5150 6534
602 852 652 927 OE
667 849 837 927 sturnus
859 850 1131 930 uuuofflmntm
1153 852 1202 928 ut
1226 849 1493 928 JhOOBlThRUhl
1516 851 1711 930 LITURGIIS.
1771 851 1854 925 XXI

485 1039 662 1112 Ecclesiae
688 1039 838 1110 retinent.
865 1037 961 1110 Unde
988 1042 1101 1110 mirari
1129 1035 1217 1112 subit
1241 1048 1291 1110 tot
1317 1038 1464 1110 eruditos
1491 1038 1738 1127 Protestantes,
1765 1042 1854 1111 inani

486 1143 543 1214 illo
571 1150 788 1233 argumento,
822 1135 911 1235 quod
937 1142 1037 1238 Syri,
1069 1144 1251 1237 Aegyptii,
1281 1142 1438 1229 Armeni,
1472 1140 1678 1236 Aethiopes,
1711 1142 1854 1231 Moschi,

486 1245 627 1330 Graeci,
664 1266 725 1315 sua
760 1248 899 1339 quisque
932 1245 1045 1336 lingua
1078 1267 1176 1317 sacra
1211 1243 1398 1333 celebrent,
1434 1265 1629 1338 oppugnare
1661 1243 1855 1317 hodiernam

484 1346 661 1420 Ecclesiae
695 1345 887 1419 Catholicae
923 1346 1142 1443 discipinam,
1184 1370 1256 1419 cum
1292 1369 1407 1418 omnes
1439 1346 1512 1418 illas
1544 1346 1675 1440 linguas
1709 1348 1799 1443 plebi
1834 1371 1854 1419 a

485 1451 593 1523 multis
620 1447 762 1523 saeculis
788 1453 921 1541 ignotas
949 1473 1027 1523 esse
1054 1449 1263 1545 exploratum
1290 1455 1342 1522 sit.
1396 1449 1433 1522 Si
1461 1453 1534 1543 quis
1561 1473 1606 1521 ex
1636 1455 1758 1522 nostris
1785 1449 1854 1522 ho-

485 1552 626 1625 minibus
667 1552 904 1647 responderet,
943 1553 1097 1625 Latinam
1132 1575 1264 1647 quoque
1297 1551 1485 1623 Ecclesiam
1518 1551 1636 1624 Latine
1670 1554 1854 1642 celebrare,

484 1657 574 1728 illum
601 1654 834 1745 exsibilarent3
861 1665 1031 1728 ettamen
1057 1655 1175 1728 eadem
1202 1666 1254 1729 est
1285 1659 1418 1727 omnino
1453 1653 1593 1726 Latinae
1625 1667 1659 1727 ει
1695 1657 1855 1728 Orienta-

485 1760 563 1832 lium
587 1757 812 1831 Ecclesiarum
838 1763 934 1832 ratio.
985 1759 1106 1831 Latina
1123 1763 1210 1830 enim
1230 1759 1342 1850 lingua
1360 1768 1431 1830 toto
1448 1779 1554 1852 prope
1575 1758 1754 1831 Occidente
1767 1782 1855 1832 ver-

486 1861 604 1934 nacula
631 1871 721 1951 erat,
747 1883 820 1932 cum
848 1859 965 1934 Canon
993 1886 1090 1957 quem
1124 1865 1271 1956 sequitur
1305 1864 1446 1955 scriptus
1482 1872 1549 1932 est:
1583 1872 1619 1932 ιιι
1645 1862 1734 1958 Syra
1770 1862 1869 1956 apud

486 1966 613 2061 Syros:
639 1974 740 2059 utque
766 1968 820 2036 isti
846 1988 920 2037 cum
946 1965 1059 2056 lingua
1085 1965 1235 2056 vulgaris
1262 1986 1341 2036 esse
1368 1962 1483 2051 desiit,
1515 1963 1604 2035 illam
1631 1975 1742 2035 tamen
1768 1969 1856 2036 reti-

486 2078 648 2157 nuerunt,
672 2089 782 2162 neque
816 2090 960 2162 unquam
986 2066 1150 2156 Arabioe,
1177 2067 1277 2139 multo
1305 2072 1412 2138 minus
1438 2068 1590 2156 Persice,
1625 2078 1681 2139 aut
1713 2068 1855 2140 Tureice

486 2170 637 2262 Liturgia
664 2168 832 2242 celebrata
859 2182 926 2260 est,
953 2176 997 2246 ita
1024 2182 1058 2242 ει
1084 2171 1169 2265 apud
1195 2170 1334 2241 Latinos
1360 2169 1493 2241 lactum.

590 2274 731 2345 XXXV.
783 2274 882 2345 Adeo
908 2296 993 2345 vero
1020 2274 1105 2345 haec
1132 2272 1304 2368 disciplina
1331 2270 1371 2343 ab
1387 2276 1476 2346 omni
1488 2276 1645 2345 novitatis
1664 2277 1853 2368 suspicione
1901 2295 2178 2352 narentanorum

486 2388 615 2448 remota
643 2387 709 2462 est,
735 2386 772 2447 ut
796 2399 863 2447 non
880 2377 980 2449 modo
996 2381 1094 2449 totius
1113 2376 1257 2447 Orientis
1272 2373 1449 2447 Christiani
1467 2398 1633 2448 consensu
1650 2386 1683 2447 et
1696 2378 1852 2472 exemplo
1884 2389 1910 2433 0²
1937 2382 2177 2437 danamarchorum

487 2479 713 2566 confirmetur,
742 2479 802 2550 sed
828 2480 1004 2551 infidelium
1030 2484 1178 2574 ipsorum
1205 2479 1459 2566 consuetudine,
1492 2502 1620 2574 usuque
1653 2480 1853 2573 quotidiano.
1884 2470 2048 2522 ⁰⁰⁰³¹¹⁰¹·¹¹‘¹⁰·

488 2581 604 2653 Judaei
632 2587 660 2654 si
689 2582 817 2677 quidem
844 2582 1032 2654 llehraicae
1065 2583 1200 2674 linguae
1231 2590 1355 2651 tantum
1392 2585 1515 2666 sciunt,
1549 2594 1702 2675 quantum
1737 2605 1854 2656 sacros

487 2684 591 2757 hbros
623 2685 768 2775 legendo
805 2686 1003 2757 didicerunt:
1036 2684 1158 2780 ubique
1193 2696 1302 2756 tamen
1336 2706 1404 2757 non
1437 2683 1532 2756 aliter
1558 2708 1655 2779 quam
1688 2685 1855 2759 Hebraico

488 2811 607 2883 preces
636 2788 791 2860 solennes
819 2811 897 2861 suas
924 2793 958 2860 iu
985 2793 1172 2885 synagogis
1199 2792 1358 2875 recitant,
1385 2792 1451 2858 imo
1477 2792 1511 2858 in
1546 2792 1685 2883 privatis
1722 2789 1855 2860 Olhciis.

487 2892 672 2963 Versioncs
699 2895 818 2985 quippe
845 2893 1046 2987 Hispanicae
1073 2913 1155 2987 quas
1187 2896 1276 2985 typis
1315 2890 1504 2979 ediderunt,
1540 2891 1582 2962 ud
1616 2891 1788 2962 mulierum
1824 2901 1857 2963 et

481 2994 663 3078 ¹idiotamm
690 2997 884 3088 imperitiam
912 2993 1168 3081 sublevandam,
1195 3016 1291 3063 usmn
1317 2998 1349 3064 in
1376 2991 1515 3087 publicis
1533 2994 1753 3066 conventibus
1776 2995 1856 3066 nul-

489 3096 555 3168 lum
579 3095 710 3187 hubent,
736 3120 800 3169 nec
827 3097 950 3170 inillis
978 3120 1062 3192 quae
1090 3097 1177 3167 domi
1203 3096 1293 3182 fiunt,
1321 3100 1548 3170 caeremoniis.
1601 3098 1649 3168 lta
1676 3097 1856 3168 lluhame-

490 3200 566 3270 dani
591 3211 725 3294 praeter
758 3222 819 3272 eos
855 3199 941 3295 apud
975 3222 1059 3293 quos
1094 3197 1241 3270 Arabica
1275 3197 1387 3289 lingua
1423 3198 1573 3290 vulgaris
1607 3208 1674 3276 est,
1697 3197 1856 3271 ‘Arabiae

488 3306 659 3389 nesciunt3
686 3313 722 3372 ut
748 3303 897 3393 Turcae,
925 3303 1070 3391 Persae,
1098 3302 1248 3390 Tartari,
1275 3312 1309 3371 et
1337 3299 1401 3372 alii.
1456 3301 1579 3374 Omnes
1608 3312 1716 3372 tamen
1742 3301 1855 3374 Alco·

488 3426 602 3476 ranum
630 3403 777 3476 Arabiae
803 3407 934 3497 legunt,
963 3417 996 3477 et
1022 3427 1142 3500 preces
1170 3427 1248 3478 suas
1274 3404 1425 3500 publicas
1461 3414 1495 3474 ct
1519 3409 1668 3498 privatas
1704 3409 1856 3493 recitant,

490 3507 550 3579 sed
577 3506 619 3580 de
647 3530 689 3578 ea
711 3501 889 3604 'disciplina
917 3508 1058 3579 diximus
1086 3507 1172 3578 alibi.
1204 3511 1206 3516 '

565 3611 748 3682 XXXVI.
802 3613 925 3683 Omnes
953 3612 1120 3701 Liturgias
1148 3631 1230 3704 quas
1256 3608 1395 3682 blissale
1422 3608 1857 3705 Chaldaicumrepraesen-
1891 3637 2177 3707 reputemus.

489 3721 553 3801 tat,
580 3711 665 3784 haec
693 3712 861 3786 Collectio.
885 3715 1132 3808 complectitur,
1158 3723 1293 3808 praeter
1319 3735 1417 3785 unam
1445 3736 1530 3805 quae
1557 3712 1677 3784 Joanni
1703 3715 1856 3786 Patriar-

490 3815 572 3885 chae
599 3828 823 3906 cognomento
851 3817 1115 3902 Buracoccbon,
1144 3824 1218 3905 aut,
1245 3826 1281 3887 ut
1307 3816 1362 3886 alii
1388 3815 1546 3905 scribunt,
1573 3817 1764 3904 Borsnaoo,
1792 3820 1857 3888 tvi·

487 3916 606 3990 buitur.
659 3917 752 3990 Illam
778 3924 930 3992 omittere
964 3924 1073 3992 visum
1100 3918 1179 4007 luit,
1207 3918 1295 4013 quod
1321 3922 1354 3989 in
1382 3918 1489 3990 multis
1516 3922 1723 4014 optimaeque
1756 3930 1856 3993 notae

491 4019 670 4093 (lodicibus
696 4044 764 4094 nou
791 4028 970 4119 reperitur:
998 4047 1045 4094 ex
1070 4022 1215 4093 editione
1241 4044 1327 4094 vero
1354 4022 1523 4111 Romana,
1551 4026 1583 4093 in
1610 4045 1674 4115 qua
1702 4028 1856 4119 interpo-

489 4123 556 4195 lata
592 4134 664 4213 est,
704 4127 777 4216 ejus
809 4129 999 4198 versionem
1034 4125 1133 4214 dare,
1165 4125 1277 4196 inutile
1310 4147 1448 4221 prorsus
1482 4133 1564 4195 erat.
1617 4126 1706 4197 Illius
1746 4138 1856 4198 tamen

493 4229 585 4320 quasi
612 4230 696 4298 inter
730 4228 901 4301 lacebitas
940 4238 1042 4300 notae
1084 4231 1301 4298 meminerunt
1337 4226 1473 4300 Gabriel
1506 4228 1653 4315 Sionita,
1686 4228 1854 4301 Abraham
1886 4240 1967 4320 ,Ep
1992 4241 2027 4289 ad
2052 4240 2179 4292 nuum

490 4328 717 4420 EchelleusiS,
745 4340 779 4400 et
803 4333 946 4403 Faustus
973 4331 1148 4403 Naironus.
1202 4330 1328 4401 Verum
1354 4354 1421 4402 non
1447 4335 1527 4401 tanti
1555 4342 1629 4401 sunt
1644 4330 1708 4402 hoc
1727 4335 1759 4402 in
1786 4308 2093 4448 ge-sssssspp⁶‡·{}f‘d
2117 4311 2178 4361 '‘⁸'‘

489 4454 572 4504 nere
607 4432 735 4503 illorum
771 4438 977 4523 testimonia,
1013 4444 1049 4504 ut
1074 4456 1148 4505 cum
1176 4434 1240 4504 alia
1271 4433 1440 4522 deliciunt,
1475 4433 1626 4504 standum
1661 4434 1724 4506 illis
1758 4439 1856 4528 quis-

492 4559 588 4629 quam
616 4539 793 4608 existimet.
846 4536 1032 4610 Jacobitam
1058 4536 1145 4606 illum
1173 4535 1276 4608 luisse
1292 4536 1459 4608 Naironus
1476 4536 1596 4632 probat
1618 4561 1664 4608 ex
1680 4537 1857 4610 Catechesi

491 4638 633 4732 (quadam
660 4638 905 4727 Jacobitarum,
933 4664 1029 4735 quem
1056 4638 1173 4710 librum
1206 4639 1295 4710 nulla
1327 4649 1461 4734 praeter
1495 4663 1591 4733 quarn
1619 4641 1857 4712 Maronitarum

490 4740 696 4814 Bibliotheca
721 4753 971 4837 repraesentat,
1006 4753 1039 4813 ει
1064 4744 1158 4833 cujus
1190 4742 1273 4814 fides
1308 4742 1412 4814 valde·
1442 4752 1596 4838 suspecta
1632 4754 1692 4814 est.
1744 4744 1782 4814 ln
1815 4766 1856 4813 ea

490 4842 612 4935 legitur
637 4844 801 4917 loannem
826 4846 914 4917 illum
947 4847 1051 4918 luisse
1083 4844 1327 4918 Antiochenum
1360 4868 1441 4918 suae
1475 4856 1589 4918 sectae
1623 4845 1856 4933 Patriarcham,

491 4950 585 5038 cujus
614 4957 782 5041 tempore,
815 4949 994 5021 concordia
1028 4972 1113 5042 quae
1145 4949 1208 5019 huc
1244 4971 1350 5043 usque
1376 4952 1462 5019 inter
1496 4950 1604 5043 Syros
1639 4958 1672 5019 et
1707 4949 1857 5042 Coptitas

1909 3774 1947 3826 Dc
1965 3774 2079 3845 Liturgia
2096 3775 2179 3829 Joau·

1871 3862 1910 3912 nis
1927 3860 2064 3914 Earsusan.

1904 3998 1934 4049 P.
1950 3999 2009 4049 154.
2029 4010 2058 4051 et.
2077 4019 2097 4050 s.

490 5072 614 5141 magna
640 5048 770 5141 luerat,
793 5053 923 5124 turbata
949 5063 1020 5142 est,
1046 5075 1088 5123 εο
1116 5051 1203 5146 quod
1235 5055 1313 5147 pani
1339 5049 1567 5124 Eucharistico
1603 5051 1653 5123 sal
1684 5062 1718 5122 ει
1748 5052 1858 5124 oleum

491 5152 640 5224 loannes
667 5155 799 5227 misceri
826 5159 1020 5244 instituerit,
1047 5176 1187 5249 eamque
1221 5155 1491 5227 consuetudinem
1528 5156 1650 5249 scripto
1687 5156 1857 5250 apologe-

492 5257 559 5327 tico
587 5254 733 5330 stabilire
760 5268 898 5330 conatus
925 5257 1032 5328 luerit.
1084 5257 1198 5328 Verba
1226 5261 1351 5330 autoris
1375 5281 1420 5328 ex
1435 5258 1593 5354 versione
1611 5257 1750 5331 Naironi
1775 5258 1858 5331 haec

492 5367 578 5434 sunt.
631 5360 680 5431 Et
701 5365 802 5455 socio
829 5368 880 5433 cst
906 5364 1033 5432 amoris
1059 5364 1212 5432 accessio
1239 5365 1330 5433 inter
1357 5361 1512 5453 Coptiloa
1538 5366 1572 5431 et
1588 5349 1714 5454 'Syrna
1741 5385 1859 5457 nempe
