5150 6534
623 806 674 880 84
1000 802 1617 884 onsutttttottut

621 1011 688 1056 eum
718 990 897 1071 praesertim
926 1006 1030 1052 omues
1059 991 1219 1053 veritatem
1248 988 1319 1052 iidei
1349 989 1387 1052 de
1416 989 1620 1066 Eucharistia,
1649 988 1800 1053 fundatam
1828 989 1860 1051 iu
1887 987 1997 1052 verbis

620 1091 731 1154 Christi
755 1107 825 1152 esse
847 1094 1006 1164 testentur,
1030 1096 1119 1169 atque
1142 1090 1221 1152 inter
1242 1090 1318 1152 alios
1341 1091 1524 1171 praecipuus
1547 1091 1709 1173 Dionysius
1731 1088 1885 1152 Barsalibi.
1908 1087 1996 1150 illius

619 1189 713 1252 verba
736 1188 812 1251 haec
835 1196 914 1265 sunt,
936 1189 966 1249 in
990 1186 1211 1262 Commentario
1234 1189 1271 1250 ab
1295 1191 1384 1252 istum
1404 1188 1558 1271 Liturgiae
1581 1189 1689 1252 locum.
1716 1189 1775 1251 llic
1795 1191 1906 1252 recitat
1926 1187 1994 1249 So-

619 1290 730 1351 cerdoe
750 1289 955 1349 uomaboaem
977 1289 1143 1369 mysticam,
1166 1289 1286 1368 aqitque
1307 1290 1482 1350 memoriam
1503 1290 1651 1368 samifieii
1670 1290 1760 1364 illiue,
1782 1288 1863 1370 quad
1882 1304 1997 1348 auom*-

620 1388 765 1450 dotaliter
781 1385 912 1467 perfecit
933 1385 1080 1447 Dominus
1100 1394 1204 1447 noster
1225 1390 1258 1447 in
1280 1387 1457 1461 coercenda,
1486 1406 1616 1466 vespera
1645 1405 1705 1467 qua
1732 1388 1901 1448 traditurus
1925 1392 1998 1447 erut

619 1506 653 1547 ae
674 1488 771 1565 ipsum
789 1504 849 1565 pro
869 1486 967 1548 nobie.
996 1483 1160 1564 Postquam
1182 1487 1260 1546 cuim
1282 1484 1405 1547 Pascha
1426 1486 1521 1565 leqale
1531 1485 1718 1565 perfecisset,
1733 1485 1879 1565 Episcopi
1890 1481 1996 1565 allicio

618 1584 741 1663 firmatus
763 1592 817 1660 eet,
839 1585 1092 1663 ministeriumque
1112 1584 1170 1644 boe
1191 1583 1346 1663 Apostolis
1367 1587 1432 1645 mia
1453 1586 1679 1647 commendabit.
1706 1584 1867 1662 acipiens
1887 1600 1995 1662 meme

618 1685 782 1764 ponamin
803 1702 912 1745 munus
933 1702 1007 1744 suos
1028 1690 1164 1760 sauctae,
1187 1684 1369 1763 eiqnificoeit
1390 1702 1423 1744 sc
1444 1684 1542 1762 ipsum
1557 1682 1996 1763 essequtwumpstteumen

620 1787 785 1845 animatam
807 1803 847 1844 ee
869 1782 970 1843 Morio
997 1782 1123 1861 Virqine.
1171 1781 1244 1843 Oum
1266 1788 1367 1841 autem
1389 1782 1552 1859 benedixit,
1575 1783 1756 1861 siquificoeit
1776 1799 1810 1842 ae
1831 1778 1996 1842 mentm

620 1883 860 1944 maledictionem
881 1882 1132 1960 trunaqremionis
1151 1881 1322 1960 praecepti,
1344 1900 1365 1940 a
1386 1888 1490 1941 nostro
1511 1900 1628 1961 qencre.
1666 1879 1740 1942 ihm
1761 1880 1870 1942 deiende
1889 1877 1994 1957 freqil,

620 1984 653 2043 iu
674 1982 814 2063 mysterio
837 1981 1018 2060 eiqnificaeit
1037 1979 1125 2041 nobie
1144 1981 1318 2058 passionem
1348 1998 1450 2054 mmm,
1481 1980 1725 2059 municionem,
1753 1987 1783 2040 et
1811 1977 1994 2039 communen

623 2098 719 2154 urum,
742 2082 971 2158 transfixionem
991 2079 1119 2139 macco:
1143 2079 1269 2158 durique
1290 2086 1416 2139 rnartem
1437 2096 1532 2138 mmm.
1579 2078 1653 2140 Cum
1672 2079 1776 2159 sreqt'l,
1798 2078 1916 2156 είρπιω
1935 2073 1996 2153 frtri

622 2179 704 2261 quod
725 2180 856 2258 seipsum
877 2177 1045 2238 immolavit
1065 2185 1095 2238 et
1115 2178 1237 2238 diuisit:
1259 2178 1396 2256 quodque
1417 2177 1457 2237 ab
1479 2176 1619 2255 collinit
1636 2184 1831 2257 peecatorum
1843 2174 1993 2237 emuna.

623 2278 664 2338 Et
685 2278 769 2338 dedit
789 2277 858 2353 illie,
881 2295 941 2356 qua
963 2277 1083 2337 roboae
1104 2277 1285 2355 siqnificoeit
1307 2275 1345 2335 ab
1368 2294 1404 2336 eo
1425 2275 1500 2336 illud
1521 2277 1632 2337 meum
1653 2294 1728 2339 ease.
1758 2275 1828 2336 Tam
1839 2273 1996 2358 Sacerdos

623 2381 671 2437 ter
693 2393 782 2436 cruce
804 2374 936 2438 oblatam
957 2377 1066 2454 aquai,
1090 2394 1157 2435 cum
1179 2375 1261 2449 dicit,
1287 2374 1403 2435 Gratias
1426 2375 1499 2456 egit,
1522 2376 1603 2455 qaod
1624 2376 1714 2436 etiam
1732 2374 1812 2454 facit
1828 2372 1938 2435 deinde
1953 2372 1997 2434 ad

624 2475 759 2545 calicem,
782 2472 912 2552 dicitque
934 2474 1029 2534 cerba
1051 2475 1211 2553 ipsaqnoe
1225 2474 1306 2533 dieii
1319 2472 1581 2534 Domahuauoeter
1593 2475 1624 2533 in
1639 2474 1813 2548 coenaculo,
1834 2491 1902 2533 crura
1923 2471 1999 2532 illud

623 2571 972 2655 mysteriumpufieeret,
994 2578 1142 2633 munuum
1161 2570 1270 2650 faciat,
1292 2572 1373 2632 illum
1392 2573 1488 2652 ipsam
1511 2571 1699 2648 (Christum)
1721 2590 1797 2645 esse,
1820 2572 1873 2651 qui
1890 2569 1997 2651 itaqu
2086 2613 2091 2620 -

623 2688 703 2730 nuuc
724 2670 755 2730 in
777 2670 871 2730 altori
888 2672 1023 2750 positas,
1046 2672 1218 2750 sanctificat
1233 2689 1293 2750 per
1319 2672 1499 2733 commutem
1520 2671 1624 2733 Patris
1645 2675 1707 2747 sui,
1735 2679 1765 2733 el
1792 2672 1997 2749 mendaeem

582 2779 589 2797 ·
624 2768 755 2847 Spiritus
776 2768 1177 2847 sanabrpmstrcerdotem
1198 2771 1250 2849 qui
1271 2770 1523 2848 cenaculorum,
1545 2778 1575 2831 et
1595 2771 1691 2831 cerba
1710 2771 1901 2849 pranruaciat
1932 2767 1997 2831 Nec

321 3362 441 3416 Deiectus
452 3380 483 3416 ex
492 3364 612 3416 libraria-

305 3465 360 3500 rrum
371 3449 528 3519 negligentia
540 3460 586 3502 est.

360 4564 389 4616 lu
407 4564 555 4633 quibusdam
576 4574 618 4618 tn·

311 4734 392 4788 verba
414 4752 447 4790 ex
465 4746 536 4790 certa
554 4756 618 4805 pro-

309 4822 401 4888 posito.

625 2868 703 2926 enim
717 2868 769 2946 qui
781 2868 940 2942 minisbot,
963 2869 1018 2928 sed
1038 2870 1090 2947 qui
1111 2869 1279 2943 irtoocotar,
1301 2871 1367 2948 ipse
1389 2871 1507 2949 estqui
1528 2870 1706 2948 sanctificat.
1742 2869 1806 2931 Hoc
1822 2868 1996 2930 testimonio

625 2966 792 3025 certissime
806 2964 1039 3041 demonstratur,
1062 2965 1258 3028 Barsalibium
1281 2967 1320 3028 de
1335 2969 1515 3030 necessitate
1530 2967 1692 3029 verborum
1708 2967 1818 3030 Christi
1834 2983 1895 3029 non
1908 2964 1997 3028 aliter

625 3063 775 3140 sensisse,
800 3081 888 3143 quam
917 3063 992 3126 alios
1023 3083 1125 3127 ornnes
1149 3065 1341 3149 Theologos,
1371 3074 1460 3147 atque
1488 3065 1564 3127 adeo
1591 3067 1690 3146 ipsura
1723 3064 1827 3127 eadem
1855 3072 1996 3145 tanquam

624 3162 738 3224 inutilia
761 3164 790 3223 in
819 3161 954 3245 Liturgia
984 3181 1038 3226 sua
1068 3166 1293 3245 suppressisse,
1324 3180 1411 3225 uerno
1428 3163 1529 3227 ¹facile
1559 3165 1749 3229 existimabit.
1793 3163 1866 3245 Ejus
1895 3170 1996 3226 tamen

625 3279 736 3324 nomen
759 3261 894 3342 praefert
916 3281 974 3324 una
998 3282 1037 3324 ex
1059 3264 1246 3344 interpolatis
1269 3263 1328 3326 ittts
1350 3264 1503 3347 Liturgiis.

712 3362 756 3424 lta
779 3363 871 3443 igitur
893 3362 1082 3424 statuendum
1103 3363 1233 3441 videtur,
1257 3361 1407 3425 detectum
1430 3365 1481 3444 qui
1496 3366 1525 3424 iu
1540 3363 1598 3425 tttis
1613 3363 1795 3426 observatur
1805 3361 1997 3422 librariorum

626 3462 726 3540 potins
757 3463 846 3538 vitio,
884 3478 971 3540 quam
1005 3480 1061 3541 per
1091 3462 1176 3523 aliam
1205 3480 1324 3524 causam
1354 3465 1526 3542 irrepsisse.
1571 3463 1645 3526 Sunt
1667 3463 1744 3525 enirn
1768 3461 1890 3523 codices
1913 3459 1998 3523 multi

627 3560 677 3639 qui
701 3558 844 3620 formulas
867 3559 1081 3639 compendiose
1109 3562 1300 3639 contrahant,
1330 3570 1361 3624 et
1389 3580 1527 3643 magnam
1557 3562 1673 3624 illarum
1703 3570 1818 3643 partem
1848 3561 1997 3637 oritura,

627 3643 704 3739 quae
728 3656 846 3719 aliunde
868 3657 999 3739 peteuda
1026 3667 1103 3720 suut.
1149 3659 1181 3720 lu
1210 3662 1304 3740 prima
1333 3661 1441 3743 igitur,
1473 3679 1551 3741 quae
1581 3661 1662 3723 Petri
1692 3661 1814 3738 dicitur,
1845 3660 1998 3721 minimum

627 3756 806 3818 difficultatis
830 3763 890 3818 est:
913 3774 991 3835 nam,
1015 3757 1161 3837 Accipite,
1183 3761 1373 3835 manducate,
1395 3761 1505 3840 primas
1527 3760 1673 3822 formulae
1694 3777 1787 3822 voces
1809 3775 1999 3839 repraesen-

627 3865 685 3918 tat:
706 3858 871 3939 jungantur
893 3874 971 3937 quae
993 3858 1203 3937 sequisolent:
1234 3859 1301 3920 Hoc
1322 3867 1369 3920 eet
1389 3861 1467 3920 caim
1489 3878 1600 3938 corpus
1621 3879 1717 3920 merua
1738 3859 1819 3939 qma
1835 3855 1999 3937 prono&

625 3955 780 4035 frcuqitur
802 3964 832 4017 et
848 3975 908 4035 pro
930 3956 1031 4016 multia
1052 3958 1151 4032 datur,
1175 3976 1252 4038 quae
1276 3965 1443 4037 sequuntur
1465 3958 1574 4035 verba,
1602 3961 1635 4019 iu
1656 3959 1861 4020 remssaiorrem
1879 3973 2000 4036 moen-

628 4063 742 4129 tornm,
764 4054 926 4135 perlectam
951 4064 981 4117 et
1003 4056 1126 4136 reliquis
1150 4058 1334 4120 conformem
1358 4057 1535 4120 seutentiam
1558 4057 1697 4120 efficiunt.
1743 4055 1788 4119 lta
1815 4071 1936 4136 quoque
1966 4055 1999 4117 iu

630 4153 732 4215 calicis
746 4153 942 4216 benedicendi
958 4154 1084 4217 formula
1096 4157 1250 4219 observari
1273 4163 1384 4236 potest.
1409 4156 1507 4218 Locus
1530 4174 1606 4239 ergo
1629 4174 1754 4234 vacuus,
1778 4172 1845 4217 cum
1857 4155 1998 4235 sequenti

630 4253 707 4314 male
731 4254 908 4334 conjunctus
931 4253 998 4316 luit:
1022 4254 1153 4338 sortasse
1175 4265 1207 4318 ut
1230 4257 1319 4318 minio
1342 4254 1537 4333 scriberetur,
1561 4273 1729 4337 quanquam
1750 4254 1852 4317 hocin
1867 4254 1997 4317 vetustis

631 4350 853 4431 exemplaribus
871 4371 970 4415 rarum
991 4356 1045 4415 sit:
1068 4362 1119 4416 aut
1141 4356 1234 4417 verba
1258 4376 1299 4417 ex
1322 4356 1481 4438 religione,
1504 4355 1559 4418 sed
1579 4373 1640 4418 nou
1654 4354 1818 4418 secuudum
1838 4354 1997 4416 scientiam

629 4452 851 4528 praetermissa,
875 4452 1003 4515 librariis
1027 4454 1146 4516 errandi
1165 4456 1353 4517 occasionem
1376 4453 1557 4517 obtuleruut.

716 4549 749 4611 ln
772 4552 886 4613 duabus
909 4552 1011 4613 alteris
1033 4553 1101 4632 plus
1124 4554 1314 4616 obscuritatis
1342 4560 1401 4614 est:
1433 4572 1531 4634 neque
1562 4562 1661 4616 tamen
1689 4553 1747 4614 tttts
1776 4551 2000 4616 accommodari

309 4664 370 4701 rnen
388 4654 480 4704 omissa
498 4653 692 4712 videnturuau
714 4656 815 4728 potest
837 4650 978 4729 superior
1000 4651 1182 4714 observatio.
1212 4653 1286 4714 Sunt
1309 4654 1386 4714 enirn
1408 4653 1561 4735 Liturgiae
1585 4652 1697 4732 aliquot
1719 4670 1797 4733 quae
1819 4650 2000 4733 particulam

631 4767 672 4811 ex
694 4748 879 4829 Evangeliis,
904 4766 990 4827 quam
1013 4754 1168 4831 neqsticam
1194 4754 1400 4812 namatimrem
1429 4760 1518 4814 vocat
1540 4752 1704 4831 Barsalibi,
1735 4751 1873 4833 pluribus
1893 4749 2002 4814 verbis

630 4847 821 4938 amplificant,
846 4848 927 4928 quod
958 4848 987 4908 iu
1018 4847 1131 4910 duabus
1159 4850 1225 4910 istis
1253 4849 1364 4912 iactum
1386 4856 1450 4912 'est
1500 4851 1597 4913 Nihilo
1630 4853 1726 4912 minus
1757 4858 1854 4913 tamen
1885 4847 2003 4914 Christi

633 4946 859 5009 sacramentalia
882 4947 975 5009 verba
998 4946 1144 5026 referunt,
1168 4956 1218 5010 aut
1240 4949 1419 5030 supplentur
1449 4969 1465 5011 a
1489 4949 1712 5013 Sacerdotibus.
1757 4950 1803 5012 De
1825 4949 1884 5012 iltis
1906 4950 2006 5033 igilur

554 5057 557 5063 ’
634 5065 757 5127 quarum
782 5048 926 5108 autoritas
949 5046 1128 5126 reliquarum
1152 5049 1302 5110 autoritati
1325 5050 1493 5131 comparari
1516 5067 1576 5110 uon
1590 5057 1700 5129 potest,
1723 5068 1782 5113 nee
1799 5048 1899 5128 debet,
1923 5049 2007 5116 haee

634 5147 761 5208 maxime
784 5147 951 5208 verisimilis
975 5147 1148 5226 conjectura
1172 5154 1228 5224 est,
1252 5166 1318 5209 curn
1341 5149 1370 5208 in
1391 5167 1503 5210 summa
1518 5142 1687 5231 ignorantia
1710 5151 1889 5233 contingere
1912 5157 2009 5231 pasl-

636 5244 754 5306 modum
777 5244 864 5307 facile
886 5246 986 5321 suerit,
1009 5253 1041 5306 ut
1064 5263 1128 5307 earu
1151 5255 1266 5327 partem
1298 5255 1437 5327 tauquam
1460 5250 1608 5330 integram
1639 5249 1753 5311 librarii
1779 5248 2007 5331 describerent,
