5150 6534
962 859 1651 940 Jlooelenunbbut.
1912 851 1988 937 337

622 1049 677 1142 qui
703 1050 897 1146 innomine
926 1057 983 1122 tuo
1009 1047 1174 1141 remgium
1207 1052 1354 1143 quaerit,
1388 1058 1423 1121 et
1454 1046 1594 1124 salutem
1628 1059 1717 1122 tuam
1750 1060 1927 1146 expectat,
1953 1061 1989 1123 et

620 1165 796 1259 unicuique
823 1164 980 1238 auxilium
1006 1174 1040 1237 et
1065 1162 1226 1237 beneficia
1252 1163 1411 1237 concede.

724 1280 875 1353 Eieoaae
899 1303 1025 1352 nocem.
1077 1279 1121 1351 Et
1146 1282 1281 1376 suscipe
1307 1282 1450 1353 Domine
1469 1281 1562 1354 Deus
1590 1280 1784 1355 sacrificium
1812 1289 1990 1355 servorum

595 1403 751 1468 'tuorum
778 1398 811 1468 in
838 1396 974 1470 odorem
1002 1398 1193 1468 suavitatis:
1219 1395 1345 1488 largire
1361 1396 1424 1468 illis
1450 1417 1513 1490 per
1530 1397 1737 1469 clementiam
1764 1407 1870 1486 tuam,
1897 1409 1987 1471 tem-

618 1533 704 1607 pora
729 1508 830 1600 bona,
857 1522 892 1584 et
916 1512 1015 1608 plena
1040 1510 1176 1605 gaudio,
1203 1512 1392 1584 concedens
1418 1516 1648 1605 pergratiam
1681 1523 1768 1585 tuam
1794 1513 1929 1586 infirmis
1954 1523 1989 1585 et

620 1626 747 1700 afflictis
774 1631 958 1717 sanitatem,
985 1638 1020 1699 et
1045 1625 1328 1702 consolationem:
1353 1630 1387 1699 in
1413 1630 1615 1701 necessitate
1641 1633 1842 1719 constitutis,
1870 1653 1988 1704 arma÷

617 1750 727 1814 turam
752 1741 893 1815 bonam:
920 1746 1041 1816 vinctis
1068 1753 1103 1815 et
1128 1746 1268 1837 captivis
1295 1740 1499 1815 libertatem:
1524 1743 1775 1839 peccatoribus,
1810 1755 1844 1817 et
1869 1748 1988 1819 mimi-³

617 1864 697 1928 num
717 1857 796 1944 refe,
822 1861 1066 1949 remissionem,
1092 1860 1202 1954 quiea
1228 1867 1262 1930 te
1289 1868 1342 1930 est
1357 1881 1456 1930 omne
1476 1858 1598 1932 donum
1615 1857 1750 1947 bonum,
1777 1871 1811 1933 et
1829 1861 1887 1934 tibi
1903 1862 1987 1955 glo-

621 1967 707 2044 riam
732 1971 921 2064 referimus,
940 1983 1003 2047 etc.
1985 1996 1987 1999 ·

723 2087 883 2182 Populos.
935 2091 1054 2163 Amen.

723 2203 898 2278 Sacerdos
936 2204 1128 2278 inclinatus.
1165 2200 1179 2240 ⁵
1230 2207 1398 2278 Memento
1435 2207 1578 2278 Domine
1616 2228 1678 2300 per
1714 2211 1856 2299 gratiam
1899 2209 1987 2278 tuam

619 2342 707 2420 quae
734 2320 885 2394 omnibus
913 2321 1040 2411 sufficit,
1065 2320 1196 2413 Regum
1226 2324 1280 2415 qui
1307 2343 1424 2393 veram
1450 2321 1663 2414 Religionem
1689 2324 1895 2417 profitentur,
1932 2329 1988 2420 qui

619 2456 732 2508 curam
764 2447 886 2529 gerunt
915 2434 1093 2508 Ecclesiae
1134 2446 1211 2509 tuae
1245 2446 1279 2507 et
1309 2437 1588 2511 Monasteriorum
1622 2449 1752 2510 mamm
1785 2449 1986 2527 sanctorum,

609 2553 835 2646 ,victoriisque
860 2552 1018 2648 perfectis
1043 2573 1169 2623 corona
1191 2552 1280 2626 ilios.

721 2667 871 2740 Efeoaae
896 2690 1022 2740 vocem.
1074 2667 1209 2760 Adjuva
1237 2670 1336 2741 etiam
1362 2667 1437 2741 illas
1465 2671 1579 2764 quiin
1607 2670 1772 2758 maribus,
1800 2678 1857 2741 aut
1882 2669 1987 2742 labo-⁸

617 2785 717 2856 riosis
744 2785 913 2856 itineribus
941 2793 1029 2872 sunt,
1055 2785 1215 2871 Domine,
1252 2795 1286 2856 et
1319 2807 1380 2867 eas
1414 2789 1469 2879 qui
1504 2809 1524 2857 a
1550 2785 1704 2879 malignis
1731 2786 1900 2882 spiritibus
1927 2785 1988 2857 ira-i

616 2895 790 2991 festantur,
815 2898 931 2972 libera.
982 2901 1168 2973 Potentiam
1193 2901 1325 2992 Regum
1351 2899 1585 2995 Tyrannorum
1612 2908 1806 2999 comprime,
1833 2911 1868 2974 et
1894 2901 1986 2975 fibe-'

616 3016 780 3087 rationem
806 3013 988 3110 perfectam
1017 3015 1059 3087 ab
1093 3014 1245 3088 omnibus
1278 3014 1539 3111 quibuscumque
1570 3020 1709 3091 inimicis
1741 3018 1839 3090 nobis
1867 3015 1985 3105 tribue,

619 3132 696 3225 quia
722 3141 757 3202 tu
782 3130 944 3218 salvator,
972 3140 1006 3202 et
1031 3130 1193 3204 liberator
1226 3135 1371 3205 omnium
1398 3153 1455 3222 es,
1487 3143 1521 3204 et
1545 3130 1604 3203 tibi
1630 3133 1771 3228 gloriam
1798 3131 1985 3220 referimus,

618 3249 653 3317 e't
677 3248 848 3339 unigenito
875 3245 961 3318 Filio
988 3255 1056 3334 tuo,
1084 3255 1147 3319 etc.
1981 3272 1985 3282 ·

722 3360 883 3455 Populus.
935 3362 1056 3434 Amen.

720 3476 896 3548 Sacerdos
922 3476 1113 3549 inclinatae.
1155 3477 1323 3550 Memento
1351 3479 1504 3567 Domine,
1530 3477 1595 3551 boc
1620 3487 1772 3574 tempore
1797 3478 1893 3570 hujus
1920 3501 1984 3552 sar-³

619 3591 752 3683 orificii,
781 3594 925 3665 omnium
952 3602 1164 3683 sanctorum,
1199 3597 1253 3688 qui
1278 3592 1412 3665 fuerunt
1447 3617 1469 3665 a
1501 3594 1653 3667 saeculo:
1685 3598 1866 3690 praecipue
1899 3597 1985 3668 vero'

577 3727 578 3735 ¹
618 3699 751 3803 semper
776 3707 925 3801 Virginis
953 3719 1090 3781 sanctae
1116 3711 1285 3802 genitricis
1306 3710 1369 3781 Dei
1383 3710 1523 3800 Mariae,
1549 3709 1800 3806 Prophetarum,
1826 3710 1984 3806 Aposto-²

616 3818 738 3914 lorum,
763 3824 958 3919 Martyrum,
986 3823 1232 3911 Solitariorum,
1267 3836 1301 3897 et
1325 3823 1525 3919 reliquorum
1558 3828 1799 3918 Agonistarum
1823 3827 1985 3923 praecia-⁴

606 3921 727 4011 ¹rorum
753 3960 815 4035 pro
844 3961 928 4011 vera
954 3939 1142 4033 Religione.
1979 3942 1984 3955 '

719 4055 870 4126 Elccaae
902 4077 1029 4127 aecem.
1081 4055 1127 4129 Ut
1158 4078 1219 4151 per
1253 4059 1421 4129 orationes
1456 4079 1572 4129 eorum
1599 4056 1842 4153 acceptabiles,
1870 4061 1984 4132 susci-

615 4171 725 4264 piatur
750 4171 947 4243 sacrificium
972 4170 1036 4243 boc
1063 4173 1227 4243 tenuitatis
1241 4181 1389 4258 nostrae,
1410 4193 1525 4243 coram
1539 4174 1713 4263 majestate
1740 4184 1807 4262 tua,
1835 4184 1869 4245 et
1891 4174 1984 4267 digni

617 4285 794 4360 efficiamur
819 4309 895 4374 nos,
922 4297 956 4358 et
983 4289 1037 4382 qui
1064 4309 1109 4358 ex
1134 4287 1233 4360 nobis
1262 4286 1407 4359 debrncti
1433 4296 1519 4378 sunt,
1545 4290 1618 4381 pari
1640 4311 1715 4359 cum
1742 4291 1792 4362 eis
1820 4300 1924 4379 sorte,
1950 4299 1986 4360 et

617 4399 744 4474 deliciis
771 4403 964 4497 quaeipsis
991 4414 1212 4497 praeparatae
1238 4411 1333 4491 sunt,
1361 4406 1437 4497 quia
1464 4412 1499 4473 tu
1526 4414 1660 4474 sanctus
1687 4426 1744 4492 es,
1777 4413 1812 4475 et
1836 4408 1871 4476 in
1898 4426 1983 4476 sane

582 4514 586 4523 ’
615 4519 677 4590 ctis
703 4515 940 4612 beneplacens,
967 4528 1001 4589 et
1026 4518 1085 4592 tibi
1096 4518 1237 4611 gloriam
1262 4518 1452 4608 referimus,
1478 4529 1513 4590 et
1538 4520 1707 4611 unigenito
1723 4517 1808 4592 Filio
1834 4530 1904 4609 mo,
1919 4531 1982 4591 etc.

622 4644 623 4647 ’
718 4630 880 4726 Populus.
935 4634 1054 4705 Amen.
1888 4649 1890 4654 ’

593 4765 597 4766 ’
717 4746 893 4821 Sacerdos
927 4749 1119 4820 inclinatas.
1172 4750 1341 4823 Memento
1376 4749 1520 4823 Domine
1554 4754 1698 4824 omnium
1734 4752 1909 4824 Pastorum
1948 4758 1984 4822 et

613 4861 797 4936 Doctomm
830 4861 1007 4937 Ecclesiae
1042 4863 1278 4952 orthodoxae,
1313 4887 1428 4939 eorum
1456 4868 1510 4961 qui
1541 4866 1688 4939 aPetro
1716 4878 1749 4939 et
1779 4865 1882 4939 Paula
1916 4864 1981 4938 huo

613 4999 718 5072 usque
744 4979 1022 5075 praedicaverunt
1046 4979 1287 5072 Evangelicam
1313 4980 1592 5075 praedicationem
1627 4984 1661 5053 in
1692 4980 1776 5054 orbe
1806 4987 1980 5071 universo,

612 5097 792 5189 praecipue
818 5116 902 5167 vero
930 5096 965 5167 S.
992 5094 1113 5168 iacobi
1143 5088 1158 5129 ⁰
1183 5095 1338 5168 Bardaei.

718 5209 869 5280 Elcaoae
894 5232 1019 5282 aecem.
1070 5209 1196 5284 Eorum
1232 5215 1285 5307 qui
1320 5215 1353 5283 in
1388 5235 1586 5308 unaquaque
1625 5216 1843 5306 generatione
1875 5236 1981 5310 prae-

613 5322 747 5397 fuerunt
778 5324 903 5422 populo
938 5336 995 5400 tuo
1027 5326 1152 5420 fideli,
1172 5330 1293 5422 quique
1327 5329 1448 5401 lumine
1482 5328 1659 5426 praeclaro
1698 5328 1872 5413 doctrinae
1899 5352 1980 5402 suae
