5150 6534
591 799 671 875 226
899 826 904 830 ·
1098 799 1457 878 nltttttttt

592 984 681 1047 tioris
704 983 855 1046 navitam
877 981 967 1044 multa
989 982 1108 1045 aliunde
1129 982 1283 1063 praeierat
1309 984 1428 1048 indicia
1476 984 1561 1048 luter
1580 982 1632 1047 illa
1653 990 1754 1047 tamen
1774 1000 1964 1047 comemo-

593 1085 672 1146 ratio
702 1083 733 1144 in
761 1080 918 1162 Diptyclris
947 1079 1044 1159 iacta,
1083 1089 1254 1144 sanctorum
1287 1084 1339 1165 qui
1372 1092 1530 1146 consumto
1562 1081 1673 1146 dutum
1701 1100 1760 1165 per
1785 1082 1963 1166 martyrium

594 1183 712 1266 ignatio
734 1182 767 1242 in
788 1179 929 1242 Ecclesia
949 1177 1118 1243 floruerunt
1138 1184 1258 1244 conseri
1285 1200 1348 1245 non
1369 1182 1476 1246 deltet:
1506 1184 1627 1245 uomina
1655 1182 1769 1263 quippe
1794 1180 1846 1245 illa
1873 1179 1964 1262 aljis

595 1286 770 1362 potuerunt,
791 1285 825 1340 ut
846 1279 877 1339 in
899 1277 964 1340 aliia
986 1278 1176 1360 observatur,
1199 1282 1268 1361 quia
1298 1281 1375 1344 talea
1397 1281 1696 1345 commentantiones
1724 1287 1813 1343 ermt
1841 1298 1884 1342 ex
1904 1297 1963 1343 usu

594 1379 820 1442 Ecclesiastico.
865 1375 954 1449 Quod
975 1395 1050 1440 aero
1071 1378 1235 1442 Dioscorus
1263 1388 1293 1442 et
1315 1383 1449 1445 Severus
1469 1379 1643 1444 nominatim
1671 1386 1960 1443 comemorantur:

595 1479 676 1541 illam
696 1477 862 1560 liturgiam
882 1475 1030 1539 Jacobitis
1051 1480 1206 1559 propriam
1227 1478 1322 1541 inisse
1344 1479 1532 1556 maiiestum
1554 1477 1636 1541 iacit.

985 1824 1574 1881 425—-

973 2246 1575 2427 LITURGIA

773 2576 815 2695 t.
866 2578 1091 2696 ronti
1141 2578 1398 2696 taran
1450 2551 1761 2696 nonani

988 2866 1140 2946 Priamm
1168 2866 1291 2937 Oratio
1318 2870 1399 2936 cate
1424 2864 1561 2936 Pacem.
1701 2961 1703 2965 Ι

662 3061 778 3164 Dans
804 3086 905 3160 Pater
930 3090 1139 3183 omnipotens
1166 3093 1221 3185 qui
1247 3112 1285 3161 es
1313 3092 1432 3161 caritas
1458 3111 1554 3175 vera,
1581 3095 1616 3158 et
1640 3086 1782 3179 largitor
1808 3090 1952 3162 caritatis

596 3215 631 3276 et
655 3202 910 3300 tranquillitatis,
937 3226 999 3278 nos
1026 3203 1146 3296 dignos
1173 3205 1284 3294 effice,
1311 3213 1348 3276 ut
1371 3204 1517 3277 mundati
1545 3202 1587 3276 ab
1614 3204 1704 3274 omni
1729 3225 1860 3295 genere
1885 3208 1952 3276 ini·-

594 3323 725 3415 quitatis
751 3323 893 3416 peccati,
921 3318 1036 3392 tlemus
1062 3318 1159 3392 nobis
1186 3323 1330 3393 invicem
1364 3343 1483 3416 pacem
1512 3323 1546 3391 in
1580 3317 1698 3391 osculo
1729 3330 1868 3409 sancto,
1898 3324 1953 3391 in-

594 3439 687 3511 censi
713 3457 829 3508 amore
855 3445 890 3506 et
913 3439 1052 3507 caritate
1077 3439 1238 3527 unigeniti
1263 3436 1339 3508 Filii
1364 3440 1429 3525 tui,
1455 3458 1530 3507 cum
1557 3457 1622 3529 quo
1650 3444 1682 3506 te
1711 3434 1809 3507 decet
1834 3433 1952 3528 glorim

593 3550 700 3626 honor
725 3562 760 3624 et
784 3561 935 3647 potestas
961 3575 1036 3623 cum
1062 3550 1186 3647 Spiritu
1213 3563 1269 3624 tuo
1297 3562 1426 3641 sancto,
1452 3573 1539 3622 nuno
1566 3537 1768 3648 et'sempen
1795 3561 1860 3623 etc.

695 3667 857 3760 Populea.
908 3668 1028 3739 Amen.

695 3781 879 3854 Sacerdos.
931 3784 1015 3855 Pax.

694 3899 855 3993 Populus.
906 3901 1065 3991 Dignata.

697 4015 882 4087 Diaconos.
934 4014 1024 4087 Post

697 4131 857 4225 Papulas.
910 4128 1032 4203 Coram
1060 4138 1101 4201 te.

696 4245 879 4320 Sacerdos.
931 4245 975 4317 Et
1001 4266 1061 4317 eos
1088 4246 1143 4339 qui
1174 4267 1287 4317 coram
1321 4254 1354 4314 to
1386 4243 1531 4315 inclinati
1562 4253 1655 4333 sunt,
1687 4253 1851 4339 perpetuo
1886 4242 1949 4317 lto-

593 4359 689 4433 netlic
716 4373 750 4434 et
776 4383 962 4451 conserva,
988 4359 1128 4456 illosque
1154 4364 1286 4432 omnino
1315 4357 1437 4431 exhibe
1463 4358 1608 4431 cultores
1635 4362 1680 4430 tui
1705 4358 1894 4454 periectos,
1918 4368 1950 4431 et

594 4480 718 4550 erroris
746 4480 922 4566 immunes,
949 4477 1110 4571 simulque
1142 4478 1301 4567 unigeniti
1326 4473 1402 4546 Filii
1431 4479 1497 4561 tui,
1528 4484 1563 4546 et
1587 4474 1728 4569 Spiritus
1759 4478 1806 4547 tni
1839 4475 1949 4570 sancti

696 4593 858 4687 Populos.
909 4594 1027 4666 Amen.

695 4708 878 4781 Sacerdos.
931 4710 1097 4805 Perpetuo
1128 4713 1229 4801 igitur
1270 4706 1394 4782 robora
1433 4706 1649 4777 infirmitatem
1687 4714 1836 4779 nostram
1876 4707 1949 4779 Do-

594 4828 692 4917 mine,
718 4836 754 4898 et
779 4825 821 4897 tia
847 4824 945 4897 nobis
972 4834 1006 4896 ut
1033 4837 1147 4897 sancte
1173 4836 1207 4896 et
1232 4824 1332 4896 valde
1358 4844 1457 4917 pure,
1490 4822 1665 4894 alienamus
1699 4821 1758 4894 tibi
1790 4806 1949 4895 sacrificia

595 4941 775 5036 spiritualia
802 4952 836 5012 et
861 4940 1045 5028 rationalia,
1071 4951 1230 5032 rogantes
1256 4942 1389 5011 veniam
1417 4937 1629 5024 delictorum,
1666 4947 1700 5008 et
1725 4941 1950 5012 remissionem

467 5128 473 5136 ,
594 5064 808 5151 peccatorum
832 5055 930 5129 nobis
957 5064 990 5125 et
1016 5053 1166 5128 omnibus
1193 5054 1356 5127 defunctis
1381 5052 1543 5144 fidelihus,
1571 5057 1647 5148 quia
1668 5053 1708 5126 iu
1726 5055 1820 5128 Deus
1846 5058 1950 5128 miae

594 5176 699 5246 ricors
727 5194 777 5262 es,
803 5170 988 5265 volensque
1014 5170 1273 5243 misericordiam
1299 5169 1422 5264 tibique
1442 5168 1584 5261 gloriam
1603 5179 1638 5241 et
1651 5172 1832 5261 gratiarum
1846 5173 1950 5243 mtio·

593 5310 669 5359 nem
695 5287 872 5375 offerimus,
900 5296 935 5359 et
958 5289 1127 5379 unigenito
1153 5285 1238 5357 Filio
1266 5294 1333 5372 tua,
1352 5297 1425 5363 ,etc
