5150 6534
666 870 1648 970 IGNATlleTRleGHbE‚ac.
1782 877 1857 950 517

487 1064 520 1128 et
545 1060 777 1130 remissionem
804 1068 1020 1154 peccatorum
1047 1082 1134 1153 quae
1160 1039 1303 1155 propter
1330 1083 1404 1132 eum
1432 1069 1500 1151 est,
1535 1073 1601 1134 tam
1635 1062 1733 1134 nobis
1761 1087 1858 1159 quarn

485 1173 577 1267 ipsis.

590 1290 751 1382 Papulas.
806 1291 959 1375 Quietem
986 1299 1131 1384 praesta.

589 1404 774 1477 Sacerdos.
827 1407 972 1477 Peccata
1001 1417 1035 1477 ct
1060 1407 1207 1477 maculas
1234 1407 1393 1493 Domine,
1430 1429 1515 1499 quae
1548 1428 1611 1478 nos
1644 1416 1677 1477 et
1703 1409 1767 1502 ipsi
1795 1431 1858 1479 sc-

486 1519 629 1592 cundum
655 1521 911 1593 imbecillitatem
939 1531 1077 1593 naturae
1102 1532 1239 1593 nostrae
1266 1523 1414 1593 infirmae
1433 1544 1624 1616 pronaeque
1645 1521 1686 1592 ad
1710 1527 1858 1611 crimina,

484 1634 583 1706 nobis
617 1639 698 1732 ipsis
733 1640 980 1724 contraximus,
1020 1638 1209 1708 voluntarie
1249 1649 1304 1708 aut
1340 1636 1580 1721 involuntarie,
1621 1644 1764 1712 scienter
1800 1642 1857 1711 vel

483 1753 696 1844 ignoranter,
731 1775 834 1847 parce
869 1764 902 1823 et
936 1753 1074 1840 dimitte,
1111 1765 1266 1847 tanquam
1301 1755 1394 1824 Deus
1427 1752 1626 1844 longanimis
1662 1766 1695 1826 et
1733 1757 1856 1828 multae

483 1863 659 1955 bonitatis,
696 1878 730 1938 et
763 1869 1026 1962 quandoquidem
1063 1892 1163 1940 carne
1190 1868 1252 1940 hac
1278 1868 1389 1939 humili
1416 1868 1560 1962 impediti
1588 1893 1721 1962 sumus,
1758 1883 1791 1943 et
1824 1876 1857 1942 in

484 1981 605 2054 mundo
632 2005 722 2054 vano
751 1988 950 2056 existentiae
986 1995 1019 2054 et
1050 1989 1273 2080 corruptionis
1307 2006 1503 2071 versamur,
1541 1983 1635 2055 aulen·
1669 1996 1702 2057 et
1734 2010 1857 2059 amove

484 2120 505 2168 a
532 2101 657 2170 semitis
685 2103 807 2169 nostris
836 2123 951 2171 ornnes
979 2101 1136 2194 laqueos,
1170 2110 1203 2171 et
1236 2099 1405 2194 decipulas
1434 2098 1556 2170 diaboli
1582 2104 1703 2171 inimici
1739 2107 1855 2190 nostri,

484 2221 518 2282 et
545 2235 661 2284 omnes
690 2213 911 2286 adversitates
939 2215 1057 2309 quibus
1085 2214 1242 2307 allligitur
1268 2227 1408 2308 utraque
1439 2217 1508 2285 vita
1535 2226 1650 2287 nostra
1677 2228 1743 2288 tam
1771 2240 1856 2288 cor-

482 2330 576 2422 poris
604 2351 699 2423 quam
726 2333 866 2422 animae,
894 2332 989 2401 aulen
1016 2356 1035 2400 a
1063 2331 1175 2402 nobis:
1203 2340 1236 2400 et
1263 2334 1348 2401 sient
1375 2338 1528 2401 statutum
1558 2341 1621 2418 est,
1648 2332 1703 2404 ubi
1724 2333 1855 2429 expulsi

484 2436 537 2513 ad'
553 2446 643 2514 viam
670 2446 860 2535 generalem
889 2444 1118 2536 transibimus3
1147 2446 1296 2518 concede
1323 2446 1420 2517 nohis
1447 2445 1545 2515 linem
1574 2444 1795 2519 Christianum
1822 2458 1856 2520 et

483 2557 611 2652 absque
637 2564 784 2655 peccatis
811 2561 969 2649 Domine,
997 2563 1147 2656 quando,
1175 2561 1230 2633 uhi
1259 2572 1292 2632 et
1320 2559 1486 2655 quomodo
1515 2559 1572 2631 tibi
1598 2561 1753 2656 placitum
1782 2567 1853 2634 erit.

483 2672 724 2748 Tantummodo
762 2675 887 2748 liberos
926 2678 1017 2750 effice
1056 2701 1118 2748 nos
1153 2691 1186 2750 et
1219 2678 1392 2749 defunctos
1434 2686 1568 2747 nostros
1604 2699 1623 2746 a
1656 2678 1853 2753 confusione

483 2811 596 2861 coram
624 2791 709 2864 solio
738 2803 793 2863 tuo
822 2793 959 2864 terribili
987 2794 1210 2883 clamando,
1247 2817 1357 2887 neque
1393 2796 1506 2887 prives
1533 2791 1604 2863 nos
1623 2794 1766 2866 Domine
1793 2799 1853 2868 vi-

483 2907 578 2978 sione
605 2916 659 2977 tua
686 2907 817 2998 divina,
850 2931 936 3002 quae
970 2919 1022 2979 est
1048 2932 1188 3000 regnum
1222 2912 1423 3003 promissum
1457 2905 1608 2980 omnibus
1643 2916 1785 2984 sanctis:
1820 2922 1855 2983 ut

481 3023 517 3092 in
541 3019 606 3093 boc
634 3027 718 3094 sicut
744 3027 777 3094 in
805 3022 956 3095 omnibus
984 3023 1205 3115 glorificetur⁷
1233 3036 1295 3096 etc.

586 3137 746 3231 Populos.
800 3137 859 3225 Ut,
888 3151 950 3211 etc.

585 3249 770 3323 Sacerdos.
824 3255 908 3325 Pax.

585 3367 746 3460 Populus.
800 3369 843 3441 Et
871 3392 944 3440 curn
972 3373 1087 3464 spiritu
1116 3379 1181 3440 tuo.

584 3480 767 3555 Sacerdos.
821 3485 1074 3556 Misericordiae
1101 3485 1165 3555 Dei
1194 3488 1266 3555 sint.

543 3681 546 3687 ¹
584 3598 763 3670 Diaconos
793 3600 877 3670 dicit
905 3600 1123 3670 Calbolicarn.

719 3958 893 4029 Sacerdos
921 3960 1005 4029 dicit
1034 3959 1230 4028 Orationem
1256 3966 1336 4027 ante
1363 3960 1463 4029 Pater
1490 3970 1617 4030 noster.

582 4163 658 4236 Tibi
690 4168 776 4235 enirn
812 4166 920 4251 Deus,
957 4165 1007 4236 sol
1041 4187 1162 4255 magne
1195 4186 1305 4233 rerum
1339 4160 1620 4252 intellectualium
1653 4175 1687 4235 et
1719 4168 1851 4256 genitor

480 4278 645 4374 splendidi
672 4280 753 4352 solis
777 4284 935 4372 justitiae,
963 4280 1125 4352 debentur
1152 4300 1267 4351 omnes
1290 4278 1515 4362 adorationes
1545 4289 1578 4349 ct
1598 4279 1850 4352 benedictiones

478 4392 673 4467 coelestium
701 4406 734 4466 et
760 4401 983 4466 terrestrium:
1011 4400 1104 4487 cnjus
1132 4393 1371 4465 beneficentiae
1399 4392 1530 4465 sublimi
1556 4399 1663 4466 visum
1690 4417 1758 4465 non
1786 4405 1850 4482 est,

476 4519 513 4580 ut
538 4514 681 4603 exiguus
710 4511 820 4581 radius
849 4534 1006 4583 emanans
1034 4512 1202 4583 alumine
1230 4520 1285 4580 tuo
1323 4520 1461 4580 aeterno
1497 4509 1753 4597 obscuraretur,
1789 4532 1851 4604 per

477 4621 651 4696 audaciam
677 4626 847 4698 tenebrosi
874 4626 959 4698 illius
987 4625 1141 4715 rebellis,
1169 4629 1352 4717 misistique
1379 4625 1527 4697 Verbum
1554 4629 1757 4718 unigenitum
1783 4624 1849 4696 Fi-

474 4734 553 4810 lium
581 4748 689 4832 mum,
724 4741 1002 4838 splendoremque
1037 4743 1220 4833 gloriosum
1248 4739 1452 4812 substantiae
1480 4752 1571 4830 tuae,
1606 4746 1639 4812 in
1666 4741 1731 4811 line
1758 4751 1848 4811 tem-

475 4875 594 4951 porum
622 4855 663 4925 ad
692 4857 848 4927 auxilium
875 4857 1020 4948 ligmenti
1047 4861 1116 4928 tui:
1153 4861 1207 4950 qui
1239 4860 1271 4927 in
1307 4879 1408 4928 carne
1440 4869 1555 4929 nostra
1587 4858 1726 4929 bumana
1753 4861 1848 4927 visus

477 4978 540 5059 est,
568 4979 602 5041 et
628 4992 729 5066 super
755 4982 876 5043 terram
906 4973 1086 5044 secundum
1113 4972 1394 5069 dispensationem
1416 4984 1638 5046 conversatus
1659 4972 1848 5045 estnobis-

478 5107 570 5175 cum,
599 5084 729 5158 domurn
758 5099 846 5158 tuam
874 5088 1025 5159 mundam
1068 5088 1178 5159 adiis
1211 5087 1390 5160 obscoenis
1424 5091 1598 5182 purgavit,
1637 5096 1737 5181 atque
1771 5087 1849 5157 col-

476 5197 577 5294 legit:
604 5205 849 5298 imaginemque
876 5216 962 5275 tuam
990 5208 1118 5294 regiam
1146 5201 1313 5276 defossam
1342 5203 1403 5274 snb
1431 5207 1621 5297 passionum
1648 5202 1738 5290 fimo,
1765 5205 1850 5273 eruit

476 5319 677 5407 elimarit,
712 5329 745 5391 et
777 5329 905 5392 mentes
939 5317 1104 5390 coelestes
1139 5321 1312 5414 proximas
1339 5323 1472 5412 antiquo
1508 5318 1635 5405 lumini,
1670 5319 1847 5414 participes

1549 5435 1629 5509 68*
