5150 6534
871 861 928 935 ab
960 858 1178 936 NESTOllll
1208 858 1472 936 hirundinis.
1784 860 1860 934 633

492 1040 660 1103 simileest:
682 1041 749 1103 sive
762 1060 829 1105 eum
845 1061 934 1123 quem
949 1044 1037 1124 primi
1060 1043 1139 1107 illius
1161 1051 1265 1106 sectae
1279 1043 1450 1119 Antistites,
1473 1049 1631 1123 postquam
1654 1045 1861 1108 secessionem

493 1141 530 1202 ab
561 1139 699 1201 Ecclesia
726 1139 880 1218 fecerunt,
910 1145 973 1205 suis
1003 1141 1183 1224 sequacibus
1212 1143 1444 1219 ordinavemrnt,
1474 1141 1555 1221 quod
1585 1136 1755 1225 longius'a
1784 1162 1861 1208 vero

492 1238 602 1301 abesse
625 1238 754 1304 videtur.
797 1240 873 1303 Nam
895 1242 1072 1306 Haereticos
1097 1250 1230 1305 veterum
1253 1240 1456 1317 saeculorum,
1478 1241 1506 1302 si
1527 1259 1582 1304 eos
1606 1244 1788 1323 excipimus,
1810 1235 1864 1325 qui

493 1337 652 1400 Christiani
675 1340 733 1402 dici
756 1341 808 1402 rix
831 1348 975 1422 possunt,
1003 1341 1137 1404 ridemus
1168 1341 1345 1422 disciplinae
1373 1339 1547 1402 adhaesisse
1568 1359 1630 1403 non
1651 1343 1748 1404 minus
1772 1359 1860 1422 quam

493 1436 705 1515 Ortbodoxos,
735 1441 822 1499 etiarn
852 1458 918 1502 cum
946 1440 983 1501 ab
1006 1439 1142 1503 Ecclesia
1164 1441 1362 1515 recederent,
1390 1438 1501 1501 inillis
1524 1457 1601 1518 quae
1624 1439 1712 1503 fidem
1734 1449 1861 1523 specta-

491 1536 577 1599 bant:
597 1537 746 1617 jactantes
768 1539 885 1600 interea
907 1539 1045 1602 traditam
1067 1558 1084 1601 a
1106 1540 1267 1619 majoribus
1291 1557 1325 1600 se
1347 1537 1425 1600 illam
1447 1555 1590 1600 seruare:
1614 1556 1680 1600 curn
1703 1538 1860 1602 Orthodo-

492 1653 550 1697 xos
580 1638 719 1699 nouitatis
754 1647 941 1701 accusarent.
993 1638 1098 1719 ltaque
1130 1639 1319 1717 Nestorium,
1351 1640 1417 1699 sive
1450 1639 1562 1718 primos
1595 1639 1660 1719 ejus
1695 1638 1857 1720 discipulos

492 1753 601 1798 novam
630 1754 785 1798 sacrorum
814 1735 939 1801 sormam
970 1739 1132 1801 instituisse
1161 1757 1221 1801 non
1249 1747 1298 1800 est
1326 1738 1505 1800 verisimile:
1535 1738 1589 1800 sed
1612 1757 1670 1802 uec
1690 1741 1757 1820 ipse
1779 1739 1858 1801 illius

492 1834 647 1918 Liturgiae
669 1844 757 1899 autor
778 1837 912 1915 videtur,
944 1837 1014 1900 licet
1044 1856 1153 1900 nomeu
1176 1839 1248 1919 'ejus
1275 1836 1447 1919 praeierat,
1476 1843 1528 1898 aut
1555 1837 1595 1898 ita
1625 1838 1860 1902 existimaverint

444 1926 448 1933 ’
492 1937 658 2014 scriptores
681 1935 793 2017 aliquot
817 1936 998 2015 Nestorium,
1022 1954 1149 2017 quorum
1172 1937 1201 1998 iu
1224 1935 1316 1999 rebus
1339 1936 1416 1998 adeo
1439 1943 1572 1999 remotae
1596 1938 1776 2018 antiquitatis
1800 1957 1860 2001 au-

442 2106 444 2113 ,
493 2036 598 2096 toritas
627 2035 708 2098 nulla
737 2045 792 2099 est.
836 2035 965 2116 Antiqua
997 2044 1096 2098 tamen
1124 2043 1187 2113 est,
1217 2043 1247 2097 et
1270 2054 1308 2098 eo
1332 2035 1459 2097 maxime
1481 2035 1601 2096 nomine
1625 2036 1859 2100 commendanda

493 2133 573 2213 quod
604 2133 633 2194 in
663 2154 698 2197 ea
728 2134 873 2216 quaedam
902 2143 1004 2196 extant
1033 2134 1144 2197 veteris
1168 2133 1514 2215 Constantinopolitanae
1537 2135 1691 2217 liturgiae
1718 2137 1858 2218 vestigia,

492 2239 524 2293 ut
547 2252 602 2295 suo
626 2232 694 2294 loco
717 2232 894 2296 notabimus.

817 2562 851 2632 2.
887 2560 928 2632 In
954 2562 1073 2655 bipalio
1098 2561 1287 2633 Ductorem
1315 2563 1535 2634 Graecorum.

432 2839 437 2860 ἱ
593 2756 717 2834 Fasruu
748 2766 823 2828 diem
857 2772 950 2846 agunt
980 2765 1168 2835 Nestorium,
1199 2765 1273 2828 seria
1302 2775 1390 2829 sexta
1420 2766 1613 2830 hebdomadis
1645 2770 1766 2848 quintae
1789 2778 1860 2850 post

492 2871 697 2952 Epiphaniam,
721 2870 1012 2931 commemorationis
1036 2869 1198 2931 Doctorum
1223 2870 1419 2948 Graecorum,
1442 2871 1492 2949 qui
1514 2877 1583 2932 sunt
1605 2870 1758 2934 Diodorus
1781 2873 1860 2935 Tar-

492 2973 600 3046 sensis,
625 2969 802 3032 'lheodorus
825 2969 1069 3050 llopsuestenus,
1092 2976 1122 3030 et
1135 2968 1361 3048 Nestorius-ut
1384 2970 1524 3032 discimus
1548 2958 1588 3032 ex
1610 2970 1720 3052 insigni
1735 2972 1859 3036 Lectio-

493 3072 576 3132 nario
600 3071 734 3142 Persico,
757 3067 795 3129 ad
817 3087 903 3129 usum
916 3068 1150 3131 Christianorum
1163 3068 1306 3148 Persidis,
1329 3069 1379 3149 qui
1402 3087 1498 3149 prope
1522 3087 1625 3131 omnes
1639 3070 1858 3133 iuNestoriaua

491 3169 610 3231 haeresi
638 3177 706 3231 sunt
736 3187 753 3229 a
783 3167 880 3229 multis
911 3167 1048 3231 saeculis.
1092 3167 1206 3248 Nempe
1235 3168 1401 3230 doctrinam
1429 3168 1548 3230 illorum
1578 3168 1616 3229 de
1643 3168 1858 3233 lucarnationis

491 3269 652 3348 mysterio,
682 3276 820 3347 tanquam
843 3267 1004 3348 antiquitus
1026 3275 1195 3347 receptam,
1224 3274 1331 3330 tenere
1353 3287 1388 3330 se
1410 3269 1597 3349 profitentur.
1642 3269 1715 3330 Eam
1738 3287 1858 3350 quoque

493 3386 510 3428 a
534 3366 649 3428 duobus
679 3366 781 3447 primis
804 3365 975 3428 Nestorium
999 3365 1154 3442 didicisse,
1183 3385 1245 3430 nou
1272 3366 1361 3430 modo
1383 3367 1545 3449 Dionysius
1569 3367 1716 3430 Barsalibi
1738 3369 1860 3448 scripsit
1897 3357 1899 3360 ’

493 3468 524 3528 in
555 3486 650 3546 opere
681 3466 826 3528 adversus
857 3474 969 3528 sectam
999 3464 1093 3543 illam,
1124 3465 1177 3528 sed
1205 3465 1254 3529 alii
1282 3468 1369 3528 etiam
1398 3468 1449 3548 qui
1471 3467 1605 3529 camdem
1628 3466 1757 3547 professi
1780 3476 1859 3529 suut.

494 3568 627 3629 Graecos
651 3566 719 3628 illos
742 3573 869 3641 vocant,
892 3566 961 3645 quia
985 3565 1100 3626 Graece
1122 3565 1325 3645 scripserunt,
1354 3574 1385 3627 et
1406 3565 1572 3627 lloruerunt
1595 3568 1625 3627 in
1648 3566 1706 3627 illis
1729 3556 1861 3629 l‘rovin!

493 3667 562 3741 ciis,
586 3666 636 3727 ubi
660 3664 777 3727 Graeca
799 3665 901 3746 lingua
922 3665 1138 3746 usurpabatur:
1161 3683 1228 3726 curn
1252 3664 1346 3746 Syros
1370 3665 1473 3726 Patres
1495 3684 1550 3726 scu
1572 3665 1721 3727 Doctores
1744 3666 1859 3746 appel-

491 3762 565 3840 lent,
590 3782 644 3826 cos
667 3765 717 3844 qui
733 3763 858 3844 Syriace
881 3764 1077 3843 scripserunt,
1100 3767 1166 3826 sive
1189 3764 1321 3827 vixerint
1343 3765 1399 3825 sub
1421 3763 1654 3845 lrnperatoribus
1671 3762 1859 3842 Christianis,

492 3863 557 3924 sire
580 3863 636 3924 sub
660 3863 769 3925 ultimis
792 3864 949 3925 Persarum
972 3862 1115 3946 Regibus.
1140 3864 1214 3926 Sunt
1237 3872 1336 3925 autem
1352 3863 1454 3925 Patres
1478 3863 1547 3944 Syri
1569 3863 1697 3944 duplicis
1719 3864 1858 3946 generis:

491 3960 580 4040 primi
608 3963 687 4023 euim
716 3961 753 4023 ad
783 3960 983 4024 universalem
1012 3960 1179 4023 Ecclesiam
1208 3962 1375 4043 pertinent,
1405 3970 1436 4023 et
1458 3960 1627 4024 Orthodori
1656 3962 1796 4041 luerunt,
1826 3970 1860 4024 at

493 4057 638 4138 Ephrem,
668 4059 800 4122 lacobus
823 4060 984 4122 Nisibenus
1007 4067 1037 4122 et
1060 4061 1125 4137 alii,
1158 4079 1234 4142 quos
1257 4060 1314 4122 sibi
1344 4060 1524 4140 attribuunt,
1555 4080 1616 4124 non
1645 4063 1741 4124 minus
1771 4080 1859 4142 quam

492 4166 537 4220 tot
566 4168 686 4222 sanctos
716 4158 918 4239 Ctesiphontis
947 4167 978 4220 et
1007 4159 1162 4223 Seleuciae
1190 4160 1377 4241 Episcopos‚
1406 4161 1556 4242 Martyres
1587 4169 1618 4223 et
1648 4161 1859 4224 confessores.

492 4256 590 4319 Alteri
623 4266 779 4340 postquam
814 4259 908 4321 scissa
942 4264 990 4320 est
1018 4257 1172 4334 Ecclesia,
1205 4259 1426 4338 germanissimi
1455 4259 1627 4323 Nestoriani
1655 4259 1793 4336 luerunt,
1826 4267 1860 4321 ut

492 4355 621 4431 Names,
651 4356 817 4436 Abraham,
848 4357 1022 4419 llornrisdas
1045 4365 1075 4419 et
1098 4357 1145 4419 alii
1168 4356 1251 4419 multi
1274 4357 1442 4438 dequibus
1466 4367 1547 4422 extat
1569 4359 1730 4421 Decretum
1752 4359 1858 4421 Diam-

492 4457 631 4535 pouensis
654 4455 784 4538 Synodi,
815 4464 847 4518 ut
877 4458 1018 4519 memoria
1042 4474 1146 4519 eorum
1169 4474 1208 4518 ex
1230 4456 1387 4538 Diptychis
1409 4458 1544 4532 tollatur3
1575 4459 1708 4539 quamvis
1739 4458 1857 4520 uomina

493 4557 720 4636 corruptissima
742 4557 810 4620 sint.
857 4558 1002 4638 Syrorum
1024 4557 1143 4618 Petrum
1167 4555 1274 4618 lestum
1297 4556 1469 4619 celebratur
1490 4557 1565 4620 leria
1588 4565 1674 4619 sexta
1698 4557 1858 4638 postEpi·

493 4653 643 4733 planiam,
667 4674 707 4717 ex
729 4655 836 4718 eodem
858 4656 1065 4730 Lectionari03
1088 4655 1168 4737 quod
1191 4657 1384 4718 observatum
1406 4675 1527 4738 quoque
1549 4665 1597 4719 cst
1620 4675 1636 4718 a
1660 4656 1858 4719 FaustuNai-

493 4769 568 4813 rouo
591 4753 747 4817 Maronita.
1260 4767 1268 4776 ‘

893 5049 929 5120 3.
972 5049 1093 5120 Oratio
1120 5055 1200 5118 onte
1226 5048 1369 5136 Altore,
1397 5054 1461 5120 etc.

585 5237 677 5315 Hmc
707 5250 826 5314 rubrica
860 5253 951 5314 inulta
979 5253 1089 5314 omissa
1117 5269 1186 5314 esse
1213 5250 1377 5332 significat,
1407 5269 1505 5333 eaque
1532 5271 1573 5315 cx
1602 5253 1697 5333 prima
1723 5253 1857 5336 liturgia

494 5354 558 5436 peti
580 5352 700 5434 debent,
723 5372 800 5436 quae
813 5352 916 5418 Canon
940 5353 1122 5437 reliquarum
1145 5361 1202 5436 est,
1225 5371 1297 5418 curn
1314 5354 1413 5418 statim
1435 5361 1576 5418 occurrat
1597 5353 1756 5438 praelatio,
1778 5358 1879 5440 quae‘
