<?xml version="1.0" encoding="UTF-8"?>
<!DOCTYPE html PUBLIC "-//W3C//DTD XHTML 1.0 Transitional//EN"
    "http://www.w3.org/TR/xhtml1/DTD/xhtml1-transitional.dtd">
<html xmlns="http://www.w3.org/1999/xhtml" xml:lang="en" lang="en">
 <head>
  <title>
</title>
<meta http-equiv="Content-Type" content="text/html;charset=utf-8" />
  <meta name='ocr-system' content='tesseract 3.04.00' />
  <meta name='ocr-capabilities' content='ocr_page ocr_carea ocr_par ocr_line ocrx_word'/>
</head>
<body>
  <div class='ocr_page' id='page_1' title='image "./liturgiarumorie00renagoog_0370.png"; bbox 0 0 5150 6534; ppageno 0'>
   <div class='ocr_carea' id='block_1_1' title="bbox 1270 827 2995 951">
    <p class='ocr_par' dir='ltr' id='par_1_1' title="bbox 1270 827 2995 951">
     <span class='ocr_line' id='line_1_1' title="bbox 1270 827 2995 951; baseline 0.003 -6"><span class='ocrx_word' id='word_1_1' title='bbox 1270 869 1424 945; x_wconf 61' lang='lat' dir='ltr'><strong>me</strong></span> <span class='ocrx_word' id='word_1_2' title='bbox 2273 827 2995 951; x_wconf 75' lang='lat' dir='ltr'><strong>L1TunelA</strong></span> 
     </span>
    </p>
   </div>
   <div class='ocr_carea' id='block_1_2' title="bbox 1138 1022 4008 1139">
    <p class='ocr_par' dir='ltr' id='par_1_2' title="bbox 1138 1022 4008 1139">
     <span class='ocr_line' id='line_1_2' title="bbox 1138 1022 4008 1139; baseline 0.001 -23"><span class='ocrx_word' id='word_1_3' title='bbox 1138 1081 1144 1088; x_wconf 95' lang='lat'>·</span> <span class='ocrx_word' id='word_1_4' title='bbox 1265 1061 1497 1118; x_wconf 81' lang='lat' dir='ltr'><strong>sectam</strong></span> <span class='ocrx_word' id='word_1_5' title='bbox 1535 1055 1758 1137; x_wconf 77' lang='lat' dir='ltr'><strong>,opibus</strong></span> <span class='ocrx_word' id='word_1_6' title='bbox 1799 1056 1949 1137; x_wconf 84' lang='lat' dir='ltr'><strong>suis,</strong></span> <span class='ocrx_word' id='word_1_7' title='bbox 1995 1022 2276 1137; x_wconf 80' lang='lat' dir='ltr'><strong>quantum</strong></span> <span class='ocrx_word' id='word_1_8' title='bbox 2318 1055 2451 1121; x_wconf 85' lang='lat' dir='ltr'><strong>fieri</strong></span> <span class='ocrx_word' id='word_1_9' title='bbox 2492 1062 2753 1139; x_wconf 86' lang='lat' dir='ltr'><strong>poterat,</strong></span> <span class='ocrx_word' id='word_1_10' title='bbox 2791 1055 3113 1138; x_wconf 83' lang='lat' dir='ltr'><strong>juverunt,</strong></span> <span class='ocrx_word' id='word_1_11' title='bbox 3157 1054 3319 1138; x_wconf 91' lang='lat' dir='ltr'><strong>quod</strong></span> <span class='ocrx_word' id='word_1_12' title='bbox 3363 1057 3579 1125; x_wconf 80' lang='lat' dir='ltr'><strong>Severi</strong></span> <span class='ocrx_word' id='word_1_13' title='bbox 3621 1056 3809 1121; x_wconf 85' lang='lat' dir='ltr'><strong>aetati</strong></span> <span class='ocrx_word' id='word_1_14' title='bbox 3851 1029 4008 1121; x_wconf 82' lang='lat' dir='ltr'><strong>cou-</strong></span> 
     </span>
    </p>
   </div>
   <div class='ocr_carea' id='block_1_3' title="bbox 1267 1155 1457 1217">
    <p class='ocr_par' dir='ltr' id='par_1_3' title="bbox 1267 1155 1457 1217">
     <span class='ocr_line' id='line_1_3' title="bbox 1267 1155 1457 1217; baseline 0.011 -2"><span class='ocrx_word' id='word_1_15' title='bbox 1267 1155 1457 1217; x_wconf 84' lang='lat' dir='ltr'><strong>venit.</strong></span> 
     </span>
    </p>
   </div>
   <div class='ocr_carea' id='block_1_4' title="bbox 1888 1415 3381 1509">
    <p class='ocr_par' dir='ltr' id='par_1_4' title="bbox 1888 1415 3381 1509">
     <span class='ocr_line' id='line_1_4' title="bbox 1888 1415 3381 1509; baseline 0 -23"><span class='ocrx_word' id='word_1_16' title='bbox 1888 1417 1963 1494; x_wconf 76' lang='lat'><strong>7.</strong></span> <span class='ocrx_word' id='word_1_17' title='bbox 2044 1416 2388 1508; x_wconf 76' lang='lat' dir='ltr'><strong>Laetifica</strong></span> <span class='ocrx_word' id='word_1_18' title='bbox 2431 1438 2566 1509; x_wconf 82' lang='lat' dir='ltr'><strong>per</strong></span> <span class='ocrx_word' id='word_1_19' title='bbox 2616 1418 2943 1487; x_wconf 75' lang='lat' dir='ltr'><strong>visionem</strong></span> <span class='ocrx_word' id='word_1_20' title='bbox 2991 1415 3212 1487; x_wconf 72' lang='lat' dir='ltr'><strong>cultus</strong></span> <span class='ocrx_word' id='word_1_21' title='bbox 3262 1418 3381 1486; x_wconf 75' lang='lat' dir='ltr'><strong>tui.</strong></span> 
     </span>
    </p>
   </div>
   <div class='ocr_carea' id='block_1_5' title="bbox 1452 1605 3998 1697">
    <p class='ocr_par' dir='ltr' id='par_1_5' title="bbox 1452 1605 3998 1697">
     <span class='ocr_line' id='line_1_5' title="bbox 1452 1605 3998 1697; baseline 0 -21"><span class='ocrx_word' id='word_1_22' title='bbox 1452 1605 1681 1685; x_wconf 73' lang='lat' dir='ltr'><strong>Eonuu</strong></span> <span class='ocrx_word' id='word_1_23' title='bbox 1725 1614 2017 1677; x_wconf 92' lang='lat' dir='ltr'><strong>memoria</strong></span> <span class='ocrx_word' id='word_1_24' title='bbox 2076 1614 2139 1676; x_wconf 91' lang='lat' dir='ltr'><strong>in</strong></span> <span class='ocrx_word' id='word_1_25' title='bbox 2181 1613 2294 1677; x_wconf 88' lang='lat' dir='ltr'><strong>hac</strong></span> <span class='ocrx_word' id='word_1_26' title='bbox 2339 1615 2611 1677; x_wconf 90' lang='lat' dir='ltr'><strong>oratione</strong></span> <span class='ocrx_word' id='word_1_27' title='bbox 2656 1613 2743 1694; x_wconf 83' lang='lat' dir='ltr'><strong>fit,</strong></span> <span class='ocrx_word' id='word_1_28' title='bbox 2787 1614 2892 1697; x_wconf 90' lang='lat' dir='ltr'><strong>qui</strong></span> <span class='ocrx_word' id='word_1_29' title='bbox 2925 1613 3222 1677; x_wconf 87' lang='lat' dir='ltr'><strong>habentur</strong></span> <span class='ocrx_word' id='word_1_30' title='bbox 3251 1616 3312 1678; x_wconf 89' lang='lat' dir='ltr'><strong>in</strong></span> <span class='ocrx_word' id='word_1_31' title='bbox 3342 1613 3698 1678; x_wconf 88' lang='lat' dir='ltr'><strong>Sanctorum</strong></span> <span class='ocrx_word' id='word_1_32' title='bbox 3716 1630 3998 1677; x_wconf 85' lang='lat' dir='ltr'><strong>numero:</strong></span> 
     </span>
    </p>
   </div>
   <div class='ocr_carea' id='block_1_6' title="bbox 1267 1717 4005 1901">
    <p class='ocr_par' dir='ltr' id='par_1_6' title="bbox 1267 1717 4005 1901">
     <span class='ocr_line' id='line_1_6' title="bbox 1268 1717 4005 1801; baseline -0.001 -18"><span class='ocrx_word' id='word_1_33' title='bbox 1268 1727 1450 1801; x_wconf 85' lang='lat' dir='ltr'><strong>atque</strong></span> <span class='ocrx_word' id='word_1_34' title='bbox 1492 1720 1575 1782; x_wconf 90' lang='lat' dir='ltr'><strong>ita</strong></span> <span class='ocrx_word' id='word_1_35' title='bbox 1619 1717 1896 1781; x_wconf 90' lang='lat' dir='ltr'><strong>videntur</strong></span> <span class='ocrx_word' id='word_1_36' title='bbox 1938 1717 2247 1801; x_wconf 84' lang='lat' dir='ltr'><strong>Liturgiae</strong></span> <span class='ocrx_word' id='word_1_37' title='bbox 2290 1726 2558 1798; x_wconf 92' lang='lat' dir='ltr'><strong>autores,</strong></span> <span class='ocrx_word' id='word_1_38' title='bbox 2604 1727 2669 1782; x_wconf 90' lang='lat' dir='ltr'><strong>et</strong></span> <span class='ocrx_word' id='word_1_39' title='bbox 2712 1720 2814 1801; x_wconf 93' lang='lat' dir='ltr'><strong>qui</strong></span> <span class='ocrx_word' id='word_1_40' title='bbox 2858 1737 2988 1782; x_wconf 93' lang='lat' dir='ltr'><strong>eam</strong></span> <span class='ocrx_word' id='word_1_41' title='bbox 3015 1719 3345 1792; x_wconf 77' lang='lat' dir='ltr'>recensuit,</span> <span class='ocrx_word' id='word_1_42' title='bbox 3392 1718 3796 1797; x_wconf 78' lang='lat' dir='ltr'><strong>existimasse,</strong></span> <span class='ocrx_word' id='word_1_43' title='bbox 3843 1720 4005 1782; x_wconf 87' lang='lat' dir='ltr'><strong>San-</strong></span> 
     </span>
     <span class='ocr_line' id='line_1_7' title="bbox 1267 1816 4003 1901; baseline -0.002 -18"><span class='ocrx_word' id='word_1_44' title='bbox 1267 1828 1399 1883; x_wconf 93' lang='lat' dir='ltr'><strong>ctos</strong></span> <span class='ocrx_word' id='word_1_45' title='bbox 1444 1819 1682 1901; x_wconf 91' lang='lat' dir='ltr'><strong>plenam</strong></span> <span class='ocrx_word' id='word_1_46' title='bbox 1725 1816 2179 1900; x_wconf 81' lang='lat' dir='ltr'><strong>perfectamque</strong></span> <span class='ocrx_word' id='word_1_47' title='bbox 2225 1816 2567 1881; x_wconf 78' lang='lat' dir='ltr'><strong>felicitatem</strong></span> <span class='ocrx_word' id='word_1_48' title='bbox 2610 1817 2872 1881; x_wconf 90' lang='lat' dir='ltr'><strong>nondum</strong></span> <span class='ocrx_word' id='word_1_49' title='bbox 2918 1837 3054 1881; x_wconf 73' lang='lat' dir='ltr'><strong>esse</strong></span> <span class='ocrx_word' id='word_1_50' title='bbox 3102 1825 3483 1881; x_wconf 46' lang='lat' dir='ltr'><strong>eumenum&amp;</strong></span> <span class='ocrx_word' id='word_1_51' title='bbox 3567 1817 3711 1877; x_wconf 78' lang='lat' dir='ltr'><strong>Eam</strong></span> <span class='ocrx_word' id='word_1_52' title='bbox 3760 1821 4003 1897; x_wconf 68' lang='lat' dir='ltr'><strong>opinin-</strong></span> 
     </span>
    </p>
   </div>
   <div class='ocr_carea' id='block_1_7' title="bbox 723 1913 4003 1997">
    <p class='ocr_par' dir='ltr' id='par_1_7' title="bbox 723 1913 4003 1997">
     <span class='ocr_line' id='line_1_8' title="bbox 723 1913 4003 1997; baseline -0.002 -14"><span class='ocrx_word' id='word_1_53' title='bbox 723 1913 769 1965; x_wconf 84' lang='grc' dir='ltr'><strong><em>Ρ</em></strong></span> <span class='ocrx_word' id='word_1_54' title='bbox 770 1931 872 1983; x_wconf 69' lang='lat'><strong>⁶¹7²·</strong></span> <span class='ocrx_word' id='word_1_55' title='bbox 926 1914 976 1968; x_wconf 81' lang='lat' dir='ltr'><strong>T·</strong></span> <span class='ocrx_word' id='word_1_56' title='bbox 1030 1919 1080 1966; x_wconf 83' lang='lat'><strong>5.</strong></span> <span class='ocrx_word' id='word_1_57' title='bbox 1119 1916 1151 1967; x_wconf 78' lang='lat'><strong>²·</strong></span> <span class='ocrx_word' id='word_1_58' title='bbox 1187 1918 1239 1968; x_wconf 80' lang='lat'><strong>8·</strong></span> <span class='ocrx_word' id='word_1_59' title='bbox 1267 1936 1403 1979; x_wconf 88' lang='lat' dir='ltr'><strong>nem</strong></span> <span class='ocrx_word' id='word_1_60' title='bbox 1463 1915 1681 1979; x_wconf 86' lang='lat' dir='ltr'><strong>Graeci</strong></span> <span class='ocrx_word' id='word_1_61' title='bbox 1733 1918 2109 1980; x_wconf 84' lang='lat' dir='ltr'><strong>recentiores</strong></span> <span class='ocrx_word' id='word_1_62' title='bbox 2165 1915 2546 1996; x_wconf 83' lang='lat' dir='ltr'><strong>altercando,</strong></span> <span class='ocrx_word' id='word_1_63' title='bbox 2609 1925 2670 1979; x_wconf 84' lang='lat' dir='ltr'><strong>et</strong></span> <span class='ocrx_word' id='word_1_64' title='bbox 2723 1917 2966 1981; x_wconf 72' lang='lat' dir='ltr'><strong>Latinos</strong></span> <span class='ocrx_word' id='word_1_65' title='bbox 3026 1917 3438 1981; x_wconf 68' lang='lat' dir='ltr'><strong>efllffllmiflndo</strong></span> <span class='ocrx_word' id='word_1_66' title='bbox 3484 1917 4003 1997; x_wconf 54' lang='lat' dir='ltr'><strong>*impeditissimam</strong></span> 
     </span>
    </p>
   </div>
   <div class='ocr_carea' id='block_1_8' title="bbox 619 1999 962 2053">
    <p class='ocr_par' dir='ltr' id='par_1_8' title="bbox 619 1999 962 2053">
     <span class='ocr_line' id='line_1_9' title="bbox 619 1999 962 2053; baseline 0.009 -3"><span class='ocrx_word' id='word_1_67' title='bbox 619 2016 665 2050; x_wconf 82' lang='lat' dir='ltr'><strong>c.</strong></span> <span class='ocrx_word' id='word_1_68' title='bbox 703 1999 757 2050; x_wconf 84' lang='lat'><strong>9.</strong></span> <span class='ocrx_word' id='word_1_69' title='bbox 794 2010 838 2051; x_wconf 80' lang='lat' dir='ltr'><strong>et</strong></span> <span class='ocrx_word' id='word_1_70' title='bbox 876 2000 962 2053; x_wconf 89' lang='grc'><strong>10.</strong></span> 
     </span>
    </p>
   </div>
   <div class='ocr_carea' id='block_1_9' title="bbox 1265 2013 3999 2097">
    <p class='ocr_par' dir='ltr' id='par_1_9' title="bbox 1265 2013 3999 2097">
     <span class='ocr_line' id='line_1_10' title="bbox 1265 2013 3999 2097; baseline -0 -19"><span class='ocrx_word' id='word_1_71' title='bbox 1265 2016 1570 2090; x_wconf 84' lang='lat' dir='ltr'><strong>fecerunt,</strong></span> <span class='ocrx_word' id='word_1_72' title='bbox 1628 2022 1689 2078; x_wconf 84' lang='lat' dir='ltr'><strong>et</strong></span> <span class='ocrx_word' id='word_1_73' title='bbox 1745 2032 1944 2097; x_wconf 84' lang='lat' dir='ltr'>nuper</span> <span class='ocrx_word' id='word_1_74' title='bbox 1993 2015 2317 2079; x_wconf 85' lang='lat' dir='ltr'><strong>Dositheus</strong></span> <span class='ocrx_word' id='word_1_75' title='bbox 2375 2015 2950 2097; x_wconf 73' lang='lat' dir='ltr'><strong>Hierosolymitanus</strong></span> <span class='ocrx_word' id='word_1_76' title='bbox 3014 2017 3350 2077; x_wconf 67' lang='lat' dir='ltr'><strong>patriarcha</strong></span> <span class='ocrx_word' id='word_1_77' title='bbox 3410 2017 3503 2077; x_wconf 71' lang='lat' dir='ltr'><strong>vir</strong></span> <span class='ocrx_word' id='word_1_78' title='bbox 3559 2033 3707 2077; x_wconf 74' lang='lat' dir='ltr'><strong>susse</strong></span> <span class='ocrx_word' id='word_1_79' title='bbox 3767 2013 3999 2089; x_wconf 69' lang='lat' dir='ltr'><strong>doctus,</strong></span> 
     </span>
    </p>
   </div>
   <div class='ocr_carea' id='block_1_10' title="bbox 688 2113 3999 2197">
    <p class='ocr_par' dir='ltr' id='par_1_10' title="bbox 688 2113 3999 2197">
     <span class='ocr_line' id='line_1_11' title="bbox 688 2113 3999 2197; baseline 0.002 -27"><span class='ocrx_word' id='word_1_80' title='bbox 688 2118 749 2171; x_wconf 76' lang='lat' dir='ltr'><strong>In</strong></span> <span class='ocrx_word' id='word_1_81' title='bbox 780 2119 1037 2172; x_wconf 72' lang='grc' dir='ltr'><strong><em>ΕπσΙιὰ-ἰᾰ.</em></strong></span> <span class='ocrx_word' id='word_1_82' title='bbox 1068 2139 1115 2173; x_wconf 83' lang='lat' dir='ltr'><strong>c.</strong></span> <span class='ocrx_word' id='word_1_83' title='bbox 1152 2123 1242 2174; x_wconf 82' lang='lat' dir='ltr'><strong>ule.</strong></span> <span class='ocrx_word' id='word_1_84' title='bbox 1268 2132 1489 2197; x_wconf 85' lang='lat' dir='ltr'><strong>magno</strong></span> <span class='ocrx_word' id='word_1_85' title='bbox 1533 2114 1834 2177; x_wconf 83' lang='lat' dir='ltr'>molimine</span> <span class='ocrx_word' id='word_1_86' title='bbox 1880 2114 2160 2177; x_wconf 83' lang='lat' dir='ltr'><strong>tuendam</strong></span> <span class='ocrx_word' id='word_1_87' title='bbox 2203 2115 2493 2196; x_wconf 80' lang='lat' dir='ltr'><strong>suscepit.</strong></span> <span class='ocrx_word' id='word_1_88' title='bbox 2584 2115 2869 2190; x_wconf 86' lang='lat' dir='ltr'><strong>Quamvis</strong></span> <span class='ocrx_word' id='word_1_89' title='bbox 2918 2117 3054 2197; x_wconf 60' lang='lat' dir='ltr'><strong>Syri</strong></span> <span class='ocrx_word' id='word_1_90' title='bbox 3102 2133 3350 2197; x_wconf 77' lang='lat' dir='ltr'><strong>quorum</strong></span> <span class='ocrx_word' id='word_1_91' title='bbox 3398 2133 3583 2195; x_wconf 69' lang='lat' dir='ltr'><strong>opera</strong></span> <span class='ocrx_word' id='word_1_92' title='bbox 3631 2113 3999 2197; x_wconf 51' lang='lat' dir='ltr'><strong>&#39;theologica</strong></span> 
     </span>
    </p>
   </div>
   <div class='ocr_carea' id='block_1_11' title="bbox 1270 2212 3999 2396">
    <p class='ocr_par' dir='ltr' id='par_1_11' title="bbox 1270 2212 3999 2396">
     <span class='ocr_line' id='line_1_12' title="bbox 1273 2212 3999 2297; baseline -0.001 -20"><span class='ocrx_word' id='word_1_93' title='bbox 1273 2214 1554 2293; x_wconf 80' lang='lat' dir='ltr'><strong>vidimuS,</strong></span> <span class='ocrx_word' id='word_1_94' title='bbox 1608 2213 1974 2278; x_wconf 84' lang='lat' dir='ltr'><strong>mediocrem</strong></span> <span class='ocrx_word' id='word_1_95' title='bbox 2016 2214 2078 2275; x_wconf 90' lang='lat' dir='ltr'><strong>in</strong></span> <span class='ocrx_word' id='word_1_96' title='bbox 2124 2232 2196 2277; x_wconf 89' lang='lat' dir='ltr'><strong>ea</strong></span> <span class='ocrx_word' id='word_1_97' title='bbox 2243 2212 2640 2296; x_wconf 84' lang='lat' dir='ltr'><strong>expendenda</strong></span> <span class='ocrx_word' id='word_1_98' title='bbox 2687 2233 2930 2296; x_wconf 81' lang='lat' dir='ltr'><strong>operam</strong></span> <span class='ocrx_word' id='word_1_99' title='bbox 2978 2217 3310 2297; x_wconf 67' lang='lat' dir='ltr'><strong>pnsum-int,</strong></span> <span class='ocrx_word' id='word_1_100' title='bbox 3358 2213 3430 2277; x_wconf 75' lang='lat' dir='ltr'><strong>ad</strong></span> <span class='ocrx_word' id='word_1_101' title='bbox 3479 2233 3611 2273; x_wconf 73' lang='lat' dir='ltr'><strong>earn</strong></span> <span class='ocrx_word' id='word_1_102' title='bbox 3659 2221 3855 2273; x_wconf 73' lang='lat' dir='ltr'><strong>tamen</strong></span> <span class='ocrx_word' id='word_1_103' title='bbox 3903 2217 3999 2275; x_wconf 70' lang='lat' dir='ltr'><strong>vi-</strong></span> 
     </span>
     <span class='ocr_line' id='line_1_13' title="bbox 1270 2313 3999 2396; baseline -0.001 -19"><span class='ocrx_word' id='word_1_104' title='bbox 1270 2314 1486 2377; x_wconf 88' lang='lat' dir='ltr'><strong>dentur</strong></span> <span class='ocrx_word' id='word_1_105' title='bbox 1527 2313 1872 2393; x_wconf 82' lang='lat' dir='ltr'><strong>inclinasse,</strong></span> <span class='ocrx_word' id='word_1_106' title='bbox 1920 2332 2054 2376; x_wconf 93' lang='lat' dir='ltr'><strong>cum</strong></span> <span class='ocrx_word' id='word_1_107' title='bbox 2098 2313 2301 2376; x_wconf 87' lang='lat' dir='ltr'><strong>Moses</strong></span> <span class='ocrx_word' id='word_1_108' title='bbox 2329 2313 2643 2395; x_wconf 85' lang='lat' dir='ltr'><strong>Barcepha</strong></span> <span class='ocrx_word' id='word_1_109' title='bbox 2690 2314 2858 2396; x_wconf 93' lang='lat' dir='ltr'><strong>cujus</strong></span> <span class='ocrx_word' id='word_1_110' title='bbox 2905 2317 3154 2377; x_wconf 62' lang='lat' dir='ltr'><strong>numium</strong></span> <span class='ocrx_word' id='word_1_111' title='bbox 3202 2314 3358 2394; x_wconf 72' lang='lat' dir='ltr'><strong>apud</strong></span> <span class='ocrx_word' id='word_1_112' title='bbox 3406 2333 3515 2373; x_wconf 74' lang='lat' dir='ltr'><strong>ens</strong></span> <span class='ocrx_word' id='word_1_113' title='bbox 3547 2317 3839 2373; x_wconf 63' lang='lat' dir='ltr'><strong>autoritas</strong></span> <span class='ocrx_word' id='word_1_114' title='bbox 3887 2321 3999 2382; x_wconf 74' lang='lat' dir='ltr'><strong>est</strong></span> 
     </span>
    </p>
   </div>
   <div class='ocr_carea' id='block_1_12' title="bbox 721 2409 4001 2506">
    <p class='ocr_par' dir='ltr' id='par_1_12' title="bbox 721 2409 4001 2506">
     <span class='ocr_line' id='line_1_14' title="bbox 721 2409 4001 2506; baseline 0.003 -44"><span class='ocrx_word' id='word_1_115' title='bbox 721 2411 797 2463; x_wconf 77' lang='lat' dir='ltr'><strong>De</strong></span> <span class='ocrx_word' id='word_1_116' title='bbox 834 2411 1022 2466; x_wconf 68' lang='lat' dir='ltr'><strong>Par-ad.</strong></span> <span class='ocrx_word' id='word_1_117' title='bbox 1065 2435 1117 2483; x_wconf 81' lang='lat' dir='ltr'><strong>p.</strong></span> <span class='ocrx_word' id='word_1_118' title='bbox 1157 2417 1205 2467; x_wconf 91' lang='lat'><strong>1.</strong></span> <span class='ocrx_word' id='word_1_119' title='bbox 1268 2432 1400 2475; x_wconf 85' lang='lat' dir='ltr'><strong>eam</strong></span> <span class='ocrx_word' id='word_1_120' title='bbox 1457 2411 1839 2506; x_wconf 88' lang='lat' dir='ltr'><strong>probaverit,</strong></span> <span class='ocrx_word' id='word_1_121' title='bbox 1901 2413 2246 2494; x_wconf 89' lang='lat' dir='ltr'><strong>animasque</strong></span> <span class='ocrx_word' id='word_1_122' title='bbox 2305 2412 2659 2477; x_wconf 86' lang='lat' dir='ltr'><strong>Sanctorum</strong></span> <span class='ocrx_word' id='word_1_123' title='bbox 2717 2414 2779 2476; x_wconf 90' lang='lat' dir='ltr'><strong>in</strong></span> <span class='ocrx_word' id='word_1_124' title='bbox 2840 2412 3123 2476; x_wconf 89' lang='lat' dir='ltr'><strong>Paradiso</strong></span> <span class='ocrx_word' id='word_1_125' title='bbox 3182 2412 3538 2493; x_wconf 89' lang='lat' dir='ltr'><strong>voluptatis,</strong></span> <span class='ocrx_word' id='word_1_126' title='bbox 3597 2409 3674 2473; x_wconf 93' lang='lat' dir='ltr'><strong>ad</strong></span> <span class='ocrx_word' id='word_1_127' title='bbox 3732 2411 4001 2474; x_wconf 86' lang='lat' dir='ltr'><strong>ultimum</strong></span> 
     </span>
    </p>
   </div>
   <div class='ocr_carea' id='block_1_13' title="bbox 620 2499 789 2551">
    <p class='ocr_par' dir='ltr' id='par_1_13' title="bbox 620 2499 789 2551">
     <span class='ocr_line' id='line_1_15' title="bbox 620 2499 789 2551; baseline 0 -2"><span class='ocrx_word' id='word_1_128' title='bbox 620 2499 789 2551; x_wconf 83' lang='grc' dir='ltr'><em>ο..18</em></span> 
     </span>
    </p>
   </div>
   <div class='ocr_carea' id='block_1_14' title="bbox 1257 2510 4002 3270">
    <p class='ocr_par' dir='ltr' id='par_1_14' title="bbox 1257 2510 4002 3270">
     <span class='ocr_line' id='line_1_16' title="bbox 1257 2510 4002 2594; baseline -0 -20"><span class='ocrx_word' id='word_1_129' title='bbox 1257 2511 1465 2594; x_wconf 92' lang='lat' dir='ltr'><strong>judicii</strong></span> <span class='ocrx_word' id='word_1_130' title='bbox 1520 2511 1676 2574; x_wconf 91' lang='lat' dir='ltr'><strong>diem</strong></span> <span class='ocrx_word' id='word_1_131' title='bbox 1734 2512 2050 2594; x_wconf 90' lang='lat' dir='ltr'><strong>quiescere</strong></span> <span class='ocrx_word' id='word_1_132' title='bbox 2110 2511 2505 2575; x_wconf 82' lang='lat' dir='ltr'><strong>affirmaverit.</strong></span> <span class='ocrx_word' id='word_1_133' title='bbox 2596 2510 2771 2585; x_wconf 80' lang='lat' dir='ltr'><strong>Quod</strong></span> <span class='ocrx_word' id='word_1_134' title='bbox 2814 2530 2965 2574; x_wconf 89' lang='lat' dir='ltr'><strong>vero</strong></span> <span class='ocrx_word' id='word_1_135' title='bbox 3014 2510 3151 2593; x_wconf 79' lang='lat' dir='ltr'><strong>Syri</strong></span> <span class='ocrx_word' id='word_1_136' title='bbox 3196 2530 3329 2574; x_wconf 89' lang='lat' dir='ltr'><strong>eam</strong></span> <span class='ocrx_word' id='word_1_137' title='bbox 3373 2510 3754 2591; x_wconf 85' lang='lat' dir='ltr'><strong>opinionem,</strong></span> <span class='ocrx_word' id='word_1_138' title='bbox 3811 2510 4002 2573; x_wconf 81' lang='lat' dir='ltr'><strong>veluti</strong></span> 
     </span>
     <span class='ocr_line' id='line_1_17' title="bbox 1262 2597 3998 2695; baseline 0.001 -24"><span class='ocrx_word' id='word_1_139' title='bbox 1262 2604 1493 2695; x_wconf 82' lang='grc' dir='ltr'><strong><em>κυρίαν</em></strong></span> <span class='ocrx_word' id='word_1_140' title='bbox 1536 2597 1734 2688; x_wconf 81' lang='grc' dir='ltr'><strong><em>δόξαν</em></strong></span> <span class='ocrx_word' id='word_1_141' title='bbox 1789 2618 1850 2673; x_wconf 90' lang='lat' dir='ltr'><strong>et</strong></span> <span class='ocrx_word' id='word_1_142' title='bbox 1910 2628 2066 2692; x_wconf 86' lang='lat' dir='ltr'><strong>quae</strong></span> <span class='ocrx_word' id='word_1_143' title='bbox 2113 2609 2187 2672; x_wconf 89' lang='lat' dir='ltr'><strong>ad</strong></span> <span class='ocrx_word' id='word_1_144' title='bbox 2231 2610 2408 2673; x_wconf 86' lang='lat' dir='ltr'><strong>fidem</strong></span> <span class='ocrx_word' id='word_1_145' title='bbox 2450 2613 2815 2692; x_wconf 77' lang='lat' dir='ltr'><strong>pertineret,</strong></span> <span class='ocrx_word' id='word_1_146' title='bbox 2877 2610 3087 2674; x_wconf 89' lang='lat' dir='ltr'><strong>eadem</strong></span> <span class='ocrx_word' id='word_1_147' title='bbox 3148 2609 3525 2693; x_wconf 87' lang='lat' dir='ltr'><strong>pervicacia,</strong></span> <span class='ocrx_word' id='word_1_148' title='bbox 3586 2626 3710 2690; x_wconf 76' lang='lat' dir='ltr'><strong>qua</strong></span> <span class='ocrx_word' id='word_1_149' title='bbox 3760 2609 3998 2685; x_wconf 86' lang='lat' dir='ltr'><strong>Graeci,</strong></span> 
     </span>
     <span class='ocr_line' id='line_1_18' title="bbox 1259 2709 3999 2791; baseline -0 -20"><span class='ocrx_word' id='word_1_150' title='bbox 1259 2711 1802 2791; x_wconf 87' lang='lat' dir='ltr'><strong>propugnaverint,</strong></span> <span class='ocrx_word' id='word_1_151' title='bbox 1842 2727 1965 2773; x_wconf 90' lang='lat' dir='ltr'><strong>non</strong></span> <span class='ocrx_word' id='word_1_152' title='bbox 1995 2718 2263 2791; x_wconf 91' lang='lat' dir='ltr'><strong>apparet.</strong></span> <span class='ocrx_word' id='word_1_153' title='bbox 2355 2710 2531 2785; x_wconf 79' lang='lat' dir='ltr'><strong>Quod</strong></span> <span class='ocrx_word' id='word_1_154' title='bbox 2558 2710 2717 2772; x_wconf 90' lang='lat' dir='ltr'><strong>enim</strong></span> <span class='ocrx_word' id='word_1_155' title='bbox 2755 2712 2816 2773; x_wconf 91' lang='lat' dir='ltr'><strong>in</strong></span> <span class='ocrx_word' id='word_1_156' title='bbox 2847 2710 3065 2774; x_wconf 82' lang='lat' dir='ltr'><strong>Officiis</strong></span> <span class='ocrx_word' id='word_1_157' title='bbox 3094 2711 3483 2791; x_wconf 86' lang='lat' dir='ltr'><strong>exequiarum</strong></span> <span class='ocrx_word' id='word_1_158' title='bbox 3511 2709 3821 2790; x_wconf 87' lang='lat' dir='ltr'><strong>variisque</strong></span> <span class='ocrx_word' id='word_1_159' title='bbox 3854 2724 3999 2771; x_wconf 90' lang='lat' dir='ltr'><strong>ora-</strong></span> 
     </span>
     <span class='ocr_line' id='line_1_19' title="bbox 1260 2806 3995 2890; baseline 0 -21"><span class='ocrx_word' id='word_1_160' title='bbox 1260 2809 1518 2871; x_wconf 89' lang='lat' dir='ltr'><strong>tionibus</strong></span> <span class='ocrx_word' id='word_1_161' title='bbox 1562 2826 1675 2890; x_wconf 92' lang='lat' dir='ltr'><strong>pro</strong></span> <span class='ocrx_word' id='word_1_162' title='bbox 1719 2809 1990 2889; x_wconf 79' lang='lat' dir='ltr'><strong>mortuiS,</strong></span> <span class='ocrx_word' id='word_1_163' title='bbox 2039 2817 2246 2872; x_wconf 85' lang='lat' dir='ltr'><strong>oratur</strong></span> <span class='ocrx_word' id='word_1_164' title='bbox 2272 2809 2460 2889; x_wconf 75' lang='lat' dir='ltr'><strong>DeUS,</strong></span> <span class='ocrx_word' id='word_1_165' title='bbox 2506 2819 2571 2874; x_wconf 91' lang='lat' dir='ltr'><strong>ut</strong></span> <span class='ocrx_word' id='word_1_166' title='bbox 2615 2813 2839 2873; x_wconf 91' lang='lat' dir='ltr'><strong>animas</strong></span> <span class='ocrx_word' id='word_1_167' title='bbox 2883 2811 3123 2873; x_wconf 90' lang='lat' dir='ltr'><strong>illorum</strong></span> <span class='ocrx_word' id='word_1_168' title='bbox 3151 2809 3457 2873; x_wconf 90' lang='lat' dir='ltr'><strong>collocet</strong></span> <span class='ocrx_word' id='word_1_169' title='bbox 3440 2827 3501 2870; x_wconf 89' lang='lat' dir='ltr'><strong>m</strong></span> <span class='ocrx_word' id='word_1_170' title='bbox 3530 2808 3667 2871; x_wconf 87' lang='lat' dir='ltr'><strong>sinu</strong></span> <span class='ocrx_word' id='word_1_171' title='bbox 3689 2806 3995 2886; x_wconf 83' lang='lat' dir='ltr'><strong>Abrahae,</strong></span> 
     </span>
     <span class='ocr_line' id='line_1_20' title="bbox 1257 2906 3996 2991; baseline -0 -22"><span class='ocrx_word' id='word_1_172' title='bbox 1257 2908 1319 2970; x_wconf 90' lang='lat' dir='ltr'><strong>in</strong></span> <span class='ocrx_word' id='word_1_173' title='bbox 1378 2907 1528 2970; x_wconf 90' lang='lat' dir='ltr'><strong>locis</strong></span> <span class='ocrx_word' id='word_1_174' title='bbox 1592 2907 1946 2989; x_wconf 90' lang='lat' dir='ltr'><strong>voluptatis,</strong></span> <span class='ocrx_word' id='word_1_175' title='bbox 2009 2925 2195 2989; x_wconf 92' lang='lat' dir='ltr'><strong>super</strong></span> <span class='ocrx_word' id='word_1_176' title='bbox 2253 2927 2438 2991; x_wconf 88' lang='lat' dir='ltr'><strong>aquas</strong></span> <span class='ocrx_word' id='word_1_177' title='bbox 2500 2909 2883 2988; x_wconf 80' lang='lat' dir='ltr'><strong>refectioniS,</strong></span> <span class='ocrx_word' id='word_1_178' title='bbox 2943 2918 3005 2972; x_wconf 90' lang='lat' dir='ltr'><strong>et</strong></span> <span class='ocrx_word' id='word_1_179' title='bbox 3046 2910 3099 2971; x_wconf 95' lang='lat' dir='ltr'><strong>si</strong></span> <span class='ocrx_word' id='word_1_180' title='bbox 3145 2927 3302 2990; x_wconf 91' lang='lat' dir='ltr'><strong>quae</strong></span> <span class='ocrx_word' id='word_1_181' title='bbox 3345 2914 3483 2969; x_wconf 89' lang='lat' dir='ltr'><strong>sunt</strong></span> <span class='ocrx_word' id='word_1_182' title='bbox 3525 2906 3642 2969; x_wconf 92' lang='lat' dir='ltr'><strong>alia</strong></span> <span class='ocrx_word' id='word_1_183' title='bbox 3687 2924 3773 2969; x_wconf 84' lang='lat' dir='ltr'><strong>ex</strong></span> <span class='ocrx_word' id='word_1_184' title='bbox 3812 2906 3996 2968; x_wconf 80' lang='lat' dir='ltr'><strong>variis</strong></span> 
     </span>
     <span class='ocr_line' id='line_1_21' title="bbox 1258 3003 3994 3090; baseline -0.001 -21"><span class='ocrx_word' id='word_1_185' title='bbox 1258 3024 1470 3069; x_wconf 90' lang='lat' dir='ltr'><strong>sacrae</strong></span> <span class='ocrx_word' id='word_1_186' title='bbox 1524 3008 1859 3088; x_wconf 86' lang='lat' dir='ltr'><strong>scripturae</strong></span> <span class='ocrx_word' id='word_1_187' title='bbox 1916 3006 2066 3069; x_wconf 90' lang='lat' dir='ltr'><strong>locis</strong></span> <span class='ocrx_word' id='word_1_188' title='bbox 2127 3005 2427 3085; x_wconf 89' lang='lat' dir='ltr'><strong>desumta,</strong></span> <span class='ocrx_word' id='word_1_189' title='bbox 2486 3008 2747 3090; x_wconf 85' lang='lat' dir='ltr'><strong>figurate</strong></span> <span class='ocrx_word' id='word_1_190' title='bbox 2802 3026 2924 3071; x_wconf 90' lang='lat' dir='ltr'><strong>non</strong></span> <span class='ocrx_word' id='word_1_191' title='bbox 2981 3007 3350 3089; x_wconf 85' lang='lat' dir='ltr'><strong>Theologice</strong></span> <span class='ocrx_word' id='word_1_192' title='bbox 3397 3024 3537 3068; x_wconf 90' lang='lat' dir='ltr'><strong>esse</strong></span> <span class='ocrx_word' id='word_1_193' title='bbox 3580 3003 3994 3088; x_wconf 83' lang='lat' dir='ltr'><strong>intelligenda,</strong></span> 
     </span>
     <span class='ocr_line' id='line_1_22' title="bbox 1260 3104 3993 3187; baseline -0 -20"><span class='ocrx_word' id='word_1_194' title='bbox 1260 3106 1362 3168; x_wconf 87' lang='lat' dir='ltr'><strong>vel</strong></span> <span class='ocrx_word' id='word_1_195' title='bbox 1408 3123 1484 3169; x_wconf 89' lang='lat' dir='ltr'><strong>eo</strong></span> <span class='ocrx_word' id='word_1_196' title='bbox 1528 3107 1660 3169; x_wconf 90' lang='lat' dir='ltr'><strong>solo</strong></span> <span class='ocrx_word' id='word_1_197' title='bbox 1707 3105 2177 3186; x_wconf 85' lang='lat' dir='ltr'><strong>demonstratur,</strong></span> <span class='ocrx_word' id='word_1_198' title='bbox 2225 3106 2388 3187; x_wconf 89' lang='lat' dir='ltr'><strong>quod</strong></span> <span class='ocrx_word' id='word_1_199' title='bbox 2430 3107 2706 3170; x_wconf 87' lang='lat' dir='ltr'><strong>Ecclesia</strong></span> <span class='ocrx_word' id='word_1_200' title='bbox 2751 3106 2963 3171; x_wconf 88' lang='lat' dir='ltr'><strong>Latina</strong></span> <span class='ocrx_word' id='word_1_201' title='bbox 3007 3108 3296 3172; x_wconf 89' lang='lat' dir='ltr'><strong>similibus</strong></span> <span class='ocrx_word' id='word_1_202' title='bbox 3341 3104 3747 3169; x_wconf 87' lang='lat' dir='ltr'><strong>locutionibus</strong></span> <span class='ocrx_word' id='word_1_203' title='bbox 3791 3105 3993 3181; x_wconf 91' lang='lat' dir='ltr'><strong>utitur,</strong></span> 
     </span>
     <span class='ocr_line' id='line_1_23' title="bbox 1263 3205 2689 3270; baseline -0.001 -2"><span class='ocrx_word' id='word_1_204' title='bbox 1263 3206 1377 3268; x_wconf 90' lang='lat' dir='ltr'><strong>etsi</strong></span> <span class='ocrx_word' id='word_1_205' title='bbox 1420 3224 1456 3268; x_wconf 93' lang='lat' dir='ltr'><strong>a</strong></span> <span class='ocrx_word' id='word_1_206' title='bbox 1501 3205 1750 3269; x_wconf 88' lang='lat' dir='ltr'><strong>Graecis</strong></span> <span class='ocrx_word' id='word_1_207' title='bbox 1794 3205 2313 3270; x_wconf 86' lang='lat' dir='ltr'><strong>vehementissime</strong></span> <span class='ocrx_word' id='word_1_208' title='bbox 2360 3205 2689 3270; x_wconf 87' lang='lat' dir='ltr'><strong>dissentiat.</strong></span> 
     </span>
    </p>
   </div>
   <div class='ocr_carea' id='block_1_15' title="bbox 2036 3506 3214 3563">
    <p class='ocr_par' dir='ltr' id='par_1_15' title="bbox 2036 3506 3214 3563">
     <span class='ocr_line' id='line_1_24' title="bbox 2036 3506 3214 3563; baseline 0 2971"><span class='ocrx_word' id='word_1_209' title='bbox 2036 3506 3214 3563; x_wconf 95' lang='lat' dir='ltr'><strong> </strong></span> 
     </span>
    </p>
   </div>
   <div class='ocr_carea' id='block_1_16' title="bbox 1886 3910 3344 4092">
    <p class='ocr_par' dir='ltr' id='par_1_16' title="bbox 1886 3849 3344 4092">
     <span class='ocr_line' id='line_1_25' title="bbox 1886 3910 3344 4092; baseline 0 -5"><span class='ocrx_word' id='word_1_210' title='bbox 1886 3911 2665 4090; x_wconf 66' lang='lat' dir='ltr'><strong>LITURGIA</strong></span> <span class='ocrx_word' id='word_1_211' title='bbox 2755 3912 3058 4092; x_wconf 63' lang='grc' dir='ltr'><strong>ΜΟ</strong></span> <span class='ocrx_word' id='word_1_212' title='bbox 3070 3910 3344 4089; x_wconf 82' lang='lat' dir='ltr'><strong>Ossl</strong></span> 
     </span>
    </p>
   </div>
   <div class='ocr_carea' id='block_1_17' title="bbox 1429 4243 3821 4387">
    <p class='ocr_par' dir='ltr' id='par_1_17' title="bbox 1429 4243 3821 4387">
     <span class='ocr_line' id='line_1_26' title="bbox 1429 4243 3821 4387; baseline -0.001 -26"><span class='ocrx_word' id='word_1_213' title='bbox 1429 4243 2600 4363; x_wconf 86' lang='lat' dir='ltr'>COGNOMENTO</span> <span class='ocrx_word' id='word_1_214' title='bbox 2733 4243 3821 4387; x_wconf 76' lang='lat' dir='ltr'>BORDAYAEL</span> 
     </span>
    </p>
   </div>
   <div class='ocr_carea' id='block_1_18' title="bbox 1715 4418 3518 4525">
    <p class='ocr_par' dir='ltr' id='par_1_18' title="bbox 1715 4418 3518 4525">
     <span class='ocr_line' id='line_1_27' title="bbox 1715 4418 3518 4525; baseline -0.001 -17"><span class='ocrx_word' id='word_1_215' title='bbox 1715 4431 1885 4525; x_wconf 90' lang='lat' dir='ltr'><strong>SEU,</strong></span> <span class='ocrx_word' id='word_1_216' title='bbox 1963 4432 2065 4508; x_wconf 88' lang='lat' dir='ltr'><strong>UT</strong></span> <span class='ocrx_word' id='word_1_217' title='bbox 2130 4429 2404 4506; x_wconf 85' lang='lat' dir='ltr'><strong>GRAECI</strong></span> <span class='ocrx_word' id='word_1_218' title='bbox 2477 4429 3041 4525; x_wconf 82' lang='lat' dir='ltr'><strong>PRONUNCIANT,</strong></span> <span class='ocrx_word' id='word_1_219' title='bbox 3099 4418 3518 4509; x_wconf 88' lang='lat' dir='ltr'><strong>BARADATI.</strong></span> 
     </span>
    </p>
   </div>
   <div class='ocr_carea' id='block_1_19' title="bbox 2049 4683 3193 4755">
    <p class='ocr_par' dir='ltr' id='par_1_19' title="bbox 2049 4683 3193 4755">
     <span class='ocr_line' id='line_1_28' title="bbox 2049 4683 3193 4755; baseline -0.001 0"><span class='ocrx_word' id='word_1_220' title='bbox 2049 4685 2349 4755; x_wconf 79' lang='lat' dir='ltr'><strong>Primum</strong></span> <span class='ocrx_word' id='word_1_221' title='bbox 2406 4685 2651 4754; x_wconf 76' lang='lat' dir='ltr'><strong>Oratio</strong></span> <span class='ocrx_word' id='word_1_222' title='bbox 2704 4690 2866 4754; x_wconf 78' lang='lat' dir='ltr'><strong>ante</strong></span> <span class='ocrx_word' id='word_1_223' title='bbox 2917 4683 3193 4754; x_wconf 84' lang='lat' dir='ltr'><strong>Pacem.</strong></span> 
     </span>
    </p>
   </div>
   <div class='ocr_carea' id='block_1_20' title="bbox 1258 4881 4007 5466">
    <p class='ocr_par' dir='ltr' id='par_1_20' title="bbox 1258 4881 4007 5466">
     <span class='ocr_line' id='line_1_29' title="bbox 1396 4881 4001 5002; baseline -0.004 -17"><span class='ocrx_word' id='word_1_224' title='bbox 1396 4881 1630 4985; x_wconf 74' lang='lat' dir='ltr'><strong>Dans</strong></span> <span class='ocrx_word' id='word_1_225' title='bbox 1682 4908 1884 4979; x_wconf 88' lang='lat' dir='ltr'><strong>Pater</strong></span> <span class='ocrx_word' id='word_1_226' title='bbox 1934 4910 2140 5002; x_wconf 88' lang='lat' dir='ltr'><strong>pacis,</strong></span> <span class='ocrx_word' id='word_1_227' title='bbox 2197 4908 2631 4995; x_wconf 87' lang='lat' dir='ltr'><strong>sanctissime,</strong></span> <span class='ocrx_word' id='word_1_228' title='bbox 2686 4909 2927 5001; x_wconf 89' lang='lat' dir='ltr'><strong>quique</strong></span> <span class='ocrx_word' id='word_1_229' title='bbox 2983 4904 3166 4979; x_wconf 89' lang='lat' dir='ltr'><strong>solus</strong></span> <span class='ocrx_word' id='word_1_230' title='bbox 3217 4903 3434 4977; x_wconf 87' lang='lat' dir='ltr'><strong>bonus</strong></span> <span class='ocrx_word' id='word_1_231' title='bbox 3486 4914 3556 4975; x_wconf 92' lang='lat' dir='ltr'><strong>et</strong></span> <span class='ocrx_word' id='word_1_232' title='bbox 3602 4897 3850 4976; x_wconf 89' lang='lat' dir='ltr'><strong>beatus</strong></span> <span class='ocrx_word' id='word_1_233' title='bbox 3901 4927 4001 4991; x_wconf 81' lang='lat' dir='ltr'><strong>eS,</strong></span> 
     </span>
     <span class='ocr_line' id='line_1_30' title="bbox 1261 5019 4001 5121; baseline -0.001 -26"><span class='ocrx_word' id='word_1_234' title='bbox 1261 5026 1370 5119; x_wconf 91' lang='lat' dir='ltr'><strong>qui</strong></span> <span class='ocrx_word' id='word_1_235' title='bbox 1423 5048 1666 5121; x_wconf 87' lang='lat' dir='ltr'><strong>parens</strong></span> <span class='ocrx_word' id='word_1_236' title='bbox 1722 5033 1791 5094; x_wconf 87' lang='lat' dir='ltr'><strong>et</strong></span> <span class='ocrx_word' id='word_1_237' title='bbox 1844 5031 2034 5095; x_wconf 91' lang='lat' dir='ltr'><strong>autor</strong></span> <span class='ocrx_word' id='word_1_238' title='bbox 2086 5045 2162 5094; x_wconf 89' lang='lat' dir='ltr'><strong>es</strong></span> <span class='ocrx_word' id='word_1_239' title='bbox 2216 5022 2717 5118; x_wconf 86' lang='lat' dir='ltr'><strong>tranquillitatis,</strong></span> <span class='ocrx_word' id='word_1_240' title='bbox 2771 5032 2840 5094; x_wconf 89' lang='lat' dir='ltr'><strong>et</strong></span> <span class='ocrx_word' id='word_1_241' title='bbox 2886 5019 3041 5094; x_wconf 88' lang='lat' dir='ltr'><strong>fons</strong></span> <span class='ocrx_word' id='word_1_242' title='bbox 3096 5019 3522 5093; x_wconf 85' lang='lat' dir='ltr'><strong>absconditus</strong></span> <span class='ocrx_word' id='word_1_243' title='bbox 3574 5022 3798 5115; x_wconf 61' lang='lat' dir='ltr'><strong>pacis»,</strong></span> <span class='ocrx_word' id='word_1_244' title='bbox 3864 5042 4001 5093; x_wconf 91' lang='lat' dir='ltr'><strong>ca-</strong></span> 
     </span>
     <span class='ocr_line' id='line_1_31' title="bbox 1258 5134 4002 5232; baseline -0.001 -22"><span class='ocrx_word' id='word_1_245' title='bbox 1258 5145 1422 5212; x_wconf 89' lang='lat' dir='ltr'><strong>ritas</strong></span> <span class='ocrx_word' id='word_1_246' title='bbox 1475 5141 1743 5229; x_wconf 88' lang='lat' dir='ltr'><strong>infinita,</strong></span> <span class='ocrx_word' id='word_1_247' title='bbox 1799 5148 1869 5210; x_wconf 91' lang='lat' dir='ltr'><strong>et</strong></span> <span class='ocrx_word' id='word_1_248' title='bbox 1921 5137 2376 5210; x_wconf 87' lang='lat' dir='ltr'><strong>misericordia</strong></span> <span class='ocrx_word' id='word_1_249' title='bbox 2427 5138 2622 5210; x_wconf 89' lang='lat' dir='ltr'><strong>nullis</strong></span> <span class='ocrx_word' id='word_1_250' title='bbox 2675 5138 2969 5209; x_wconf 83' lang='lat' dir='ltr'><strong>terminis</strong></span> <span class='ocrx_word' id='word_1_251' title='bbox 3024 5138 3552 5232; x_wconf 83' lang='lat' dir='ltr'><strong>circumscripta3</strong></span> <span class='ocrx_word' id='word_1_252' title='bbox 3602 5144 3675 5206; x_wconf 91' lang='lat' dir='ltr'><strong>tu</strong></span> <span class='ocrx_word' id='word_1_253' title='bbox 3702 5134 4002 5214; x_wconf 82' lang='lat' dir='ltr'><strong>Domine</strong></span> 
     </span>
     <span class='ocr_line' id='line_1_32' title="bbox 1259 5249 4004 5351; baseline -0.002 -24"><span class='ocrx_word' id='word_1_254' title='bbox 1259 5266 1530 5351; x_wconf 82' lang='lat' dir='ltr'><strong>praesta</strong></span> <span class='ocrx_word' id='word_1_255' title='bbox 1595 5255 1790 5327; x_wconf 87' lang='lat' dir='ltr'><strong>nobis</strong></span> <span class='ocrx_word' id='word_1_256' title='bbox 1844 5276 1969 5350; x_wconf 90' lang='lat' dir='ltr'><strong>per</strong></span> <span class='ocrx_word' id='word_1_257' title='bbox 2019 5256 2303 5344; x_wconf 85' lang='lat' dir='ltr'><strong>gratiam</strong></span> <span class='ocrx_word' id='word_1_258' title='bbox 2371 5262 2589 5343; x_wconf 84' lang='lat' dir='ltr'><strong>tuam,</strong></span> <span class='ocrx_word' id='word_1_259' title='bbox 2653 5264 2723 5324; x_wconf 91' lang='lat' dir='ltr'><strong>ut</strong></span> <span class='ocrx_word' id='word_1_260' title='bbox 2788 5276 2938 5325; x_wconf 88' lang='lat' dir='ltr'><strong>cum</strong></span> <span class='ocrx_word' id='word_1_261' title='bbox 3006 5275 3175 5347; x_wconf 79' lang='lat' dir='ltr'><strong>pace</strong></span> <span class='ocrx_word' id='word_1_262' title='bbox 3242 5274 3413 5346; x_wconf 89' lang='lat' dir='ltr'><strong>quae</strong></span> <span class='ocrx_word' id='word_1_263' title='bbox 3476 5273 3601 5324; x_wconf 90' lang='lat' dir='ltr'><strong>nos</strong></span> <span class='ocrx_word' id='word_1_264' title='bbox 3671 5249 3755 5323; x_wconf 91' lang='lat' dir='ltr'><strong>ab</strong></span> <span class='ocrx_word' id='word_1_265' title='bbox 3817 5253 4004 5323; x_wconf 90' lang='lat' dir='ltr'><strong>omni</strong></span> 
     </span>
     <span class='ocr_line' id='line_1_33' title="bbox 1262 5368 4007 5466; baseline -0.001 -25"><span class='ocrx_word' id='word_1_266' title='bbox 1262 5370 1419 5442; x_wconf 91' lang='lat' dir='ltr'><strong>dolo</strong></span> <span class='ocrx_word' id='word_1_267' title='bbox 1474 5381 1543 5443; x_wconf 89' lang='lat' dir='ltr'><strong>et</strong></span> <span class='ocrx_word' id='word_1_268' title='bbox 1591 5370 1826 5444; x_wconf 81' lang='lat' dir='ltr'><strong>fraude</strong></span> <span class='ocrx_word' id='word_1_269' title='bbox 1877 5380 2176 5466; x_wconf 87' lang='lat' dir='ltr'><strong>praestet</strong></span> <span class='ocrx_word' id='word_1_270' title='bbox 2242 5372 2564 5443; x_wconf 84' lang='lat' dir='ltr'><strong>immunes</strong></span> <span class='ocrx_word' id='word_1_271' title='bbox 2584 5420 2607 5460; x_wconf 87' lang='lat'><strong>,</strong></span> <span class='ocrx_word' id='word_1_272' title='bbox 2680 5378 2977 5441; x_wconf 85' lang='lat' dir='ltr'><strong>amanter</strong></span> <span class='ocrx_word' id='word_1_273' title='bbox 3040 5368 3511 5464; x_wconf 84' lang='lat' dir='ltr'><strong>amplectamur</strong></span> <span class='ocrx_word' id='word_1_274' title='bbox 3571 5369 3871 5439; x_wconf 82' lang='lat' dir='ltr'><strong>invicem</strong></span> <span class='ocrx_word' id='word_1_275' title='bbox 3931 5368 4007 5438; x_wconf 84' lang='lat' dir='ltr'><strong>iu</strong></span> 
     </span>
    </p>
   </div>
  </div>
 </body>
</html>
