5150 6534
947 872 977 948 S.
1003 871 1170 948 DIONYSll
1194 872 1429 949 dTllEliAllllll
1452 869 1632 949 lll’lSCOPl.
1897 871 1972 945 211
2026 936 2030 941 .
2138 912 2141 918 ·

603 1061 708 1133 vitum
733 1060 955 1145 instituamus,
983 1066 1017 1129 et
1042 1057 1253 1153 perficiamus
1279 1077 1394 1129 coram
1419 1066 1471 1145 te,
1498 1068 1533 1128 ut
1559 1060 1645 1129 cauti
1672 1066 1706 1130 et
1731 1056 1975 1153 inseparabiles

603 1176 706 1249 simus
741 1196 804 1270 per
842 1176 1087 1268 susceptionem
1123 1182 1312 1247 sanctorum
1348 1183 1497 1259 tuorum,
1530 1172 1740 1266 perficientes
1770 1174 1975 1246 voluntatem

603 1300 694 1374 mam
721 1310 876 1380 maguam
904 1297 938 1360 et
962 1288 1165 1384 perlectum,
1198 1291 1371 1383 paratique
1405 1289 1614 1358 inveniamur
1647 1286 1689 1359 ad
1722 1289 1973 1387 πληροφορίαν

601 1401 692 1475 illam
719 1401 881 1490 ultimam,
910 1414 944 1475 et
970 1404 1012 1474 ud
1039 1403 1190 1476 standum
1216 1424 1330 1475 coram
1358 1406 1532 1494 majestate
1559 1413 1633 1488 tua,
1660 1402 1817 1498 dignique
1842 1406 1974 1476 efficia-

602 1540 677 1590 mur
702 1517 874 1612 voluptate
900 1522 996 1610 regni
1024 1521 1080 1608 tui,
1106 1521 1348 1612 pergratiam,
1376 1516 1638 1588 misericordiam
1666 1526 1700 1588 et
1718 1540 1866 1591 amorem
1890 1541 1973 1610 erga

602 1632 754 1706 homines
781 1637 942 1725 unigeniti
967 1634 1041 1705 Filii
1067 1637 1131 1720 tui,
1167 1655 1229 1728 per
1264 1655 1362 1727 quem
1396 1641 1430 1702 et
1464 1655 1537 1703 curn
1571 1654 1636 1726 quo
1670 1642 1703 1703 te
1730 1632 1828 1705 decet
1854 1633 1973 1725 gloria,

601 1747 729 1838 honor,
756 1759 821 1820 etc.
1133 1748 1295 1840 Populos.
1347 1748 1467 1818 Amen.

707 1861 893 1934 Sacerdos.
946 1866 1030 1936 Pax.

708 1978 870 2070 Populus.
923 1978 1066 2049 Etcum
1094 1980 1210 2073 spiritu
1237 1987 1304 2049 tuo.

706 2092 894 2163 Diaconos.
947 2092 1037 2167 Post.

707 2206 869 2299 Populus.
923 2207 1047 2280 Coram
1075 2217 1108 2278 te
1133 2207 1286 2280 Domine.

705 2321 889 2393 Sacerdos.
944 2322 1075 2395 Christe
1102 2322 1180 2393 Rex
1206 2320 1353 2413 gloriae,
1382 2330 1415 2391 et
1441 2322 1541 2393 Pater
1566 2320 1665 2392 lirnni
1692 2323 1830 2412 saeculi,
1858 2326 1971 2396 sacri-

601 2436 710 2507 ficium
737 2447 907 2526 sanctum,
939 2437 1096 2509 Pontifex
1132 2436 1305 2509 coelestis:
1340 2437 1460 2527 Agnus
1493 2437 1557 2507 Dei
1589 2438 1644 2529 qui
1677 2436 1764 2510 tollis
1798 2449 1971 2532 peccatum

601 2549 730 2640 mundi,
757 2574 861 2646 parce
887 2556 1035 2648 peccatis
1061 2554 1173 2647 populi
1201 2556 1265 2640 tui,
1298 2561 1331 2623 et
1364 2551 1488 2623 dimitte
1521 2554 1727 2645 insipientias
1763 2557 1879 2644 gregis
1916 2555 1971 2623 tui.

602 2663 780 2738 Conservu
795 2689 859 2739 nos
882 2690 945 2763 per
956 2672 1218 2739 communionem
1233 2669 1526 2740 Sacramentonrtn
1541 2676 1683 2756 morum,
1711 2665 1752 2737 ab
1778 2669 1868 2738 omni
1880 2689 1970 2761 pec-

602 2790 696 2868 eato,
729 2785 802 2853 sive
828 2783 937 2855 verbo
972 2783 1030 2854 vel
1063 2786 1265 2873 cogitatione
1302 2794 1359 2855 ant
1392 2804 1497 2877 opere
1529 2781 1733 2876 perficiatur,
1770 2781 1971 2875 quodquea

600 2906 657 2967 tua
683 2897 903 2970 familiaritate
929 2898 1131 2984 domestica,
1159 2898 1276 2992 procul
1301 2920 1364 2969 nos
1391 2897 1508 2985 faciut,
1535 2907 1570 2968 ut
1586 2895 1812 2967 custodiantur
1827 2917 1971 2990 corpora
2109 2977 2120 2988 g

600 3021 714 3083 nostru
740 3034 802 3106 per
828 3034 951 3107 corpus
979 3023 1084 3099 tuum,
1126 3022 1159 3084 et
1185 3022 1390 3085 renoventur
1416 3015 1547 3083 animae
1581 3022 1718 3084 nostrae
1755 3033 1815 3105 per
1841 3011 1972 3082 Sacra-

601 3136 711 3198 menta
739 3138 813 3216 tua,
839 3138 874 3198 et
900 3127 1087 3200 benedictio
1114 3140 1170 3199 tua
1196 3131 1349 3215 Domine,
1377 3131 1420 3199 sit
1446 3130 1479 3198 in
1507 3136 1577 3198 toto
1609 3137 1726 3197 nostro
1754 3123 1887 3206 homine
1913 3129 1971 3196 in-

600 3244 716 3313 teriori
744 3251 779 3313 et
804 3248 983 3334 exteriori,
1010 3242 1336 3339 glorificerisque'in
1361 3242 1459 3314 nohis
1478 3254 1513 3313 et
1537 3252 1676 3337 propter
1701 3261 1777 3328 nos,
1805 3241 1971 3311 dextera-

603 3378 669 3450 que
695 3367 750 3428 tua
777 3362 968 3452 requiescat
994 3382 1095 3454 super
1122 3381 1202 3450 nos,
1229 3368 1262 3429 et
1288 3361 1393 3455 patris
1421 3360 1466 3429 tui
1492 3355 1670 3444 benedicti,
1697 3365 1732 3425 et
1757 3355 1900 3451 Spiritus
1928 3357 1973 3425 tui

602 3476 812 3545 sanctissimi.

707 3588 867 3681 Populos.
920 3592 1040 3662 Annon.

706 3702 895 3775 Diaconos.
948 3704 1095 3775 Benedic
1121 3704 1274 3775 Domine.

1034 3952 1537 3997 -ψ-

1041 4217 1105 4341 ru
1154 4213 1535 4305 ttionemn

734 4434 1837 4531 olotlsrrtinsnluusrs
1967 4428 1973 4535 ζ

1187 4643 1389 4726 nostr.

946 4906 979 4976 1.
1018 4906 1185 4998 Dionysii
1211 4906 1424 4976 Athenarum
1449 4906 1625 4997 Episcopi.
1753 5010 1756 5014 .

692 5094 917 5173 Ansornorrnu
946 5106 996 5169 hic
1022 5106 1178 5169 Jacobitae
1207 5106 1394 5187 intelligunt,
1427 5124 1516 5186 quern
1546 5106 1635 5168 etiam
1663 5101 1794 5166 &abice
1814 5098 1973 5173 Doulou-si,

599 5207 755 5270 Paulinum
782 5218 892 5271 vocant
921 5211 986 5271 sive
1017 5208 1098 5270 Pauli
1128 5208 1316 5289 discipulum.
1360 5209 1434 5289 Ejus
1456 5208 1535 5271 onim
1556 5206 1651 5268 libros
1673 5222 1730 5285 pro
1752 5201 1891 5286 genuinis
1914 5200 1972 5262 ha·
2011 5206 2017 5215 '

600 5306 684 5382 beni,
698 5314 728 5368 et
738 5307 868 5386 majores
882 5325 985 5370 eorum
1000 5306 1240 5388 Menophysitac‚
1264 5308 1314 5388 qui
1337 5307 1393 5369 sub
1414 5306 1596 5384 iustiniano,
1619 5320 1698 5365 anno
1718 5300 1748 5367 J.
1772 5300 1806 5365 C.
1824 5297 1973 5364 DXXXll.

652 5430 776 5475 summu.
1710 5406 1760 5479 30
