5150 6534
1862 836 1940 946 am

575 1383 581 1395 .
637 1257 696 1348 ro
740 1254 1081 1347 arnoaamu
1123 1255 1449 1350 nicanorus
1495 1255 1879 1351 normanum

999 1459 1517 1594 oosooilllo

663 1785 757 1863 llaec
778 1796 943 1879 liturgiam
965 1795 1044 1858 inter
1065 1796 1254 1858 recentiores
1277 1811 1478 1875 numeramus,
1502 1796 1571 1877 quia
1593 1813 1656 1859 non
1678 1802 1763 1857 extat
1784 1794 1936 1869 inmultis

568 1899 739 1964 codicibus:
771 1896 883 1978 duplex
911 1904 1010 1959 tamen
1039 1898 1104 1979 ejus
1134 1897 1291 1979 exemplar
1319 1898 1522 1977 suppeditavit
1544 1897 1718 1961 Colbertina
1740 1896 1936 1963 bibliotheca.

566 1998 769 2063 Patriarcham
790 1995 1011 2059 Antiochenum
1033 1998 1084 2077 qui
1098 1996 1253 2059 Michaelis
1276 2013 1387 2058 nornen
1405 1995 1543 2060 habuerit
1565 1997 1678 2059 nullum
1700 1996 1844 2060 babemus
1866 2005 1936 2060 ante

567 2099 697 2165 schisma
718 2115 776 2178 per
797 2095 977 2160 Severianus
1003 2094 1130 2171 lactum3
1159 2114 1259 2176 nequa
1287 2095 1432 2176 deinceps
1460 2096 1589 2177 aliquem
1618 2096 1704 2177 hujus
1727 2096 1855 2158 nominis
1878 2097 1937 2160 nisi

567 2217 646 2262 anno
668 2193 833 2260 Alexandri
863 2194 970 2256 MDlll.
992 2194 1066 2257 Jesu
1089 2194 1200 2258 Christi
1221 2193 1356 2256 MDXCl.
1387 2211 1448 2274 quo
1481 2202 1618 2275 tempore
1639 2194 1773 2257 Joannes
1798 2195 1936 2258 Alexan-

553 2297 673 2361 drinae
700 2294 903 2360 Jacobitarum
932 2293 1089 2357 Ecclesiae
1118 2292 1310 2375 praesidebat
1340 2291 1493 2355 LXXIV.
1522 2293 1637 2356 scilicet
1667 2294 1854 2374 Patriarcha,
1885 2297 1937 2377 qui

566 2397 672 2463 Marco
685 2396 746 2459 tilio
761 2396 877 2458 Zaraae
891 2394 1050 2472 successit,
1073 2399 1103 2457 et
1125 2400 1195 2456 ante
1218 2392 1435 2454 ordinationem
1458 2392 1624 2455 vocabatur
1645 2391 1834 2475 Abulmeged
1858 2394 1935 2457 lilius

550 2494 743 2583 ,Abugaleb3
759 2495 869 2575 quique
878 2492 1032 2555 ordinatus
1045 2500 1092 2555 est
1103 2510 1181 2556 anno
1190 2489 1358 2556 DCCCCV.
1371 2492 1547 2575 Martyrum,
1556 2500 1690 2555 mortuus
1698 2492 1936 2560 DCCCCXXXI.
1970 2577 1973 2585 V

566 2594 678 2659 Christi
700 2590 890 2658 MCCXXVI.
913 2592 978 2654 Hoc
1001 2609 1075 2655 vero
1098 2591 1188 2655 docet
1210 2610 1267 2654 nos
1290 2589 1472 2672 subscriptio
1495 2593 1604 2654 vetusti
1626 2591 1860 2674 Evangeliorum
1874 2595 1935 2676 Sy-

566 2700 717 2763 riacorum
740 2692 868 2769 codicis,
893 2692 943 2772 qui
966 2697 1014 2753 est
1036 2692 1066 2752 in
1087 2690 1271 2753 bibliotheca
1294 2689 1390 2773 Regia
1398 2711 1407 2766 ;
1431 2708 1508 2770 quae
1530 2690 1620 2752 multa
1642 2708 1699 2753 nos
1722 2690 1821 2755 docet.
1860 2693 1934 2755 Nam
1966 2713 1969 2722 s

556 2779 638 2865 ’inde
666 2792 858 2874 intelligimus
887 2790 1063 2853 Michaelem
1091 2789 1329 2868 Antiochenum,
1361 2791 1409 2851 cui
1438 2789 1514 2852 haec
1543 2789 1678 2874 liturgia
1705 2790 1860 2854 tribuenda
1889 2800 1936 2855 est
2064 2847 2066 2858 ,
2108 2791 2112 2800 “

566 2895 704 2963 eumdem
732 2910 802 2955 esse
832 2892 882 2971 qui
905 2890 1045 2952 eximium
1067 2907 1143 2971 opus
1165 2889 1288 2971 scripsit
1311 2888 1358 2951 de.
1368 2890 1607 2968 praeparatione
1628 2890 1671 2950 od
1691 2892 1935 2967 communionem,

469 2981 476 2998 ’
565 3005 598 3062 et
619 2996 659 3059 de
679 2993 772 3056 variis
790 2989 977 3053 Christianae
999 2990 1081 3051 vitae
1102 2989 1217 3067 olliciis,
1241 2987 1279 3049 de
1302 2985 1361 3049 lida
1385 2993 1415 3048 et
1437 3004 1495 3067 qua
1517 2989 1635 3050 ratione
1657 2989 1785 3069 quisque
1807 2994 1838 3051 ln
1859 3008 1935 3071 per-

538 3155 541 3160 ,
565 3096 677 3161 lectum
700 3090 812 3155 Christi
841 3088 1018 3169 discipulum
1045 3087 1177 3151 evadere
1206 3093 1307 3168 queat.
1351 3085 1532 3148 Praesertim
1554 3105 1628 3150 vero
1651 3089 1715 3170 agit
1736 3106 1794 3169 per
1815 3089 1935 3151 modum

564 3192 775 3278 quaestionum
803 3186 996 3252 a'Monacbis
1024 3189 1265 3269 propositarum,
1296 3185 1334 3247 de
1365 3185 1569 3248 Poenitentiae
1602 3187 1803 3265 necessitate,
1835 3187 1933 3269 deque

567 3301 654 3358 certa
679 3286 853 3373 poenitendi
883 3286 1002 3369 regula:
1033 3286 1150 3348 scilicet
1178 3293 1210 3348 ut
1239 3285 1418 3366 quicumque
1444 3286 1563 3367 peccati
1591 3284 1647 3347 sibi
1678 3286 1816 3348 conscius
1844 3286 1932 3367 soret,

565 3390 788 3458 confessionem
804 3387 900 3467 primo
924 3384 1003 3465 apud
1011 3384 1186 3467 Magistrum
1207 3385 1274 3447 sive
1298 3382 1483 3464 spiritualem
1505 3390 1620 3465 patrem
1644 3382 1769 3463 laceret,
1792 3387 1933 3468 suscipe-

563 3498 671 3572 retque
700 3486 870 3560 Cononem,
900 3501 960 3564 quo
988 3482 1164 3565 perfunctus
1194 3502 1305 3546 secure
1332 3490 1438 3562 posset
1464 3481 1502 3544 ad
1529 3492 1717 3546 sacramenta
1738 3485 1933 3566 percipienda

564 3589 722 3656 accedere.
767 3584 920 3647 Invehitur
946 3601 1055 3665 magna
1083 3589 1169 3664 parte
1192 3581 1278 3665 hujus
1301 3583 1404 3663 operis
1426 3581 1457 3643 in
1480 3582 1727 3645 consuetudinem
1750 3602 1827 3664 quae
1851 3592 1931 3663 tunc,

562 3692 668 3772 inquit,
692 3685 771 3769 apud
796 3684 931 3766 Coptitas
954 3682 1117 3761 obtinebat,
1141 3683 1221 3764 quod
1240 3683 1379 3764 plerique
1400 3681 1620 3744 confessionem
1643 3669 1723 3763 apud
1745 3684 1931 3747 sacerdotem

563 3789 667 3861 facere
687 3785 890 3870 negligerent.
933 3781 974 3844 At
1004 3783 1105 3861 coepit
1131 3781 1206 3844 haec
1236 3800 1330 3863 prava
1360 3782 1548 3845 consuetudo
1570 3781 1671 3843 induci
1694 3781 1773 3863 apud
1796 3782 1930 3865 Coptitas

563 3890 620 3954 sub
642 3889 746 3951 Marco
768 3886 801 3947 F.
826 3881 1074 3945 ZaraaeJoannis
1096 3882 1347 3963 praedecessore,
1370 3880 1425 3942 sub
1448 3899 1508 3961 quo
1528 3879 1649 3943 vivebat
1662 3881 1789 3944 Michael
1809 3882 1931 3945 Damia-

562 3989 657 4052 tensis
680 3986 850 4068 Episcopus
873 3982 924 4062 qui
946 3980 1072 4061 primus,
1095 3980 1175 4061 quod
1198 3981 1337 4056 sciamus,
1360 3978 1460 4061 legem
1482 3978 1520 4041 de
1543 3979 1717 4061 abroganda
1740 3980 1931 4044 confessione

563 4089 668 4166 suasit,
690 4093 723 4148 ut
745 4084 803 4146 alio
826 4082 894 4143 loco
919 4079 1055 4141 diximus.
1098 4078 1231 4141 Joannes
1254 4080 1343 4141 etiam
1365 4077 1454 4149 idem,
1475 4078 1506 4139 in
1520 4076 1671 4142 Chronico
1686 4078 1830 4143 Orientali
1849 4081 1929 4162 quod

562 4187 668 4250 Latine
692 4183 782 4247 edidit
804 4178 992 4243 Abrahamus
1014 4176 1202 4240 Echellensis
1225 4196 1292 4240 eam
1315 4177 1423 4241 dicitur
1446 4177 1627 4261 abrogasse:
1656 4179 1756 4259 itaque
1784 4187 1869 4242 recte
1891 4180 1929 4243 de

561 4286 624 4349 illis'
643 4281 771 4346 Michael
793 4278 931 4343 scribere
953 4278 1060 4358 potuit.
1104 4276 1205 4358 Atque
1228 4278 1267 4338 ita
1291 4278 1375 4359 ejus,
1398 4277 1523 4358 opinor,
1552 4284 1681 4339 aetatem
1703 4277 1845 4342 habemus
1868 4297 1929 4341 non

529 4424 531 4430 ι
563 4404 604 4450 ex
619 4384 671 4446 illo
687 4382 794 4459 solum,
817 4378 871 4441 sed
894 4395 936 4439 ex
957 4376 1053 4439 altero
1075 4377 1163 4440 etiam
1185 4377 1267 4457 paris
1290 4384 1321 4439 et
1343 4376 1488 4458 eJusdem,
1511 4383 1544 4438 ut
1566 4375 1695 4455 videtur,
1709 4395 1812 4439 manus
1825 4376 1929 4439 Evan-

563 4482 712 4568 geliorum
735 4482 850 4545 codice.

540 4634 552 4658 ,
651 4581 684 4645 ld
704 4582 795 4645 habet
817 4575 973 4662 singulare
994 4574 1069 4637 haec
1091 4574 1236 4655 Liturgia,
1259 4573 1341 4654 quod
1363 4574 1516 4637 orationes
1539 4572 1701 4655 dispositae
1724 4581 1793 4636 sunt
1815 4591 1928 4637 secun-

564 4682 633 4746 dum
654 4679 816 4763 Alphabeti
837 4675 954 4758 Syriaci
976 4675 1079 4736 literas
1103 4673 1285 4735 Psalmorum
1308 4672 1564 4736 Abecedariorum
1586 4692 1679 4736 more.

951 4988 1538 5044 ψ
