5150 6534
608 774 688 860 268
949 778 1126 858 tunsum
1151 780 1183 859 S.
1208 781 1389 860 blblllllbll
1415 781 1628 863 tttflotttt

615 991 619 996 ·
659 991 662 995 “
713 961 896 1036 Sacerdos.
946 964 991 1039 lu
1014 970 1195 1042 universae
1219 965 1414 1043 haereditati
1440 980 1529 1061 trae,
1555 994 1642 1067 quae
1663 995 1738 1046 oum
1754 972 1868 1050 debito
1892 998 1976 1054 w-

610 1079 721 1187 vitutis
748 1077 909 1176 obsequio
935 1090 1101 1176 prostrata
1129 1092 1182 1156 est
1206 1104 1320 1156 coram
1348 1088 1521 1176 majestate
1554 1097 1608 1161 tua
1632 1098 1788 1184 paterna,
1821 1092 1976 1166 macedo

609 1197 747 1285 gratiam
783 1207 869 1267 tuem
902 1198 1168 1286 inamissibilem,
1201 1210 1235 1270 et
1267 1200 1361 1295 reple
1392 1224 1455 1275 nos
1488 1201 1584 1276 donis
1610 1203 1751 1299 Spiritus
1784 1209 1831 1280 tui
1857 1205 1973 1279 divini.

489 1303 495 1317 “
533 1329 535 1333 ·
608 1309 777 1406 Praepara
805 1315 902 1384 etiam
935 1336 1015 1404 nos,
1049 1325 1085 1386 ut
1117 1314 1273 1410 inculpati
1308 1320 1524 1413 suscipiamus
1557 1322 1717 1415 mysteria
1751 1332 1808 1393 tua
1841 1320 1974 1394 divium

608 1426 694 1514 ejice
721 1450 740 1497 a
767 1428 864 1499 nobis
891 1452 989 1501 omne
1014 1451 1122 1521 genus
1148 1433 1334 1525 nequitiae,
1365 1442 1399 1504 et
1429 1432 1522 1529 reple
1554 1455 1617 1507 nos
1644 1440 1782 1510 caritate
1809 1447 1843 1510 et
1870 1460 1973 1510 man-

609 1541 800 1632 suetudine,
827 1553 861 1614 et
886 1543 1089 1633 referemus,
1117 1557 1179 1617 etc.

710 1658 869 1752 Populus.
922 1658 1162 1755 Unusquisque.

708 1773 892 1847 Sacerdos.
944 1775 1027 1846 Pax.

710 1887 870 1982 Populea.
921 1890 965 1961 Et
991 1915 1064 1964 cum
1092 1894 1207 1986 spiritu
1233 1901 1299 1966 tuo.

706 2005 893 2077 Diaconos.
947 2004 1031 2078 cum
1057 2009 1184 2079 timore.

608 2163 615 2179 ·
707 2120 891 2194 Sacerdos.
943 2122 1066 2195 Sancta
1093 2126 1226 2196 sanctis.

706 2236 868 2331 Populus.
921 2237 1014 2310 Unus
1041 2240 1140 2310 Pater
1167 2246 1311 2311 sanctus.
1410 2309 1412 2311 ,

704 2352 888 2424 Sacerdos.
924 2352 1139 2442 confitemur,
1166 2352 1354 2439 adoramus,
1380 2352 1603 2445 glorificamus
1630 2365 1664 2426 et
1688 2356 1816 2446 gratius
1835 2358 1965 2449 agirmm

602 2469 676 2556 tibi,
710 2473 765 2564 qui
790 2470 907 2564 plenus
934 2491 972 2541 es
999 2469 1226 2542 misericordia
1252 2480 1286 2541 et
1312 2472 1437 2560 gretia
1471 2493 1513 2542 co
1547 2469 1636 2564 quod
1661 2491 1748 2541 nnuc
1772 2473 1968 2565 preestib'sti

601 2584 699 2657 nobis
724 2597 760 2658 ut
785 2587 1036 2659 comederemus
1064 2607 1186 2682 carpus
1213 2560 1360 2659 sau'ctum
1387 2588 1546 2677 unigeniti
1571 2586 1653 2658 Filii.
1672 2587 1736 2675 tui,
1762 2595 1798 2657 et
1822 2583 1966 2660 uitae
2012 2625 2018 2637 =

601 2723 673 2774 mus
707 2705 781 2794 ejus
814 2706 1008 2795 sangumem
1042 2726 1160 2798 purum
1193 2712 1227 2773 et
1259 2709 1417 2774 sanctum.
1469 2701 1610 2802 Praesta
1635 2698 1733 2774 nobis
1758 2699 1905 2774 Domina
1929 2711 1966 2776 nt

600 2829 793 2911 permaneat
826 2821 859 2889 in
894 2817 991 2892 nobis
1024 2818 1209 2913 depositum
1244 2816 1348 2904 istud,
1381 2817 1502 2913 fiatque
1534 2817 1632 2890 nobis
1667 2816 1710 2889 ud
1737 2820 1964 2913 expiationem

601 2932 805 3024 delictorum,
832 2933 873 3006 ad
899 2937 1130 3008 remissionem
1154 2945 1379 3030 peccatorum,
1407 2933 1509 3006 etad
1535 2936 1637 3007 utam
1662 2953 1797 3021 novam,
1825 2955 1895 3006 non
1921 2931 1978 3026 etlx

599 3050 920 3138 condemnationem,
947 3050 1007 3122 sed
1033 3049 1075 3121 ad
1101 3055 1203 3122 vitum
1230 3060 1409 3121 aeternam.
1441 3051 1553 3144 Atque
1567 3058 1705 3146 propter
1720 3050 1833 3121 omnia
1850 3049 1961 3124 bene-

598 3164 674 3235 licia
700 3174 756 3236 tua
782 3188 865 3257 erge
890 3188 966 3254 nos,
992 3166 1134 3257 gloriam
1160 3175 1354 3262 perpetuam
1379 3163 1562 3239 referemus
1588 3164 1660 3256 tibi,
1684 3164 1786 3237 Pater
1812 3175 1959 3253 aeterne,

599 3291 632 3352 et
657 3284 826 3373 unigenito
852 3281 938 3354 Filio
964 3292 1033 3372 tuo,
1059 3292 1094 3353 et
1118 3282 1253 3377 Spiritui
1278 3292 1340 3354 tuo
1362 3289 1489 3354 saneto.

582 3399 585 3420 '
701 3396 862 3489 Populea.
915 3398 1034 3471 Amen.

700 3512 883 3586 Sacerdos.
936 3513 1020 3584 Pax.

700 3627 861 3722 Populus.
914 3628 1055 3729 Etcum
1082 3630 1196 3723 spiritu
1222 3639 1288 3701 tuo.

699 3743 887 3817 mecenas.
940 3744 1031 3817 Post.

698 3860 858 3953 Populea.
913 3859 1036 3932 Coram
1062 3869 1105 3930 te.

697 3976 881 4049 Sacerdos.
916 3976 1046 4049 Christe
1063 3975 1141 4047 Rex
1158 3976 1296 4067 gloriae,
1323 3975 1381 4045 tibi
1398 3971 1664 4046 commendamus
1679 3994 1812 4044 omnem
1825 3972 1956 4066 guber-

595 4086 762 4164 nationem
789 4096 878 4164 vitae
905 4103 1060 4181 nostrae;
1094 4091 1222 4165 custodi
1247 4112 1310 4163 nos
1337 4112 1471 4180 omnes,
1506 4094 1551 4160 ita
1579 4098 1612 4159 ut
1639 4088 1758 4159 damno
1784 4111 1853 4160 non
1881 4089 1957 4164 att-

596 4212 736 4295 eiamur,
770 4231 878 4303 neque
914 4208 1121 4305 expoliemur
1154 4208 1195 4280 ab
1223 4207 1372 4279 hostibus
1399 4202 1619 4301 spiritualibus
1647 4213 1703 4275 aut
1729 4203 1956 4280 sensibilibus:

597 4334 630 4393 et
657 4326 827 4418 unicuique
853 4336 1001 4396 nostmm
1028 4324 1185 4395 auxilium
1218 4321 1375 4394 concede.
1428 4320 1626 4393 Universum
1658 4323 1959 4413 congregationem

596 4437 800 4510 adorantium
827 4450 860 4510 te
886 4438 1009 4511 robora
1036 4448 1069 4510 et
1095 4439 1229 4532 adjuvas
1279 4440 1388 4511 Senes
1421 4447 1569 4509 sustenta
1599 4457 1661 4530 per
1686 4439 1842 4509 virtutem
1869 4448 1959 4513 tuam

594 4576 764 4647 magnam:
795 4558 938 4646 juvenes
972 4566 1194 4651 temperantes
1222 4557 1314 4628 effice
1341 4578 1401 4649 per
1428 4552 1611 4626 custodiam
1637 4549 1829 4641 diligentem
1857 4564 1959 4628 trram

593 4671 722 4744 Pueros
754 4673 863 4760 erudi,
900 4681 934 4742 et
966 4670 1069 4743 educa
1102 4676 1135 4743 in
1168 4672 1317 4744 doctrina
1351 4668 1478 4741 divina:
1512 4678 1547 4739 et
1575 4689 1638 4739 nos
1669 4689 1785 4741 omnes
1813 4666 1963 4764 obsigna

593 4810 693 4859 cruce
721 4797 775 4859 tua
801 4791 940 4859 victrice
967 4798 1001 4857 et
1026 4787 1257 4882 insuperabili:
1284 4795 1319 4858 ut
1344 4809 1405 4881 pro
1431 4786 1494 4857 illis
1520 4782 1671 4857 omnibus
1691 4783 1881 4859 referamus
1902 4785 1963 4859 tibi
2012 4778 2015 4787 ’

593 4903 732 4994 gloriam
760 4914 793 4975 et
819 4901 958 4990 landem,
986 4912 1020 4974 et
1046 4902 1134 4975 Patri
1161 4914 1230 4995 tuo,
1257 4913 1291 4975 et
1316 4902 1451 4997 Spiritui
1477 4912 1592 4975 sancto
1620 4910 1685 4972 tuo.

1026 5157 1504 5202 ψ-
