5150 6534
598 826 671 906 tea
985 815 994 846 ‘
1093 834 1451 914 Ll'llJRGlll

593 1016 771 1092 visibilium
802 1029 836 1092 et
867 1019 1089 1095 invisibilium.
1148 1016 1244 1094 Coeli
1276 1022 1465 1111 coelorum,
1498 1033 1534 1095 et
1565 1044 1794 1118 quaecunque
1825 1027 1861 1096 in
1893 1022 1961 1099 iilis

594 1146 690 1223 sunt,
716 1159 791 1208 cum
817 1140 941 1210 naturis
968 1139 1076 1229 igneis
1102 1148 1137 1209 et
1162 1136 1386 1234 spiritualibus
1412 1147 1446 1210 te
1472 1122 1669 1230 glorificant
1720 1138 1781 1212 Sol
1813 1151 1849 1212 et
1880 1140 1960 1214 lan

594 1250 745 1325 cursibus
782 1255 850 1325 suis
885 1263 919 1324 te
952 1262 1172 1325 venerantur:
1206 1252 1326 1325 atellae
1361 1252 1541 1348 splendore
1579 1273 1642 1328 suo
1678 1262 1712 1325 te
1747 1254 1961 1348 praedicant:

592 1371 737 1440 tonitrua
764 1372 856 1441 sonis
882 1372 950 1442 suis
985 1380 1126 1457 terrent,
1159 1368 1201 1440 ad
1233 1368 1422 1441 mundaum
1447 1378 1553 1441 mum:
1578 1376 1688 1440 motus
1712 1371 1747 1440 iu
1773 1378 1855 1441 aere
1881 1375 1960 1444 vir-

593 1493 695 1555 tutem
721 1494 809 1556 tuam
836 1485 1038 1577 significant:
1073 1507 1180 1580 aquae
1212 1487 1246 1556 in
1275 1483 1418 1558 nubibus
1448 1495 1529 1557 nuta
1562 1495 1630 1614 tuo!
1654 1492 1836 1576 coguntur:
1868 1496 1960 1560 terra

581 1609 628 1671 et
654 1623 879 1695 quaecumque
905 1624 1006 1696 super
1032 1624 1106 1674 eam
1133 1611 1226 1688 suut,
1259 1625 1279 1672 a
1307 1609 1340 1672 te
1365 1599 1528 1696 pendent,
1562 1610 1662 1695 atqua
1696 1623 1717 1672 a
1751 1609 1786 1674 te
1817 1611 1959 1674 susten-

466 1705 474 1727 ‘
593 1726 722 1789 tantur:
748 1726 885 1789 naturae
910 1716 1103 1811 rationales,
1128 1726 1163 1788 et
1187 1720 1318 1789 ratione
1345 1726 1509 1804 carentes,
1536 1715 1614 1788 illae
1630 1739 1717 1811 quae
1729 1716 1959 1808 intelligentia,

595 1842 628 1902 et
655 1855 741 1926 quae
766 1833 840 1906 solo
868 1854 968 1906 seusu
994 1833 1166 1928 praeditae
1192 1842 1284 1918 sunt,
1311 1845 1433 1928 perte
1458 1836 1593 1921 vivunt,
1619 1845 1654 1906 et
1679 1837 1837 1929 potestati
1862 1835 1959 1926 regi

574 1952 641 2044 ,tui
667 1946 832 2021 obediunt.
879 1946 995 2021 Habes
1021 1948 1164 2021 Domine
1190 1947 1347 2020 incaelo
1373 1948 1430 2021 illo
1457 1948 1598 2022 excelso
1624 1947 1712 2042 quod
1738 1957 1793 2022 est
1817 1945 1958 2020 scabel-

594 2063 660 2135 lum
688 2062 747 2136 sub
776 2064 915 2158 pedibus
941 2068 1023 2153 tuis,
1050 2067 1216 2136 ministros
1241 2063 1515 2151 innumerabiles,
1546 2074 1581 2136 et
1605 2062 1762 2136 ἰιιᾶιιίῑιιιιι
1787 2085 1958 2136 numeram

593 2179 793 2251 laudantium
819 2190 864 2268 te,
890 2182 945 2273 qui
971 2183 1004 2250 in
1030 2179 1223 2271 regionibus
1248 2182 1409 2252 materiae
1433 2178 1646 2275 expertibus,
1681 2177 1769 2251 landi
1795 2183 1958 2273 maim

594 2299 636 2366 tis
663 2307 756 2382 tuae,
791 2305 825 2365 et
850 2297 1033 2368 ministerio
1060 2306 1116 2367 tuo
1145 2297 1204 2367 toti
1231 2293 1351 2366 addicti
1392 2306 1486 2380 sunt,
1517 2317 1681 2390 personas
1712 2297 1842 2370 scilieet
1874 2317 1957 2389 quae

594 2413 745 2502 exigue
772 2420 806 2481 et
831 2411 955 2506 Spiritu
981 2419 1116 2483 creatae
1142 2420 1235 2482 suut:
1267 2432 1355 2504 quae
1380 2414 1518 2484 canticis
1544 2415 1689 2484 omniurn
1714 2415 1865 2484 musicae
1888 2433 1956 2503 ge-

593 2546 721 2614 nerum,
745 2526 862 2598 laudes
887 2537 962 2598 tuas
987 2550 1060 2597 cum
1087 2526 1236 2598 clamore
1261 2524 1447 2614 celebrant,
1475 2526 1598 2598 milleni
1624 2537 1659 2598 et
1684 2526 1797 2600 decies
1824 2526 1956 2615 millam

595 2645 651 2735 qui
676 2640 719 2713 ab
747 2652 884 2714 aeterno
909 2641 1036 2715 fructus
1067 2641 1264 2714 laudationis
1296 2642 1354 2715 tibi
1386 2641 1558 2727 deleniat,
1591 2645 1724 2735 agmina
1757 2653 1792 2715 et
1823 2642 1955 2715 ordines

594 2756 807 2853 spiritualium
833 2761 867 2828 iu
893 2779 972 2830 suos
999 2758 1133 2830 ordines
1160 2756 1422 2845 distributorum,
1455 2761 1511 2852 qui
1541 2756 1684 2854 hymnos
1706 2758 1873 2849 jucundos
1899 2757 1956 2830 tibi

594 2873 749 2944 oderunt:
777 2883 894 2945 coetus
918 2873 1145 2966 Angelorum,
1172 2874 1374 2967 ordinesque
1400 2873 1703 2966 Archangelomm,
1736 2876 1792 2969 qui
1818 2872 1878 2946 tibi
1902 2877 1958 2948 uui

594 2989 668 3062 Deo
695 2988 825 3061 laudem
850 3010 974 3061 novam
987 2971 1034 3062 'et
1059 2990 1298 3060 indesinentem
1324 2989 1486 3062 referunt:
1513 2990 1542 3061 T
1543 2989 1639 3063 brom
1657 3000 1690 3060 et
1708 2990 1964 3064 Dominatioues.

591 3108 627 3176 in
666 3106 852 3178 firmissime
891 3115 926 3177 et
956 3129 1024 3179 non
1056 3103 1269 3200 perturbabili
1302 3109 1479 3178 securitate
1511 3108 1693 3193 constituti,
1738 3108 1794 3199 qui
1828 3109 1957 3178 cantica

592 3219 798 3316 triumphalia
824 3225 1002 3294 concinunt
1027 3222 1096 3309 tibi,
1124 3243 1335 3316 summopere
1361 3222 1515 3293 timendo.
1555 3219 1760 3313 Archangeli
1785 3231 1821 3293 et
1845 3225 1956 3294 virtu-

592 3346 656 3425 tes,
683 3337 953 3431 Potestatumque
979 3341 1157 3433 principes,
1185 3340 1239 3431 qui
1266 3335 1374 3428 gloria
1399 3336 1608 3410 Thronorum
1635 3347 1853 3422 cremantur,
1878 3336 1957 3410 lau·

593 3453 719 3547 desque
746 3463 780 3525 et
806 3456 956 3525 encomia
984 3453 1175 3545 dignissima
1201 3462 1301 3548 prout
1327 3452 1423 3523 decet
1449 3451 1592 3544 dirigunt
1617 3451 1659 3524 ad
1685 3452 1815 3525 iniimus
1831 3451 1957 3545 gadra

594 3567 668 3640 solii
695 3573 750 3640 tui.
804 3569 1011 3664 Principatus
1038 3569 1225 3664 spirituales
1253 3571 1308 3662 qui
1333 3590 1446 3639 coram
1474 3579 1507 3639 te
1533 3591 1607 3641 cum
1628 3571 1747 3641 timore
1763 3572 1958 3657 consistunt,

594 3684 819 3755 indesinenter
845 3685 1049 3755 sanctificant
1074 3688 1194 3756 tonitru
1221 3686 1402 3756 sanctitatis
1429 3695 1514 3756 tuae.
1567 3684 1693 3757 Currus
1725 3688 1844 3776 igneus
1878 3689 1957 3758 ani·-

592 3798 723 3872 malium
752 3798 954 3894 quadruplici
978 3799 1065 3873 facie
1092 3801 1334 3887 distinctorum,
1368 3799 1693 3894 similitudinibusque
1720 3800 1865 3874 diversis
1890 3800 1959 3874 do-

593 3937 710 3987 norum
736 3914 866 4005 gloriae
892 3913 1110 4002 diversorum,
1138 3916 1295 3988 decorem
1322 3919 1418 4007 regni
1445 3921 1490 3988 tui
1516 3916 1673 3988 clamant:
1701 3919 1833 4009 agmina
1860 3915 1958 3990 cbe-

592 4032 699 4103 rubim
725 4030 835 4101 multis
862 4030 966 4103 oculis
991 4032 1233 4127 praeditorum,
1268 4035 1301 4102 in
1333 4032 1488 4103 circulum
1523 4054 1630 4104 voces
1656 4029 1899 4105 benedictionis
1925 4037 1958 4106 in

593 4150 767 4238 regionem
793 4155 880 4217 tuam
907 4145 1133 4219 absconditam
1161 4147 1339 4219 extollunt:
1367 4146 1540 4242 Seraphim
1575 4147 1683 4220 multis
1709 4148 1770 4221 alis
1795 4151 1959 4239 instructi,

595 4265 649 4355 qui
675 4260 780 4333 facies
807 4282 885 4333 suas
911 4262 1028 4333 iisdem
1055 4263 1116 4334 alis
1143 4265 1211 4335 suis
1238 4275 1418 4358 protegunt
1444 4288 1464 4335 a
1491 4262 1668 4359 splendore
1695 4274 1767 4355 tuo,
1794 4275 1828 4337 et
1852 4266 1959 4361 pedes

594 4401 674 4450 suos
700 4380 817 4472 pennis
844 4399 975 4473 quoque
1002 4381 1070 4450 suis
1098 4390 1228 4472 tegunt,
1259 4390 1296 4450 ut
1330 4402 1397 4450 non
1432 4379 1611 4451 adurantur
1646 4379 1686 4452 ab
1722 4379 1844 4452 ardore
1869 4385 1960 4474 ignis

595 4498 640 4564 tui
666 4493 922 4580 inaccessibilis,
958 4505 992 4565 et
1016 4496 1170 4568 volantes
1196 4495 1415 4589 undequaque
1438 4495 1592 4584 laudant,
1628 4505 1663 4566 et
1696 4496 1739 4568 ad
1765 4495 1959 4570 alterutrum

595 4609 656 4681 alis
683 4607 878 4703 plaudentes
904 4607 1121 4699 benedicunt,
1156 4622 1190 4682 et
1224 4610 1308 4682 alter
1342 4611 1436 4683 alteri
1462 4611 1657 4684 conformati
1682 4612 1889 4703 glorificant:
1926 4624 1961 4685 et

592 4745 678 4795 unus
705 4722 745 4794 ab
773 4723 878 4797 altero
905 4723 1060 4822 hymnum
1087 4731 1324 4822 suscipienteS,
1350 4726 1463 4799 oribus
1490 4731 1616 4819 igneis,
1643 4725 1831 4822 linguisque
1855 4725 1961 4800 dam·-

569 4842 690 4927 =meis,
716 4862 782 4910 una
808 4862 898 4911 voce
925 4840 1108 4935 triplicatae
1127 4843 1395 4914 sanctificationis
1408 4842 1553 4932 laudant,
1579 4843 1732 4931 clamant,
1758 4841 1962 4916 vociferan-

594 4966 661 5040 tur,
690 4965 723 5026 et
749 4955 867 5026 dicunt.

700 5071 858 5163 Populus.
911 5071 1073 5160 Sanctus,
1100 5073 1260 5162 Sanctus,
1288 5075 1441 5147 Sanctus

698 5186 872 5259 Sacerdos
898 5188 1088 5258 irretiantur.
1141 5191 1283 5265 Sanctus
1311 5214 1348 5262 es
1376 5190 1468 5261 Deus
1495 5191 1607 5274 Pater,
1633 5190 1776 5263 Sanctus
1802 5211 1841 5262 os
1865 5191 1965 5264 Deus

594 5300 676 5390 Fili,
706 5301 847 5373 Sanctus
881 5325 920 5373 es
946 5303 1088 5399 Spiritus
1120 5314 1253 5393 sancte,
1290 5305 1435 5378 Trirtitas
1468 5314 1583 5378 sancta
1616 5316 1651 5378 et
1681 5307 1840 5398 indivise,
1874 5329 1966 5382 uuus
