5150 6534
909 842 940 919 S.
966 842 1163 922 ioannis
1189 845 1551 925 nvnnonttsnnn.
1840 851 1914 928 161

650 1026 810 1118 Populus.
835 1027 955 1100 Amen.

650 1144 826 1215 Sacerdos
851 1146 1042 1221 inclinatur.
1094 1150 1216 1223 Iterum
1243 1173 1541 1225 commemoramus
1556 1175 1669 1226 coram
1686 1163 1731 1242 te,
1756 1156 1912 1245 Domine,
1969 1195 2023 1281 α

549 1283 665 1334 omnes
691 1269 826 1333 sanctos
854 1271 887 1333 et
912 1275 1041 1358 patres,
1069 1288 1142 1336 cum
1170 1267 1364 1362 Prophetis,
1394 1269 1588 1364 Apostoiis,
1620 1269 1846 1367 Martyribus,
1879 1284 1913 1346 et

547 1374 825 1451 confessoribus:
853 1387 951 1473 atque
976 1385 1041 1455 Dei
1068 1382 1237 1456 Genitrioe
1264 1395 1299 1455 et
1324 1386 1476 1458 omnibus
1502 1390 1653 1466 sanctis„

648 1500 797 1575 Eioaaas
822 1523 947 1572 vocem.
973 1498 1018 1570 Et
1045 1500 1176 1572 illorum
1202 1512 1391 1572 sanctorum
1418 1506 1599 1574 amicorum
1625 1512 1756 1574 tuorum
1780 1526 1910 1577 memo-

545 1622 629 1693 riam
656 1631 816 1713 agentes,
844 1617 1061 1689 obsecramus
1089 1627 1121 1687 et
1148 1616 1365 1712 deprecamur
1392 1627 1446 1705 te,
1478 1617 1651 1705 Domine,
1673 1629 1708 1690 ut
1739 1640 1801 1713 per
1830 1620 1913 1693 illo-

544 1758 616 1807 rum
652 1741 822 1810 orationes
857 1755 958 1829 puras
991 1743 1025 1804 et
1059 1744 1211 1819 sanctas,
1244 1731 1333 1823 digni
1372 1733 1550 1804 efficiamur
1584 1734 1693 1810 locum
1731 1738 1817 1807 inter
1851 1757 1912 1809 eos

543 1850 697 1940 habendi,
724 1862 758 1925 et
784 1862 908 1923 sortem
928 1872 1014 1943 quae
1040 1847 1104 1919 iliis
1131 1850 1266 1940 obtigit:
1293 1852 1521 1943 pergratiam
1547 1859 1648 1937 mam,
1674 1860 1708 1920 et
1728 1874 1790 1945 per
1805 1854 1913 1925 mise-

543 1968 740 2057 ricordiam,
779 1988 992 2060 amoremque
1018 1987 1100 2057 erga
1128 1963 1277 2037 homines
1304 1968 1465 2056 unigeniti
1490 1965 1565 2038 Filii
1585 1970 1646 2055 tui,
1673 1988 1733 2060 per
1760 1989 1857 2060 quent
1881 1978 1914 2040 et
1964 1960 1969 1967 ‘

546 2103 621 2154 oum
649 2106 715 2178 qno
744 2094 777 2155 te
803 2083 901 2154 decet
926 2079 1051 2174 gloria,
1078 2090 1141 2152 etc.
1348 2080 1510 2173 Populus.
1536 2082 1654 2153 Amen.

650 2198 826 2271 Sacerdos
851 2198 1043 2269 inclinatae.
1070 2195 1239 2281 Memento
1266 2200 1386 2284 edam,
1413 2187 1574 2284 Domine,
1600 2198 1806 2284 Praesulum,
1834 2200 1912 2272 Do-

543 2323 689 2401 ctorum,
716 2326 751 2386 ot
776 2316 953 2387 Pastorum
978 2311 1153 2384 Ecclesiae
1179 2322 1256 2384 tuae
1282 2322 1420 2385 sauctae
1445 2312 1672 2385 Ortbodoxae.

649 2430 801 2501 Eteaaas
826 2452 951 2501 uocem.
977 2428 1105 2502 Eorum
1132 2431 1187 2522 qni
1213 2451 1273 2523 per
1300 2429 1483 2500 doctrinam
1509 2451 1625 2502 veram
1646 2440 1680 2500 et
1694 2431 1913 2523 Dominioam,

532 2548 785 2631 ,constituerunt
810 2546 982 2618 Ecclesiae
1009 2555 1083 2615 tuas
1110 2555 1265 2632 sanctae,
1292 2554 1328 2615 et
1353 2543 1394 2615 ab
1421 2545 1484 2616 iliis
1512 2544 1770 2618 deturbaverunt
1797 2570 1913 2620 ornnes

542 2660 705 2734 haereses
731 2665 958 2758 perniciosas,
986 2671 1021 2732 et
1045 2683 1106 2755 per
1132 2659 1288 2752 dogmata
1316 2682 1395 2749 sua,
1422 2665 1598 2733 veritatem
1624 2662 1701 2735 fidei
1718 2686 1822 2736 verae
1844 2688 1912 2760 pu-

542 2775 762 2849 blicaverunt.
817 2778 1042 2849 Obsecramus
1070 2786 1121 2862 te,
1148 2776 1310 2864 Domine,
1337 2787 1373 2848 ut
1398 2800 1459 2872 per
1485 2781 1744 2852 intercessiones
1779 2790 1913 2853 sanctem

543 2884 697 2981 illorum,
724 2893 955 2966 confirmemur
982 2895 1013 2961 in
1042 2891 1190 2963 doctrina
1216 2892 1408 2965 vivificante
1435 2893 1580 2965 illorum:
1620 2905 1655 2965 nt
1687 2919 1750 2969 nos
1784 2907 1819 2968 et
1850 2901 1912 2992 ipsi

543 3006 730 3080 referamus
757 3008 834 3096 tibi,
861 3019 924 3079 eto.

650 3123 810 3215 Papiriae.
837 3126 956 3197 Amen.

648 3238 823 3311 Sacerdos
849 3239 1039 3310 inclinatos.
1066 3238 1256 3327 Memento,
1281 3238 1438 3327 Domine,
1464 3245 1683 3335 pergratiam
1708 3242 1911 3327 tuam,eo-

542 3377 616 3425 rnm
644 3358 696 3448 qni
730 3354 873 3427 anobis
907 3359 1052 3449 separati
1079 3365 1171 3443 sunt,
1199 3364 1232 3426 et
1259 3355 1301 3427 ad
1329 3365 1361 3426 te
1393 3360 1635 3447 migraverunt:
1670 3362 1725 3452 qui
1760 3381 1912 3453 accepe-

543 3479 620 3541 runt
646 3494 767 3565 corpus
795 3481 829 3541 et
855 3474 1050 3562 sanguinem
1077 3482 1164 3542 tuum
1196 3476 1397 3567 pretiosum,
1435 3484 1469 3544 et
1501 3471 1667 3564 obsignati
1700 3473 1832 3545 fuerunt
1858 3478 1912 3545 si-

544 3586 688 3678 gnaculo
725 3598 797 3670 tuo,
838 3610 857 3657 a
899 3597 1048 3681 tempore
1087 3590 1213 3680 primae
1246 3590 1456 3660 institutionis
1491 3586 1712 3678 Christianae,
1750 3589 1791 3660 ad
1826 3590 1912 3662 hunc

545 3723 653 3796 nsque
680 3702 775 3775 diem.
813 3699 818 3707 ’

647 3818 795 3888 Derane
820 3841 945 3888 nocero.
973 3817 1025 3888 Tu
1052 3840 1089 3889 es
1117 3821 1203 3889 enim
1230 3827 1363 3889 creator
1389 3822 1569 3890 animarum
1595 3831 1629 3891 et
1656 3843 1850 3917 corporum,
1879 3835 1913 3895 et

545 3943 580 4005 te
606 3944 805 4028 exspectant
832 3937 887 4028 qui
914 3933 1156 4022 decubuerunt,
1182 3943 1217 4005 et
1243 3955 1337 4028 spem
1364 3945 1450 4005 tuam
1471 3934 1694 4009 vivificantem
1721 3943 1910 4034 respiciunt.

543 4049 676 4121 Suscita
702 4049 795 4138 ibos,
823 4049 983 4137 Domine,
1010 4053 1043 4119 in
1070 4048 1123 4119 die
1149 4047 1205 4119 ilio
1232 4052 1432 4122 novissimo:
1467 4049 1725 4145 tranquillusque
1760 4057 1803 4125 sit
1829 4075 1911 4144 erga

542 4165 619 4237 illos
646 4165 756 4236 vultus
783 4175 871 4236 tuus:
899 4176 931 4236 et
958 4164 1081 4235 diunitte
1108 4187 1169 4259 per
1196 4165 1455 4237 misericordiam
1483 4175 1572 4237 tuam
1600 4165 1719 4239 delicta
1746 4181 1780 4241 et
1806 4168 1908 4239 deie-

543 4290 616 4353 ctus
644 4303 774 4353 eorum:
811 4286 885 4375 quia
919 4303 1035 4352 eornm
1067 4285 1120 4375 qui
1153 4303 1254 4375 super
1285 4291 1405 4351 terram
1442 4279 1574 4352 fuerunt
1608 4281 1715 4353 nullus
1747 4286 1911 4377 reperitur

544 4396 683 4467 mundus
710 4422 730 4468 a
758 4395 912 4468 sordibus
939 4401 1087 4492 peccati,
1121 4400 1183 4467 nisi
1215 4396 1376 4469 Dominus
1410 4396 1502 4468 Dens
1536 4407 1569 4468 et
1603 4396 1761 4468 Salvator
1795 4409 1911 4471 noster

544 4513 645 4583 Jesns
672 4509 822 4584 Christus
848 4516 1036 4604 unigenitus
1061 4512 1164 4585 Filius
1196 4522 1286 4601 tnus3
1326 4536 1386 4609 per
1418 4536 1516 4607 quem
1547 4534 1611 4584 nos
1643 4514 1740 4584 etiam
1773 4519 1909 4612 miseri-

545 4628 693 4699 cordiam
720 4633 880 4722 consequi
907 4650 1099 4723 speromns,
1127 4639 1160 4699 et
1187 4633 1416 4701 remissionem
1443 4639 1658 4722 peccatorum
1674 4652 1759 4722 qnae
1773 4643 1909 4724 propter

546 4763 620 4813 eum
648 4754 715 4832 est,
744 4755 777 4814 et
802 4743 898 4815 nobis
926 4754 960 4814 et
985 4748 1076 4838 ipsis.
1194 4743 1352 4837 Populos.
1381 4745 1531 4829 Quietem
1558 4754 1702 4838 praesta.

647 4856 831 4930 Sacerdos.
859 4860 983 4947 Parae,
1011 4871 1044 4930 et
1074 4859 1167 4946 dele,
1201 4861 1345 4931 Domine
1374 4860 1486 4949 Dens,
1526 4872 1664 4955 peccata
1696 4870 1729 4931 et
1761 4863 1908 4935 maculas

543 4983 696 5060 nostras,
725 4985 758 5045 et
784 4974 932 5064 iliorum,
960 4997 1187 5069 quaecumque
1212 4975 1299 5047 male
1327 4986 1360 5046 et
1386 4980 1496 5071 inique
1522 4999 1542 5046 a
1574 4976 1670 5048 nobis
1706 4988 1741 5048 et
1770 4978 1811 5049 ab
1844 4976 1908 5049 illis

544 5092 724 5161 commissa
741 5100 831 5163 sunt:
859 5089 1006 5163 concede
1020 5090 1117 5162 nobis
1131 5093 1306 5186 puritatem
1322 5100 1356 5163 et
1372 5096 1590 5179 sanctitatem,
1617 5100 1802 5188 statumque
1818 5095 1908 5165 vitae

542 5204 760 5301 inculpatum,
788 5218 822 5277 et
848 5206 997 5278 fiduciam
1024 5205 1205 5300 perfectam
1232 5229 1346 5279 coram
1374 5218 1418 5295 te,
1446 5208 1573 5302 absque
1597 5205 1693 5300 lapsu
1719 5213 1753 5281 iu
1778 5231 1908 5304 pecca-

543 5328 629 5392 tum:
657 5331 690 5392 nt
716 5345 849 5418 semper
875 5321 1097 5414 glorificetur,
1123 5320 1294 5412 landetur,
1314 5334 1349 5394 et
1361 5322 1541 5396 honoretur
1554 5343 1675 5394 nomen
1694 5333 1783 5397 tuum
1802 5346 1909 5420 prae-
