5150 6534
807 878 861 954 tn
890 873 1181 953 urnunoms
1214 870 1484 953 sinitris.
1755 873 1828 953 ιιι
1924 851 1926 856 ’

452 1061 560 1127 sertim
582 1076 657 1123 vero
679 1058 865 1141 baptismum
887 1067 920 1123 et
940 1056 1159 1121 Eucharistiam
1182 1058 1354 1142 designant,
1377 1064 1410 1119 ut
1432 1076 1473 1119 ex
1485 1056 1708 1121 recentioribus
1723 1058 1830 1123 Theo-

454 1160 535 1245 logis
556 1158 745 1223 manifestum
767 1167 825 1222 est.
869 1159 913 1222 Ea
942 1176 1064 1238 quoque
1094 1158 1228 1249 ratione,
1255 1157 1505 1220 Nestorianorum
1535 1155 1707 1221 Catholicus
1735 1158 1829 1237 Elias,

455 1276 533 1334 voce
555 1257 686 1322 Arabica
708 1257 794 1339 cujus
817 1258 864 1320 vis
887 1255 992 1319 eadem
1023 1262 1089 1332 est,
1117 1271 1203 1318 sacra
1227 1255 1370 1337 mysteria
1392 1255 1555 1335 appellavit
1577 1256 1607 1317 in
1628 1254 1828 1336 Expositione

455 1356 526 1419 iidei
549 1356 744 1420 Christianae.
789 1355 822 1418 ln
845 1356 941 1436 prima
962 1353 1013 1416 illa
1036 1356 1213 1435 acceptione
1236 1371 1298 1416 vox
1321 1355 1398 1435 Syra
1419 1345 1553 1438 τελετήν
1574 1362 1631 1416 seu
1645 1355 1828 1418 Sacramen-

455 1464 518 1518 tum
539 1454 746 1518 Eucharistiae
760 1453 948 1536 significabit.
993 1453 1116 1531 Verum,
1135 1462 1274 1534 utsupra
1297 1452 1536 1526 observavimus,
1559 1469 1625 1514 cum
1638 1452 1744 1515 eadem
1765 1473 1828 1517 vox

461 1553 633 1616 Carbonem
655 1571 777 1634 quoque
799 1552 961 1634 significet,
985 1559 1015 1614 et
1037 1552 1076 1612 ita
1091 1551 1258 1632 appellatas
1282 1556 1412 1642 cocstet,
1435 1568 1497 1613 non
1519 1551 1634 1632 aSyris
1650 1552 1750 1631 modo,
1773 1553 1828 1616 sed

452 1670 475 1712 a
503 1652 629 1733 Coptitls
661 1652 825 1734 particulas
859 1653 945 1733 panis
977 1650 1177 1713 Eucharistiei
1205 1652 1391 1728 consecrati,
1414 1667 1470 1729 per
1498 1648 1704 1730 metaphoram
1730 1670 1748 1711 a
1777 1650 1828 1712 vi-

452 1752 542 1815 sione
564 1750 661 1813 Isaiae
684 1769 876 1833 expressam,
900 1769 997 1831 aeque
1025 1749 1093 1812 huic
1121 1749 1191 1813 loeo
1213 1750 1290 1812 haec
1319 1748 1497 1830 significatio
1524 1754 1626 1827 potest
1654 1750 1828 1813 convenire.
1936 1759 1941 1764 ·

456 1847 627 1912 Secundum
649 1850 727 1911 hanc
748 1837 998 1933 significationem
1021 1847 1136 1909 dicunt:
1161 1846 1262 1910 Carbo
1280 1849 1514 1928 propitiatoriac
1536 1847 1676 1925 corporis
1697 1854 1728 1907 et
1748 1866 1827 1909 som·
1873 1847 1958 1901 troiae
1975 1866 1998 1901 ο·
2014 1849 2042 1904 0·

454 1949 557 2027 periris
579 1946 694 2009 Chmhti
712 1947 786 2026 Dei,
809 1949 878 2028 quia
900 1946 980 2028 apud
1002 1945 1179 2027 Prophetam
1202 1947 1330 2030 legitur:
1359 1945 1440 2008 Ecce
1462 1946 1558 2025 tetigit
1577 1945 1636 2006 boc
1658 1942 1741 2007 lobio
1763 1954 1828 2022 teo,

455 2052 488 2106 et
514 2044 671 2124 auferebar
702 2047 846 2126 iniquiter
875 2054 941 2122 mo,
975 2054 1005 2107 et
1030 2052 1190 2125 peccatam
1225 2054 1307 2107 tuam
1335 2042 1535 2106 mundabitur.
1580 2041 1696 2104 Dicitur
1729 2050 1829 2105 autem

455 2130 587 2227 τελετή,
609 2162 664 2207 seu
687 2143 797 2223 carbo,
821 2146 961 2225 corporis
983 2151 1015 2208 et
1036 2144 1191 2226 sanguinis
1215 2143 1344 2222 Christi,
1369 2143 1436 2223 quia
1459 2141 1605 2222 particula
1636 2158 1714 2221 quae
1742 2158 1830 2202 com-

456 2243 675 2305 municantibus
697 2243 878 2323 praebetur,
901 2261 959 2323 per
981 2244 1121 2305 unionem
1145 2260 1200 2304 seu
1225 2232 1333 2325 Ἀγίαν
1361 2236 1490 2319 ἕνωσιν,
1521 2239 1559 2303 de
1588 2258 1646 2320 qua
1676 2240 1829 2320 superius,

457 2346 490 2402 et
520 2340 742 2420 intinctionem,
776 2339 942 2403 secundum
976 2357 1162 2408 communem
1190 2340 1386 2403 Orientalium
1415 2339 1519 2417 fidem,
1558 2340 1691 2401 continet
1709 2354 1829 2417 ,corpus

458 2429 569 2502 Christi
593 2446 627 2502 et
644 2440 838 2522 sanguinem,
860 2447 893 2501 ut
916 2441 1005 2502 etiam
1027 2447 1111 2521 gutta
1135 2439 1324 2520 quantumvis
1346 2441 1465 2501 minima
1493 2458 1533 2501 ex
1555 2437 1660 2501 calice.
1704 2436 1830 2499 Doctri-

457 2555 526 2599 nam
548 2538 626 2601 enim
655 2539 921 2616 consummantia,
952 2545 984 2599 nt
1014 2537 1118 2600 schola
1147 2539 1239 2621 vulgo
1269 2538 1418 2619 loquitur,
1445 2555 1506 2599 non
1536 2538 1631 2599 minus
1661 2554 1749 2617 quam
1772 2553 1828 2598 nos

457 2644 644 2717 agnoscunt,
666 2643 699 2697 ut
720 2635 758 2699 de
782 2635 907 2698 Graecis
929 2636 1149 2698 recentioribus
1171 2638 1336 2717 perspicue
1350 2644 1479 2714 constat,
1502 2654 1542 2698 ex
1555 2635 1698 2716 Epistolis
1716 2632 1831 2696 hlcletii
1878 2634 1953 2703 opas.
1980 2633 2024 2686 or.
2046 2652 2073 2703 v·
2092 2633 2153 2687 ¹⁰0·

454 2734 531 2816 l’iga
558 2733 750 2797 Patriarchae
780 2731 995 2813 Alexandrini,
1026 2751 1044 2796 a
1072 2734 1160 2798 nobis
1196 2736 1294 2798 editis.
1345 2735 1391 2798 Dc
1421 2734 1642 2812 Orientalibus,
1677 2735 1734 2797 etsi
1764 2728 1865 2795 rem‘l
1882 2737 1933 2789 “t-

456 2833 554 2912 ipsam
577 2832 765 2915 Theologice
787 2849 848 2896 nou
870 2839 1094 2908 tractaverunt,
1117 2851 1178 2894 non
1201 2834 1298 2896 minus
1321 2842 1436 2897 eertum
1459 2843 1506 2897 est
1527 2853 1568 2898 ex
1590 2833 1739 2897 constanti
1756 2831 1830 2893 illo-

457 2948 524 2994 rum
547 2931 722 3013 disciplina,
744 2931 908 2995 secundum
932 2950 1037 3013 quam,
1060 2926 1129 2994 dum
1152 2933 1294 2995 viaticum
1316 2933 1437 2996 infirmis
1461 2933 1610 3010 deterunt,
1633 2932 1728 2996 solam
1742 2930 1829 3011 panis

454 3031 629 3093 ‚consecrati
651 3030 827 3111 particulam
848 3030 908 3093 ibis
931 3030 1086 3111 praebent.
1130 3028 1313 3111 Infantihus‚
1344 3033 1371 3093 si
1396 3032 1475 3094 illam
1499 3031 1648 3115 deglutire
1670 3048 1730 3093 non
1753 3047 1830 3110 pos-

454 3136 542 3208 sunt,
565 3129 660 3212 digito
683 3129 713 3190 in
735 3128 831 3191 calice
853 3130 976 3192 intincto
999 3130 1122 3210 plenam
1144 3131 1282 3210 corporis
1313 3138 1345 3192 et
1366 3132 1522 3213 sanguinis
1552 3131 1665 3193 Christi
1693 3145 1830 3192 commu-

457 3228 577 3289 nionem
599 3226 673 3290 dare
695 3245 730 3290 se
752 3246 813 3290 non
836 3227 978 3291 dubitant.
1022 3228 1105 3290 llaec
1128 3235 1227 3291 autem
1249 3227 1344 3291 fusius
1368 3230 1507 3310 exposita
1529 3237 1599 3291 sunt
1620 3229 1651 3290 in
1666 3226 1830 3291 Commen-

392 3349 396 3361 ·
456 3326 540 3387 tario>
557 3324 595 3388 ad
617 3313 718 3387 Basilii
741 3323 895 3407 Copticam
918 3326 1099 3408 Liturgiam,
1124 3334 1154 3388 et
1176 3326 1246 3388 alibi
1274 3345 1341 3389 cum
1370 3326 1408 3389 de
1439 3326 1655 3391 communione
1684 3327 1740 3389 sub
1771 3343 1829 3388 ona

457 3423 508 3486 vel
530 3430 658 3504 utraque
679 3426 784 3505 specie
807 3433 965 3488 tractatum
988 3433 1050 3488 est:
1073 3443 1152 3506 quae
1173 3433 1317 3506 repetere
1340 3444 1417 3506 opus
1440 3419 1579 3503 nonest,
1603 3443 1669 3487 cum
1682 3423 1770 3486 valde
1783 3425 1829 3487 si-

457 3522 535 3585 milis
557 3522 669 3602 ubique
691 3522 748 3585 hac
770 3524 801 3585 in
824 3531 910 3604 parte
933 3524 970 3585 sit
994 3523 1190 3586 Orientalium
1213 3523 1379 3604 disciplina.

544 3619 687 3702 Sequitur
708 3622 739 3683 in
768 3621 876 3684 eodem
905 3621 1007 3684 Ollicio
1031 3624 1179 3683 communi
1202 3622 1379 3684 Colhertino
1408 3622 1605 3685 Sacerdotem
1628 3630 1758 3702 pertore
1779 3621 1832 3681 di-

457 3737 542 3781 rcam
564 3720 711 3795 dextero,
739 3721 863 3782 calicem
891 3722 1035 3781 sinistro:
1063 3740 1187 3800 comque
1210 3740 1392 3801 progressus
1418 3721 1512 3799 fuerit
1537 3741 1558 3783 o
1581 3730 1673 3801 purte
1700 3726 1832 3799 septem-
1951 3704 1961 3713 ⁸

458 3818 583 3879 trionod
605 3819 648 3879 od
669 3818 843 3896 cosmatem,
866 3819 986 3881 elevare
1008 3818 1176 3897 decreram,
1200 3827 1260 3880 tom
1272 3820 1377 3899 egredi
1386 3821 1531 3900 mysterio
1547 3820 1613 3880 sive
1628 3818 1831 3894 Sacramenta,

457 3914 517 3976 hoc
539 3923 588 3978 cst
611 3924 697 3979 extra
719 3917 920 3979 sanctuarium
943 3913 1067 3993 deferri,
1090 3917 1134 3978 od
1154 3919 1390 3978 communionem
1412 3917 1519 3978 boicis
1541 3925 1570 3978 et
1590 3924 1697 3995 posteo
1717 3916 1831 3994 [oemi-

458 4016 508 4074 m's
529 4015 767 4094 impertiendam.
811 4014 893 4078 llaec
917 4016 1106 4077 caeremonia
1130 4016 1356 4077 accuratissime
1379 4015 1561 4077 describitur
1584 4017 1612 4076 in
1635 4015 1745 4077 Rituali
1768 4012 1832 4075 Ga-

458 4110 562 4174 brielis
586 4112 776 4176 Patriarchae
798 4113 1013 4192 Alexandrini,
1043 4112 1080 4174 ab
1108 4112 1225 4175 Autore
1248 4114 1392 4176 scientiae
1415 4113 1666 4189 Ecclesiasticae,
1694 4120 1725 4176 et
1755 4112 1831 4174 aliis.

460 4209 602 4283 Quamvis
634 4219 733 4275 autern
760 4213 865 4293 paucis
891 4212 994 4274 verbis
1022 4211 1101 4274 illam
1125 4213 1242 4293 Syriaci
1263 4212 1397 4275 Rituales
1428 4212 1585 4290 deliniant,
1616 4211 1713 4292 qualis
1741 4210 1833 4273 luerit

459 4307 642 4372 sulhcienter
663 4309 846 4391 intelligitur.
892 4309 1001 4373 Discus
1025 4310 1104 4372 enim
1127 4329 1215 4374 socer
1237 4311 1399 4391 particulas
1421 4309 1511 4373 habet
1524 4318 1731 4388 consecratas,
1754 4329 1832 4391 quae

459 4405 633 4483 elevantur,
657 4415 688 4469 et
711 4408 922 4470 ostenduntur.
967 4408 1027 4489 lpsi
1050 4419 1147 4472 autem
1170 4410 1374 4472 Protestantes
1398 4408 1598 4472 elevationem
1624 4408 1833 4474 Eucharistiae

460 4522 528 4567 cum
560 4506 628 4586 ejus
656 4505 832 4570 adoratione
868 4514 1026 4589 tantopere
1055 4509 1244 4588 conjunctam
1271 4507 1424 4589 judicant,
1454 4517 1487 4570 ut
1516 4508 1596 4589 quod
1619 4507 1699 4569 illam
1722 4525 1834 4571 caere-

459 4603 588 4665 moniam
622 4605 652 4665 iu
683 4604 807 4667 Graecis
838 4604 999 4669 codicibus
1028 4605 1127 4668 multis
1155 4625 1216 4669 non
1245 4608 1431 4688 reperirent,
1465 4625 1526 4670 non
1556 4607 1677 4669 adorari
1707 4608 1744 4669 ab
1774 4607 1831 4669 illis
1895 4621 1897 4624 ’

459 4701 679 4764 Eucharistiam
708 4702 929 4766 affirmaverint·
983 4705 1080 4787 lgitur
1114 4706 1202 4767 etiam
1238 4725 1278 4768 ex
1313 4706 1432 4768 illorum
1460 4707 1610 4768 sententia
1644 4706 1696 4767 ubi
1725 4704 1833 4767 eleva·
1945 4730 1947 4735 ¹

459 4807 527 4880 tur,
561 4799 719 4864 adoratur:
755 4809 846 4883 atque
874 4802 950 4865 adeo
980 4821 1049 4865 cum
1072 4803 1210 4867 elevetur
1232 4803 1312 4885 apud
1336 4805 1443 4885 Syros,
1465 4804 1585 4867 adorari
1609 4822 1729 4885 quoque
1751 4797 1833 4867 illam
1863 4812 1873 4818 ’

460 4916 589 4962 necesse
609 4907 665 4961 est.
694 4900 807 4962 Verum
826 4902 923 4963 cultus
947 4901 998 4964 illc
1021 4903 1182 4985 religiosus
1206 4910 1264 4963 tam
1287 4904 1455 4984 perspicuis
1479 4904 1663 4986 argumentis
1687 4904 1832 4983 probatus

460 5005 508 5060 est
536 4999 567 5059 in
597 4995 817 5062 Commentario
847 5000 883 5062 ad
911 5000 1076 5082 liturgiam
1106 5000 1207 5064 Basilii
1230 4999 1401 5082 Copticam,
1430 5011 1461 5065 et
1483 5002 1568 5081 alibi,
1591 5010 1624 5064 ut
1646 5001 1753 5065 eadem
1776 5019 1834 5063 re-

458 5100 567 5173 petere
590 5113 718 5161 necesse
741 5115 802 5160 non
824 5081 876 5161 sit}
900 5117 967 5162 cum
990 5100 1059 5162 talia
1081 5100 1156 5178 sint,
1180 5099 1353 5164 utiliorum
1377 5102 1423 5163 vis
1452 5109 1484 5163 et
1512 5101 1658 5163 autoritas
1689 5119 1747 5180 per
1773 5097 1833 5161 tri-

459 5191 547 5255 volas
583 5195 789 5260 cavillationes
819 5197 900 5261 eludi
931 5209 1091 5279 nequeant.
1136 5199 1341 5278 digrediuntur
1360 5202 1521 5282 mysterio,
1554 5201 1623 5279 quia
1649 5199 1748 5261 Laicis
1783 5200 1834 5260 iu-

459 5298 506 5352 tra
548 5295 750 5357 sanctuarium
785 5296 1024 5360 communionem
1053 5298 1193 5377 accipere
1226 5313 1286 5359 non
1319 5296 1402 5360 licet:
1431 5297 1524 5361 multo
1554 5299 1652 5360 minus
1682 5297 1832 5378 foeminis,

498 5426 622 5471 rmum
1577 5416 1625 5490 19
