5150 6534
605 805 679 881 132
1009 805 1187 883 LlTUllGhl
1212 807 1333 884 timuit
1359 808 1390 884 S.
1416 807 1562 886 ticoni.

1026 1094 1148 1166 Oratio
1174 1099 1368 1191 gratiarum
1393 1101 1551 1169 actionis.

705 1296 889 1367 Sacerdos.
943 1295 1076 1369 Gratias
1113 1301 1241 1390 agimus
1274 1297 1353 1385 tibi,
1379 1297 1538 1385 Domine,
1571 1309 1709 1395 propter
1738 1296 1978 1372 multitudinem

601 1415 850 1484 miserationum
878 1420 1017 1500 tuarum,
1043 1434 1106 1507 per
1132 1435 1214 1507 quas
1240 1416 1420 1485 meruimus
1447 1411 1712 1487 communionem
1731 1435 1872 1490 mensae
1898 1423 1977 1488 tuae

602 1526 769 1599 coelestis.
821 1526 874 1598 Ne
902 1525 1180 1616 condemnemur,
1207 1529 1368 1619 Domine,
1402 1542 1540 1625 propter
1567 1532 1813 1626 susceptionem
1838 1537 1977 1627 myste-

602 1646 726 1714 riorum
753 1654 882 1714 tuorum
915 1653 1123 1732 sanctorum3
1157 1666 1276 1716 verum
1311 1654 1448 1740 praesta
1479 1644 1594 1736 nobis,
1626 1655 1663 1718 ut
1694 1647 1977 1718 communicemus

602 1761 730 1851 spiritui
758 1767 813 1829 tuo
841 1768 969 1846 sancto,
1002 1767 1136 1829 etcum
1165 1757 1317 1830 omuibus
1340 1764 1438 1851 justis
1466 1765 1521 1856 qui
1547 1783 1567 1832 a
1593 1758 1729 1835 saeculo
1755 1759 1891 1832 fuerunt
1916 1761 1976 1832 in-

600 1875 774 1944 veniamus
800 1882 929 1967 partem
957 1883 991 1944 et
1018 1871 1268 1962 haereditatem,
1296 1874 1549 1971 referamusque
1576 1874 1633 1947 tibi
1654 1875 1797 1969 gloriam
1824 1882 1860 1946 et
1883 1896 1976 1968 gra-

603 1992 720 2059 tiarum
747 1991 922 2075 actionem,
950 1997 984 2058 et
1008 1991 1191 2080 unigenito,
1218 1999 1280 2061 etc.

702 2102 863 2195 Populus.
916 2103 1036 2175 Arnen.

702 2217 885 2289 Sacerdos.
938 2219 1022 2290 Pax.

702 2334 888 2404 Diacoaua.
941 2333 1024 2406 Post
1050 2338 1304 2430 susceptionem.
1371 2415 1379 2431 ⁸

701 2449 861 2540 Populus.
917 2448 1040 2522 Coram
1067 2461 1110 2522 te.
1313 2500 1318 2509 -
1957 2500 1967 2516 ·

700 2563 884 2637 Sacerdos.
938 2568 1030 2639 Deus
1063 2588 1204 2658 magnus
1240 2574 1275 2636 et
1306 2563 1526 2655 admirabilis,
1562 2565 1617 2658 qui
1650 2575 1788 2662 propter
1827 2564 1977 2642 salutern

598 2682 733 2771 generis
771 2683 876 2752 nostri
911 2680 1043 2753 humani
1078 2682 1276 2753 inelinavisti
1310 2678 1445 2768 coelos,
1485 2688 1519 2750 et
1551 2679 1767 2754 descendisti:
1802 2687 1976 2779 propitius

601 2805 675 2868 esto
703 2806 737 2866 el
762 2801 922 2870 miserere
949 2798 1064 2885 nobis,
1091 2807 1127 2867 ut
1158 2807 1322 2892 perpetuo
1357 2795 1580 2888 glorificemus
1612 2806 1646 2868 te
1679 2795 1787 2870 Deum
1821 2797 1976 2893 Patrem,

599 2908 718 2983 Filium
746 2922 833 2984 tuum
862 2923 894 2984 et
921 2912 1078 3007 Spiritum
1106 2922 1194 2984 tuum
1222 2922 1384 3001 sanctum,
1410 2934 1509 3003 nunc,
1535 2912 1745 2985 etc.'Ameu.

700 3029 856 3116 Benedic.
883 3030 1035 3102 Domine.
1089 3028 1274 3098 Sacerdos.
1301 3027 1449 3099 Benedic
1476 3027 1628 3101 omuibus
1653 3026 1762 3103 nobis.

963 3381 1601 3439 ψ

719 3773 795 3862 un
842 3772 1085 3866 uncum
1130 3715 1466 3865 anutium
1510 3772 1833 3866 urrunnun

1028 3989 1549 4109 OBSERVATIO.

707 4229 804 4305 lsrrus
828 4240 981 4323 Liturgiae
1004 4241 1124 4301 unicum
1154 4240 1311 4302 habuimus
1334 4241 1489 4321 exemplar
1511 4260 1551 4303 ex
1573 4238 1758 4303 Bibliotheca
1781 4237 1972 4325 colbertina,

594 4362 704 4405 recens
728 4344 835 4422 procul
854 4344 957 4420 dubio,
981 4343 1221 4424 quandoquidem
1244 4344 1311 4419 ejus
1334 4343 1493 4423 antiquitas
1517 4349 1636 4405 centum
1658 4342 1765 4424 viginti
1787 4359 1886 4408 anuos
1916 4348 1975 4410 vix

595 4444 723 4523 attingit,
747 4449 779 4503 ut
802 4442 994 4525 intelligimus
1018 4462 1059 4504 ex
1082 4442 1183 4519 titulo,
1207 4443 1257 4522 qui
1280 4461 1345 4504 eam
1368 4442 1535 4504 ordinatam
1558 4459 1629 4504 esse
1651 4441 1742 4504 docet
1763 4457 1844 4506 anuto
1861 4441 1974 4509 'Gree-

594 4558 697 4602 corum
710 4559 766 4602 seu
781 4541 1004 4604 Seleucidarum
1019 4540 1231 4604 MDCCGClll.
1255 4542 1305 4620 qui
1319 4541 1485 4622 respondet
1497 4558 1576 4603 anno
1589 4540 1617 4603 J.
1635 4540 1670 4604 G.
1683 4537 1818 4602 thXGl.
1839 4540 1974 4626 Absque

594 4660 630 4702 ca
654 4640 798 4720 temporis
822 4648 893 4702 nota
917 4639 1033 4719 luisset,
1058 4641 1221 4702 existimari
1244 4646 1375 4720 poterat,
1398 4640 1548 4702 brevioris
1562 4640 1649 4701 istius
1663 4638 1818 4719 liturgiae
1830 4637 1972 4704 Officium

593 4740 760 4801 ordinatum
783 4736 877 4800 luisse
899 4758 917 4800 a
938 4738 1088 4822 Gregorio
1110 4738 1320 4822 Abullaragio‚
1342 4758 1382 4801 ex
1404 4738 1503 4800 multis
1527 4738 1592 4799 aliis
1614 4737 1756 4818 operibus
1767 4735 1972 4804 Ecclesiasti-

594 4839 637 4899 cis
666 4839 835 4914 notissimo,
865 4837 903 4899 de
931 4855 991 4917 quo
1019 4840 1107 4919 plura
1136 4838 1273 4902 dicentur
1300 4837 1331 4898 in
1358 4836 1626 4899 Observationibus
1649 4836 1686 4898 ad
1708 4834 1788 4898 illius
1809 4837 1972 4917 proprium

464 4944 466 4947 ‘
592 4935 767 5019 Liturgiam.
814 4936 957 4998 Eamdem
980 4938 1058 4999 enim
1084 4940 1151 5019 ipse
1178 4938 1351 5020 dignitatem
1379 4936 1525 4999 Catholici
1553 4954 1608 4999 seu
1636 4933 1806 5013 llofriuuo,
1836 4934 1971 5000 obtinuit

592 5036 622 5096 iu
645 5034 784 5096 Ecclesia
808 5035 886 5115 Syra
907 5035 1086 5110 tacobirica,
1116 5055 1152 5099 ac
1181 5038 1336 5100 recentior
1358 5038 1414 5098 iste
1438 5035 1616 5116 Gregorius.
1661 5031 1723 5096 Sed
1744 5050 1813 5095 cum
1833 5031 1972 5098 muita-

592 5136 709 5217 regium
732 5150 811 5195 anno
825 5132 1008 5196 Graecorum
1023 5134 1197 5198 muxcvtt.
1219 5136 1247 5201 J.
1267 5135 1303 5203 G.
1315 5134 1545 5198 mdclxxxv.
1568 5141 1719 5197 mortuum
1741 5150 1812 5195 esse
1834 5140 1972 5214 constet,

593 5250 633 5294 cx
647 5232 761 5295 Codice
773 5232 922 5312 mediceo,
945 5233 1112 5315 Gregorius
1135 5235 1192 5297 iste
1215 5235 1290 5297 alius
1314 5236 1434 5297 omnino
1456 5232 1521 5297 luit.
1551 5231 1626 5295 Cum
1647 5249 1725 5295 uero
1748 5229 1972 5298 obscurissim
