5150 6534
939 865 1564 946 snuoulctntnut.
1853 863 1930 944 283

669 1050 829 1146 Populus.
881 1053 1025 1126 Etcum
1053 1057 1169 1149 spiritu
1197 1053 1265 1127 tuo.

671 1169 855 1241 Diaconos.
906 1170 1051 1243 Domino
1078 1173 1187 1267 capita
1213 1180 1329 1244 nostra
1356 1168 1559 1242 inclinemus.

673 1286 834 1380 Popntne.
887 1284 1011 1358 Coram
1038 1296 1090 1375 te,
1114 1285 1258 1358 Domine
1283 1285 1377 1358 Deus
1402 1294 1527 1357 noent.

671 1400 855 1474 Sacerdos.
915 1401 1061 1473 benedic
1093 1399 1231 1475 brachio
1263 1412 1320 1473 tuo
1357 1422 1498 1493 magno,
1538 1409 1572 1473 et
1605 1400 1685 1473 forti
1718 1412 1774 1475 tua
1809 1403 1932 1475 virtuutc

564 1514 660 1589 Delus
686 1529 822 1602 noster,
847 1516 1040 1604 benedicte,
1066 1516 1239 1611 populum,
1266 1525 1301 1587 et
1325 1514 1563 1588 haereditatem
1589 1526 1696 1605 tuam,
1722 1526 1757 1589 et
1782 1517 1931 1590 concede

564 1630 665 1704 nobis
690 1636 850 1725 matiam,
876 1643 911 1705 et
935 1630 1199 1704 benedictionem
1227 1654 1313 1726 quae
1341 1617 1365 1704 a'
1393 1641 1428 1703 te
1460 1641 1551 1722 sunt,
1586 1641 1622 1703 ut
1653 1635 1931 1706 communicemus

564 1752 736 1844 mysteriis
761 1752 825 1821 tuis
852 1749 924 1820 istis
950 1750 1094 1836 sanctis,
1121 1750 1195 1820 siue
1219 1747 1369 1838 macula,
1396 1758 1453 1820 aut
1477 1759 1636 1844 peccato,
1669 1758 1703 1821 et
1735 1746 1931 1844 impleamur
1980 1788 1985 1800 ι

562 1882 627 1959 per
652 1886 769 1937 eorum
785 1867 1044 1959 susceptionem,
1071 1866 1160 1936 omui
1178 1861 1283 1936 odore
1310 1866 1496 1955 suavitatis,
1524 1873 1558 1936 et
1574 1863 1712 1936 iervore
1730 1860 1806 1933 fidei
1830 1864 1863 1932 iu
1885 1872 1930 1950 te,
2037 1916 2045 1934 .

565 1987 604 2050 et
623 1978 809 2053 referemus
835 1978 894 2051 tibi
919 1978 1061 2050 laudem.
1902 1970 1919 1979 ”

563 2131 566 2132 ⁷
671 2094 831 2189 Popoine.
884 2096 1003 2168 Amen.

565 2247 584 2254 ¹·
628 2242 632 2251 ·
668 2209 850 2284 Sonam
902 2210 977 2283 Pax
1002 2193 1102 2285 vobis
1130 2210 1291 2284 omuibus.

624 2364 625 2370 κ
651 2326 829 2420 Populos.
881 2325 1025 2399 Etcum
1052 2330 1167 2422 spiritu
1193 2337 1260 2398 tuo.

568 2453 572 2531 ᾗ
613 2457 614 2462 ’
669 2441 851 2515 Sacerdos
904 2439 1018 2513 Gratia
1044 2442 1214 2514 Trinitatis
1241 2444 1293 2513 sit.

669 2558 854 2631 mocon
908 2557 992 2631 Cum
1019 2560 1137 2630 timore
1163 2559 1372 2650 aspiciamus.

672 2674 855 2747 Sacerdos
909 2674 1032 2746 Sancta
1062 2676 1196 2746 sanctis.

671 2791 830 2885 Popniaa.
882 2789 975 2863 Unus
1001 2788 1103 2861 Pater
1128 2798 1272 2861 sauctus.

570 2932 572 2934 ¹
607 2931 610 2951 ²
671 2905 859 2978 Diaconos.
911 2905 1059 2977 Benedic
1085 2906 1237 2977 Domine.

671 3020 831 3116 Populos.
884 3020 935 3094 Sit
960 3042 1082 3093 nomen
1107 3021 1239 3093 Domini
1265 3016 1484 3091 benedictum.

582 3169 584 3173 ³
668 3136 755 3211 Post
779 3140 1010 3231 receptionem
1034 3137 1267 3224 sacrmenti,
1294 3134 1469 3206 Soandos
1495 3136 1589 3206 dicit.

595 3278 596 3284 ¹
667 3254 764 3328 Nunc
789 3261 965 3347 postquam
992 3251 1143 3324 delectati
1170 3273 1300 3338 samua,
1328 3274 1373 3322 cx
1398 3250 1600 3346 plenitudiue
1633 3260 1822 3323 sanctorum
1847 3261 1930 3324 tuo-

564 3392 637 3444 rum
666 3371 868 3454 divinornm,
896 3376 930 3439 et
955 3367 1122 3440 hausimus
1155 3366 1309 3463 poculum
1336 3370 1428 3438 vitae
1463 3390 1508 3438 ex
1542 3366 1641 3438 beato
1675 3365 1768 3438 ionte
1801 3370 1930 3458 gratiae

565 3495 663 3575 tuae,
688 3486 833 3558 Domine
859 3482 936 3579 quid
961 3484 1181 3565 retribuemus
1207 3481 1345 3555 bonitati
1379 3494 1473 3570 tuac,
1505 3483 1563 3555 tali
1595 3496 1628 3556 et
1662 3492 1727 3555 tam
1762 3483 1930 3579 probasne.

566 3602 636 3676 Sed
667 3593 871 3673 commenti
903 3621 1088 3695 corporeae
1121 3599 1267 3672 adstricti
1301 3603 1424 3691 simus,
1457 3609 1544 3672 tuam
1580 3610 1689 3671 amen
1723 3602 1931 3692 majestatem

479 3736 492 3757 ·
565 3720 600 3789 in
627 3726 735 3788 manta
760 3715 939 3804 babentes,
965 3717 1106 3789 vocibus
1133 3716 1238 3789 laudis
1267 3715 1423 3803 dicimus,
1452 3739 1473 3788 ο
1501 3716 1636 3789 altitudo
1663 3716 1849 3789 divitiarum
1865 3737 1930 3788 sa·

566 3835 712 3929 pientiae
738 3840 832 3918 uuae,
867 3831 1050 3905 olatitudo
1084 3831 1240 3903 bonitatis
1277 3843 1369 3904 tuae:
1406 3855 1426 3903 o
1459 3832 1605 3929 abyssus
1637 3830 1930 3927 imperscrutabilis

567 3945 817 4020 misericordiae
843 3957 938 4036 tuae,
966 3947 1152 4042 quodcum
1178 3947 1302 4020 malitia
1327 3950 1457 4042 peccati
1491 3947 1729 4036 detineremur,
1764 3945 1805 4019 nd
1837 3967 1928 4037 gau-

569 4064 656 4136 dium
683 4072 717 4134 et
740 4063 944 4156 voluptatem
979 4064 1078 4135 talem
1109 4062 1273 4137 adduxisti
1304 4085 1385 4135 uos:
1418 4072 1452 4135 tu
1486 4086 1548 4158 per
1582 4086 1695 4157 quem,
1732 4068 1775 4134 et'
1792 4070 1930 4157 propter

569 4201 666 4276 quem
698 4178 929 4273 deprecamur,
963 4188 999 4250 nt
1034 4203 1053 4251 a
1090 4177 1299 4251 damnatione
1320 4176 1432 4271 judicii
1458 4176 1653 4268 liberemur,
1684 4188 1718 4250 et
1743 4201 1779 4248 a·
1796 4175 1929 4249 coude-

568 4296 736 4368 mnatione
755 4292 797 4365 ad
812 4293 1043 4388 perditionem:
1071 4304 1106 4365 ut
1128 4299 1161 4366 iu
1179 4317 1302 4390 magno
1327 4294 1383 4366 illo
1397 4316 1493 4366 mane
1506 4284 1756 4367 resurrectionis
1772 4296 1927 4378 omnium,

569 4414 678 4484 securi
704 4414 806 4483 simus
833 4433 907 4483 cum
934 4413 1057 4482 sanctis
1084 4414 1165 4500 tuis,
1200 4415 1232 4481 in
1266 4409 1436 4506 voluptate
1461 4408 1516 4481 ilia
1542 4418 1597 4481 tua
1625 4408 1785 4505 spirituali
1811 4418 1846 4481 et
1871 4410 1928 4478 in·-
1983 4405 1986 4417 “

568 4527 762 4614 tellectuali,
803 4537 837 4597 et
869 4547 1025 4598 canamus
1057 4526 1207 4621 perfecte
1243 4551 1317 4599 cum
1350 4525 1509 4622 perfectis
1541 4524 1697 4621 hymnum
1729 4524 1927 4598 indesineu-
2050 4623 2053 4631 Ι

568 4651 635 4716 tam
662 4644 736 4731 tibi,
762 4644 863 4714 Pater
888 4652 1041 4731 aeterne,
1068 4643 1219 4738 Filioque
1245 4652 1302 4716 tuo
1329 4646 1514 4736 unigenito,
1542 4651 1576 4714 et
1600 4639 1717 4731 beato,
1754 4650 1788 4711 et
1813 4638 1926 4735 Spiri-

568 4762 615 4832 tui
641 4771 708 4833 tuo.
1487 4783 1488 4790 ¹
1808 4756 1811 4761 ’

672 4875 833 4969 Populos,
885 4876 1003 4947 Amen.
1114 4888 1116 4890 ’

570 5002 572 5005 ’
673 4992 856 5063 Sacerdos.
909 4990 983 5061 Pax
1009 4991 1108 5064 vobis
1135 4989 1297 5063 omnihus.

672 5105 832 5199 Popntnn.
885 5104 1027 5177 Etcum
1055 5095 1262 5201 spiritutuo.

671 5221 859 5292 ffloconne.
913 5222 1031 5316 Capita
1057 5232 1170 5294 nostra
1195 5221 1339 5294 Domino
1366 5221 1567 5294 inclinemus.

672 5335 832 5435 Populos.
886 5335 1009 5410 Coram
1035 5349 1069 5410 te
1094 5340 1236 5412 Domine
1261 5337 1354 5409 Deus
1380 5346 1504 5414 noster.

619 5473 741 5519 romum
1672 5449 1721 5524 39
