<?xml version="1.0" encoding="UTF-8"?>
<!DOCTYPE html PUBLIC "-//W3C//DTD XHTML 1.0 Transitional//EN"
    "http://www.w3.org/TR/xhtml1/DTD/xhtml1-transitional.dtd">
<html xmlns="http://www.w3.org/1999/xhtml" xml:lang="en" lang="en">
 <head>
  <title>
</title>
<meta http-equiv="Content-Type" content="text/html;charset=utf-8" />
  <meta name='ocr-system' content='tesseract 3.04.00' />
  <meta name='ocr-capabilities' content='ocr_page ocr_carea ocr_par ocr_line ocrx_word'/>
</head>
<body>
  <div class='ocr_page' id='page_1' title='image "./liturgiarumorie00renagoog_0369.png"; bbox 0 0 5150 6534; ppageno 0'>
   <div class='ocr_carea' id='block_1_1' title="bbox 942 879 1963 971">
    <p class='ocr_par' dir='ltr' id='par_1_1' title="bbox 942 879 1963 971">
     <span class='ocr_line' id='line_1_1' title="bbox 942 879 1963 971; baseline -0.018 0"><span class='ocrx_word' id='word_1_1' title='bbox 942 894 983 971; x_wconf 79' lang='lat' dir='ltr'><strong>ut</strong></span> <span class='ocrx_word' id='word_1_2' title='bbox 1007 889 1214 969; x_wconf 65' lang='lat' dir='ltr'><strong>luuram</strong></span> <span class='ocrx_word' id='word_1_3' title='bbox 1240 887 1372 966; x_wconf 78' lang='lat' dir='ltr'>SEVERI</span> <span class='ocrx_word' id='word_1_4' title='bbox 1397 882 1638 963; x_wconf 76' lang='lat' dir='ltr'><strong>nuuuuuuul.</strong></span> <span class='ocrx_word' id='word_1_5' title='bbox 1890 879 1963 954; x_wconf 83' lang='lat'><strong>331</strong></span> 
     </span>
    </p>
   </div>
   <div class='ocr_carea' id='block_1_2' title="bbox 600 1061 1969 1556">
    <p class='ocr_par' dir='ltr' id='par_1_2' title="bbox 600 1061 1969 1556">
     <span class='ocr_line' id='line_1_2' title="bbox 600 1061 1969 1157; baseline -0.013 -13"><span class='ocrx_word' id='word_1_6' title='bbox 600 1079 756 1145; x_wconf 72' lang='lat' dir='ltr'><strong>canescit</strong></span> <span class='ocrx_word' id='word_1_7' title='bbox 782 1077 910 1142; x_wconf 79' lang='lat' dir='ltr'><strong>mariam</strong></span> <span class='ocrx_word' id='word_1_8' title='bbox 936 1075 1053 1141; x_wconf 87' lang='lat' dir='ltr'><strong>illarum</strong></span> <span class='ocrx_word' id='word_1_9' title='bbox 1080 1061 1303 1157; x_wconf 84' lang='lat' dir='ltr'><strong>ambiguitatum</strong></span> <span class='ocrx_word' id='word_1_10' title='bbox 1332 1088 1420 1153; x_wconf 88' lang='lat' dir='ltr'><strong>pars,</strong></span> <span class='ocrx_word' id='word_1_11' title='bbox 1449 1067 1557 1152; x_wconf 82' lang='lat' dir='ltr'><strong>quibus</strong></span> <span class='ocrx_word' id='word_1_12' title='bbox 1584 1066 1664 1131; x_wconf 92' lang='lat' dir='ltr'><strong>illam</strong></span> <span class='ocrx_word' id='word_1_13' title='bbox 1691 1066 1857 1130; x_wconf 75' lang='lat' dir='ltr'><strong>obscurare</strong></span> <span class='ocrx_word' id='word_1_14' title='bbox 1882 1063 1969 1127; x_wconf 86' lang='lat' dir='ltr'><strong>multi</strong></span> 
     </span>
     <span class='ocr_line' id='line_1_3' title="bbox 600 1165 1967 1256; baseline -0.012 -13"><span class='ocrx_word' id='word_1_15' title='bbox 600 1178 703 1242; x_wconf 76' lang='lat' dir='ltr'><strong>conati</strong></span> <span class='ocrx_word' id='word_1_16' title='bbox 730 1184 817 1256; x_wconf 89' lang='lat' dir='ltr'><strong>sunt,</strong></span> <span class='ocrx_word' id='word_1_17' title='bbox 845 1194 912 1240; x_wconf 91' lang='lat' dir='ltr'><strong>cum</strong></span> <span class='ocrx_word' id='word_1_18' title='bbox 938 1184 1037 1239; x_wconf 87' lang='lat' dir='ltr'><strong>tamen</strong></span> <span class='ocrx_word' id='word_1_19' title='bbox 1066 1172 1146 1236; x_wconf 90' lang='lat' dir='ltr'><strong>nulla</strong></span> <span class='ocrx_word' id='word_1_20' title='bbox 1175 1172 1269 1255; x_wconf 83' lang='lat' dir='ltr'><strong>magis</strong></span> <span class='ocrx_word' id='word_1_21' title='bbox 1297 1170 1459 1253; x_wconf 88' lang='lat' dir='ltr'><strong>perspicue</strong></span> <span class='ocrx_word' id='word_1_22' title='bbox 1487 1175 1518 1230; x_wconf 89' lang='lat' dir='ltr'><strong>et</strong></span> <span class='ocrx_word' id='word_1_23' title='bbox 1539 1168 1635 1230; x_wconf 91' lang='lat' dir='ltr'><strong>minus</strong></span> <span class='ocrx_word' id='word_1_24' title='bbox 1657 1165 1788 1230; x_wconf 76' lang='lat' dir='ltr'><strong>obscure</strong></span> <span class='ocrx_word' id='word_1_25' title='bbox 1810 1165 1967 1227; x_wconf 76' lang='lat' dir='ltr'><strong>veriutem</strong></span> 
     </span>
     <span class='ocr_line' id='line_1_4' title="bbox 600 1264 1967 1346; baseline -0.01 -7"><span class='ocrx_word' id='word_1_26' title='bbox 600 1276 672 1339; x_wconf 80' lang='lat' dir='ltr'><strong>fidei</strong></span> <span class='ocrx_word' id='word_1_27' title='bbox 693 1275 731 1340; x_wconf 86' lang='lat' dir='ltr'><strong>de</strong></span> <span class='ocrx_word' id='word_1_28' title='bbox 753 1294 828 1339; x_wconf 83' lang='lat' dir='ltr'><strong>vera</strong></span> <span class='ocrx_word' id='word_1_29' title='bbox 850 1275 1068 1340; x_wconf 89' lang='lat' dir='ltr'><strong>elementorum</strong></span> <span class='ocrx_word' id='word_1_30' title='bbox 1094 1271 1342 1335; x_wconf 79' lang='lat' dir='ltr'><strong>transmutatione</strong></span> <span class='ocrx_word' id='word_1_31' title='bbox 1370 1268 1509 1331; x_wconf 88' lang='lat' dir='ltr'><strong>stabiliat.</strong></span> <span class='ocrx_word' id='word_1_32' title='bbox 1553 1266 1587 1329; x_wconf 90' lang='lat' dir='ltr'><strong>ln</strong></span> <span class='ocrx_word' id='word_1_33' title='bbox 1615 1266 1680 1329; x_wconf 87' lang='lat' dir='ltr'><strong>aliis</strong></span> <span class='ocrx_word' id='word_1_34' title='bbox 1702 1264 1847 1346; x_wconf 80' lang='lat' dir='ltr'><strong>biturgiis</strong></span> <span class='ocrx_word' id='word_1_35' title='bbox 1869 1265 1967 1326; x_wconf 90' lang='lat' dir='ltr'><strong>iuter-</strong></span> 
     </span>
     <span class='ocr_line' id='line_1_5' title="bbox 600 1362 1967 1457; baseline -0.01 -20"><span class='ocrx_word' id='word_1_36' title='bbox 600 1376 705 1457; x_wconf 88' lang='lat' dir='ltr'><strong>jicitur</strong></span> <span class='ocrx_word' id='word_1_37' title='bbox 726 1375 900 1440; x_wconf 86' lang='lat' dir='ltr'><strong>acclamatio</strong></span> <span class='ocrx_word' id='word_1_38' title='bbox 922 1374 1026 1437; x_wconf 82' lang='lat' dir='ltr'><strong>Amen.</strong></span> <span class='ocrx_word' id='word_1_39' title='bbox 1070 1371 1124 1435; x_wconf 90' lang='lat' dir='ltr'><strong>Illa</strong></span> <span class='ocrx_word' id='word_1_40' title='bbox 1148 1379 1246 1435; x_wconf 88' lang='lat' dir='ltr'><strong>tamen</strong></span> <span class='ocrx_word' id='word_1_41' title='bbox 1268 1371 1399 1433; x_wconf 76' lang='lat' dir='ltr'><strong>fortasse</strong></span> <span class='ocrx_word' id='word_1_42' title='bbox 1420 1366 1604 1448; x_wconf 73' lang='lat' dir='ltr'><strong>subintelligi</strong></span> <span class='ocrx_word' id='word_1_43' title='bbox 1626 1365 1728 1441; x_wconf 89' lang='lat' dir='ltr'><strong>debet,</strong></span> <span class='ocrx_word' id='word_1_44' title='bbox 1751 1366 1820 1445; x_wconf 84' lang='lat' dir='ltr'><strong>quia</strong></span> <span class='ocrx_word' id='word_1_45' title='bbox 1842 1365 1873 1425; x_wconf 92' lang='lat' dir='ltr'><strong>in</strong></span> <span class='ocrx_word' id='word_1_46' title='bbox 1893 1362 1967 1425; x_wconf 87' lang='lat' dir='ltr'><strong>Cod.</strong></span> 
     </span>
     <span class='ocr_line' id='line_1_6' title="bbox 601 1462 1968 1556; baseline -0.01 -19"><span class='ocrx_word' id='word_1_47' title='bbox 601 1473 680 1540; x_wconf 85' lang='lat' dir='ltr'><strong>llS⁰.</strong></span> <span class='ocrx_word' id='word_1_48' title='bbox 703 1471 889 1538; x_wconf 79' lang='lat' dir='ltr'><strong>omniafere</strong></span> <span class='ocrx_word' id='word_1_49' title='bbox 912 1490 990 1556; x_wconf 88' lang='lat' dir='ltr'><strong>quae</strong></span> <span class='ocrx_word' id='word_1_50' title='bbox 1012 1470 1141 1554; x_wconf 89' lang='lat' dir='ltr'><strong>populus</strong></span> <span class='ocrx_word' id='word_1_51' title='bbox 1164 1470 1246 1549; x_wconf 90' lang='lat' dir='ltr'><strong>dicit,</strong></span> <span class='ocrx_word' id='word_1_52' title='bbox 1269 1470 1377 1533; x_wconf 92' lang='lat' dir='ltr'><strong>omissa</strong></span> <span class='ocrx_word' id='word_1_53' title='bbox 1391 1474 1477 1544; x_wconf 76' lang='lat' dir='ltr'><strong>suant,</strong></span> <span class='ocrx_word' id='word_1_54' title='bbox 1499 1483 1577 1546; x_wconf 91' lang='lat' dir='ltr'><strong>quae</strong></span> <span class='ocrx_word' id='word_1_55' title='bbox 1599 1465 1743 1547; x_wconf 88' lang='lat' dir='ltr'><strong>supplere</strong></span> <span class='ocrx_word' id='word_1_56' title='bbox 1765 1483 1806 1527; x_wconf 81' lang='lat' dir='ltr'><strong>ex</strong></span> <span class='ocrx_word' id='word_1_57' title='bbox 1827 1462 1892 1525; x_wconf 86' lang='lat' dir='ltr'><strong>aliis</strong></span> <span class='ocrx_word' id='word_1_58' title='bbox 1914 1462 1968 1523; x_wconf 80' lang='lat' dir='ltr'><strong>bi-</strong></span> 
     </span>
    </p>
   </div>
   <div class='ocr_carea' id='block_1_3' title="bbox 602 1570 900 1666">
    <p class='ocr_par' dir='ltr' id='par_1_3' title="bbox 602 1570 900 1666">
     <span class='ocr_line' id='line_1_7' title="bbox 602 1570 900 1666; baseline 0 -31"><span class='ocrx_word' id='word_1_59' title='bbox 602 1573 711 1666; x_wconf 81' lang='lat' dir='ltr'><strong>turgiis</strong></span> <span class='ocrx_word' id='word_1_60' title='bbox 733 1570 822 1636; x_wconf 80' lang='lat' dir='ltr'><strong>facile</strong></span> <span class='ocrx_word' id='word_1_61' title='bbox 843 1579 900 1636; x_wconf 86' lang='lat' dir='ltr'><strong>est.</strong></span> 
     </span>
    </p>
   </div>
   <div class='ocr_carea' id='block_1_4' title="bbox 605 1857 1970 2076">
    <p class='ocr_par' dir='ltr' id='par_1_4' title="bbox 605 1857 1970 2076">
     <span class='ocr_line' id='line_1_8' title="bbox 605 1857 1970 1951; baseline -0.011 -11"><span class='ocrx_word' id='word_1_62' title='bbox 605 1868 640 1939; x_wconf 71' lang='lat' dir='ltr'><strong>l.</strong></span> <span class='ocrx_word' id='word_1_63' title='bbox 682 1866 802 1938; x_wconf 74' lang='lat' dir='ltr'><strong>Orontes</strong></span> <span class='ocrx_word' id='word_1_64' title='bbox 827 1865 874 1937; x_wconf 67' lang='lat' dir='ltr'><strong>eal</strong></span> <span class='ocrx_word' id='word_1_65' title='bbox 899 1864 1021 1937; x_wconf 77' lang='lat' dir='ltr'><strong>boumn</strong></span> <span class='ocrx_word' id='word_1_66' title='bbox 1045 1864 1251 1936; x_wconf 80' lang='lat' dir='ltr'><strong>uoluntatem</strong></span> <span class='ocrx_word' id='word_1_67' title='bbox 1284 1867 1376 1932; x_wconf 84' lang='lat' dir='ltr'><strong>tuum</strong></span> <span class='ocrx_word' id='word_1_68' title='bbox 1410 1865 1570 1930; x_wconf 68' lang='lat' dir='ltr'><strong>coocmtc</strong></span> <span class='ocrx_word' id='word_1_69' title='bbox 1597 1864 1632 1929; x_wconf 86' lang='lat' dir='ltr'><strong>et</strong></span> <span class='ocrx_word' id='word_1_70' title='bbox 1657 1859 1798 1951; x_wconf 74' lang='lat' dir='ltr'><strong>dispone</strong></span> <span class='ocrx_word' id='word_1_71' title='bbox 1825 1857 1908 1949; x_wconf 81' lang='lat' dir='ltr'><strong>puio</strong></span> <span class='ocrx_word' id='word_1_72' title='bbox 1934 1861 1970 1925; x_wconf 85' lang='lat' dir='ltr'><strong>tu</strong></span> 
     </span>
     <span class='ocr_line' id='line_1_9' title="bbox 709 1972 1865 2076; baseline -0.014 -20"><span class='ocrx_word' id='word_1_73' title='bbox 709 2005 748 2055; x_wconf 81' lang='lat' dir='ltr'><strong>es</strong></span> <span class='ocrx_word' id='word_1_74' title='bbox 773 1986 831 2076; x_wconf 78' lang='lat' dir='ltr'><strong>pai</strong></span> <span class='ocrx_word' id='word_1_75' title='bbox 853 1985 956 2076; x_wconf 79' lang='lat' dir='ltr'><strong>focis,</strong></span> <span class='ocrx_word' id='word_1_76' title='bbox 984 1982 1154 2052; x_wconf 63' lang='lat' dir='ltr'><strong>concutis</strong></span> <span class='ocrx_word' id='word_1_77' title='bbox 1180 1985 1215 2050; x_wconf 84' lang='lat' dir='ltr'><strong>et</strong></span> <span class='ocrx_word' id='word_1_78' title='bbox 1241 1978 1383 2049; x_wconf 80' lang='lat' dir='ltr'><strong>ordinas</strong></span> <span class='ocrx_word' id='word_1_79' title='bbox 1409 1976 1638 2071; x_wconf 71' lang='lat' dir='ltr'><strong>quodeunque</strong></span> <span class='ocrx_word' id='word_1_80' title='bbox 1664 1972 1711 2042; x_wconf 82' lang='lat' dir='ltr'><strong>od</strong></span> <span class='ocrx_word' id='word_1_81' title='bbox 1736 1972 1865 2043; x_wconf 85' lang='lat' dir='ltr'><strong>bonum.</strong></span> 
     </span>
    </p>
   </div>
   <div class='ocr_carea' id='block_1_5' title="bbox 606 2172 1975 3059">
    <p class='ocr_par' dir='ltr' id='par_1_5' title="bbox 606 2172 1975 3059">
     <span class='ocr_line' id='line_1_10' title="bbox 635 2172 1971 2263; baseline -0.016 -8"><span class='ocrx_word' id='word_1_82' title='bbox 635 2179 640 2188; x_wconf 73' lang='lat'>&#39;</span> <span class='ocrx_word' id='word_1_83' title='bbox 709 2172 850 2254; x_wconf 69' lang='lat' dir='ltr'><strong>Surum</strong></span> <span class='ocrx_word' id='word_1_84' title='bbox 878 2182 953 2247; x_wconf 88' lang='lat' dir='ltr'><strong>baec</strong></span> <span class='ocrx_word' id='word_1_85' title='bbox 981 2192 1029 2247; x_wconf 88' lang='lat' dir='ltr'><strong>est</strong></span> <span class='ocrx_word' id='word_1_86' title='bbox 1058 2191 1089 2246; x_wconf 88' lang='lat' dir='ltr'><strong>et</strong></span> <span class='ocrx_word' id='word_1_87' title='bbox 1110 2181 1278 2246; x_wconf 86' lang='lat' dir='ltr'><strong>orthodoxa</strong></span> <span class='ocrx_word' id='word_1_88' title='bbox 1301 2181 1452 2263; x_wconf 83' lang='lat' dir='ltr'><strong>expositio</strong></span> <span class='ocrx_word' id='word_1_89' title='bbox 1475 2178 1628 2242; x_wconf 89' lang='lat' dir='ltr'><strong>doctrinae</strong></span> <span class='ocrx_word' id='word_1_90' title='bbox 1651 2176 1690 2238; x_wconf 88' lang='lat' dir='ltr'><strong>de</strong></span> <span class='ocrx_word' id='word_1_91' title='bbox 1711 2175 1829 2257; x_wconf 87' lang='lat' dir='ltr'><strong>gratiae</strong></span> <span class='ocrx_word' id='word_1_92' title='bbox 1852 2174 1971 2237; x_wconf 91' lang='lat' dir='ltr'><strong>divinae</strong></span> 
     </span>
     <span class='ocr_line' id='line_1_11' title="bbox 607 2276 1973 2369; baseline -0.012 -16"><span class='ocrx_word' id='word_1_93' title='bbox 607 2288 647 2353; x_wconf 87' lang='lat' dir='ltr'><strong>ad</strong></span> <span class='ocrx_word' id='word_1_94' title='bbox 674 2288 754 2354; x_wconf 89' lang='lat' dir='ltr'><strong>bona</strong></span> <span class='ocrx_word' id='word_1_95' title='bbox 785 2304 879 2369; x_wconf 87' lang='lat' dir='ltr'><strong>opera</strong></span> <span class='ocrx_word' id='word_1_96' title='bbox 907 2286 1038 2365; x_wconf 84' lang='lat' dir='ltr'><strong>auxilio,</strong></span> <span class='ocrx_word' id='word_1_97' title='bbox 1065 2284 1154 2348; x_wconf 90' lang='lat' dir='ltr'><strong>nullis</strong></span> <span class='ocrx_word' id='word_1_98' title='bbox 1183 2284 1358 2367; x_wconf 88' lang='lat' dir='ltr'><strong>ambagibus</strong></span> <span class='ocrx_word' id='word_1_99' title='bbox 1387 2283 1527 2346; x_wconf 85' lang='lat' dir='ltr'><strong>obnoxia.</strong></span> <span class='ocrx_word' id='word_1_100' title='bbox 1572 2278 1742 2343; x_wconf 74' lang='lat' dir='ltr'><strong>orientales</strong></span> <span class='ocrx_word' id='word_1_101' title='bbox 1771 2277 1808 2340; x_wconf 89' lang='lat' dir='ltr'><strong>de</strong></span> <span class='ocrx_word' id='word_1_102' title='bbox 1839 2276 1973 2359; x_wconf 81' lang='lat' dir='ltr'><strong>Pelagio,</strong></span> 
     </span>
     <span class='ocr_line' id='line_1_12' title="bbox 606 2375 1973 2468; baseline -0.012 -16"><span class='ocrx_word' id='word_1_103' title='bbox 606 2387 700 2452; x_wconf 89' lang='lat' dir='ltr'><strong>multo</strong></span> <span class='ocrx_word' id='word_1_104' title='bbox 721 2388 817 2452; x_wconf 87' lang='lat' dir='ltr'><strong>miuus</strong></span> <span class='ocrx_word' id='word_1_105' title='bbox 841 2385 878 2449; x_wconf 87' lang='lat' dir='ltr'><strong>de</strong></span> <span class='ocrx_word' id='word_1_106' title='bbox 900 2384 1130 2468; x_wconf 87' lang='lat' dir='ltr'><strong>Pelagianorum</strong></span> <span class='ocrx_word' id='word_1_107' title='bbox 1151 2384 1285 2465; x_wconf 88' lang='lat' dir='ltr'><strong>reliquiis</strong></span> <span class='ocrx_word' id='word_1_108' title='bbox 1309 2384 1360 2445; x_wconf 80' lang='lat' dir='ltr'><strong>vix</strong></span> <span class='ocrx_word' id='word_1_109' title='bbox 1382 2381 1540 2463; x_wconf 84' lang='lat' dir='ltr'><strong>quidquam</strong></span> <span class='ocrx_word' id='word_1_110' title='bbox 1563 2379 1739 2455; x_wconf 88' lang='lat' dir='ltr'><strong>audierunt,</strong></span> <span class='ocrx_word' id='word_1_111' title='bbox 1770 2375 1887 2440; x_wconf 88' lang='lat' dir='ltr'><strong>tametsi</strong></span> <span class='ocrx_word' id='word_1_112' title='bbox 1915 2375 1973 2437; x_wconf 93' lang='lat' dir='ltr'><strong>ha·</strong></span> 
     </span>
     <span class='ocr_line' id='line_1_13' title="bbox 606 2475 1973 2557; baseline -0.011 -5"><span class='ocrx_word' id='word_1_113' title='bbox 606 2487 699 2552; x_wconf 87' lang='lat' dir='ltr'><strong>beant</strong></span> <span class='ocrx_word' id='word_1_114' title='bbox 720 2485 752 2549; x_wconf 91' lang='lat' dir='ltr'><strong>iu</strong></span> <span class='ocrx_word' id='word_1_115' title='bbox 778 2486 841 2548; x_wconf 90' lang='lat' dir='ltr'><strong>suis</strong></span> <span class='ocrx_word' id='word_1_116' title='bbox 877 2482 1113 2548; x_wconf 82' lang='lat' dir='ltr'><strong>collectionibus</strong></span> <span class='ocrx_word' id='word_1_117' title='bbox 1149 2481 1288 2546; x_wconf 88' lang='lat' dir='ltr'><strong>Canones</strong></span> <span class='ocrx_word' id='word_1_118' title='bbox 1317 2480 1528 2545; x_wconf 80' lang='lat' dir='ltr'><strong>Africanorum</strong></span> <span class='ocrx_word' id='word_1_119' title='bbox 1557 2476 1774 2554; x_wconf 82' lang='lat' dir='ltr'><strong>conciliorum,</strong></span> <span class='ocrx_word' id='word_1_120' title='bbox 1805 2477 1837 2537; x_wconf 90' lang='lat' dir='ltr'><strong>iu</strong></span> <span class='ocrx_word' id='word_1_121' title='bbox 1865 2475 1973 2557; x_wconf 88' lang='lat' dir='ltr'><strong>quibus</strong></span> 
     </span>
     <span class='ocr_line' id='line_1_14' title="bbox 607 2573 1974 2668; baseline -0.01 -18"><span class='ocrx_word' id='word_1_122' title='bbox 607 2585 770 2668; x_wconf 85' lang='lat' dir='ltr'><strong>Pelagiaua</strong></span> <span class='ocrx_word' id='word_1_123' title='bbox 791 2582 926 2646; x_wconf 88' lang='lat' dir='ltr'><strong>haeresis</strong></span> <span class='ocrx_word' id='word_1_124' title='bbox 949 2583 1086 2645; x_wconf 86' lang='lat' dir='ltr'><strong>damnata</strong></span> <span class='ocrx_word' id='word_1_125' title='bbox 1109 2590 1166 2660; x_wconf 91' lang='lat' dir='ltr'><strong>est,</strong></span> <span class='ocrx_word' id='word_1_126' title='bbox 1189 2590 1280 2663; x_wconf 88' lang='lat' dir='ltr'><strong>atque</strong></span> <span class='ocrx_word' id='word_1_127' title='bbox 1301 2583 1379 2644; x_wconf 88' lang='lat' dir='ltr'><strong>adeo</strong></span> <span class='ocrx_word' id='word_1_128' title='bbox 1402 2580 1441 2643; x_wconf 89' lang='lat' dir='ltr'><strong>de</strong></span> <span class='ocrx_word' id='word_1_129' title='bbox 1463 2587 1589 2661; x_wconf 90' lang='lat' dir='ltr'><strong>peccato</strong></span> <span class='ocrx_word' id='word_1_130' title='bbox 1609 2575 1758 2658; x_wconf 83' lang='lat' dir='ltr'><strong>originali,</strong></span> <span class='ocrx_word' id='word_1_131' title='bbox 1782 2576 1821 2638; x_wconf 87' lang='lat' dir='ltr'><strong>de</strong></span> <span class='ocrx_word' id='word_1_132' title='bbox 1832 2573 1974 2656; x_wconf 88' lang='lat' dir='ltr'><strong>Baptismi</strong></span> 
     </span>
     <span class='ocr_line' id='line_1_15' title="bbox 607 2678 1975 2763; baseline -0.009 -16"><span class='ocrx_word' id='word_1_133' title='bbox 607 2683 800 2760; x_wconf 86' lang='lat' dir='ltr'><strong>necessitate,</strong></span> <span class='ocrx_word' id='word_1_134' title='bbox 824 2689 855 2746; x_wconf 91' lang='lat' dir='ltr'><strong>et</strong></span> <span class='ocrx_word' id='word_1_135' title='bbox 876 2682 1048 2763; x_wconf 87' lang='lat' dir='ltr'><strong>praecipuis</strong></span> <span class='ocrx_word' id='word_1_136' title='bbox 1069 2681 1225 2744; x_wconf 89' lang='lat' dir='ltr'><strong>doctrinae</strong></span> <span class='ocrx_word' id='word_1_137' title='bbox 1233 2681 1428 2745; x_wconf 80' lang='lat' dir='ltr'><strong>orthodoxae</strong></span> <span class='ocrx_word' id='word_1_138' title='bbox 1450 2679 1595 2757; x_wconf 81' lang='lat' dir='ltr'><strong>articulis,</strong></span> <span class='ocrx_word' id='word_1_139' title='bbox 1617 2678 1674 2739; x_wconf 90' lang='lat' dir='ltr'><strong>bac</strong></span> <span class='ocrx_word' id='word_1_140' title='bbox 1697 2678 1727 2740; x_wconf 94' lang='lat' dir='ltr'><strong>in</strong></span> <span class='ocrx_word' id='word_1_141' title='bbox 1749 2684 1834 2757; x_wconf 89' lang='lat' dir='ltr'><strong>parte</strong></span> <span class='ocrx_word' id='word_1_142' title='bbox 1857 2690 1975 2736; x_wconf 90' lang='lat' dir='ltr'><strong>conve-</strong></span> 
     </span>
     <span class='ocr_line' id='line_1_16' title="bbox 607 2773 1971 2859; baseline -0.007 -15"><span class='ocrx_word' id='word_1_143' title='bbox 607 2782 771 2845; x_wconf 88' lang='lat' dir='ltr'><strong>niuutcum</strong></span> <span class='ocrx_word' id='word_1_144' title='bbox 783 2781 922 2844; x_wconf 85' lang='lat' dir='ltr'><strong>Ecclesia</strong></span> <span class='ocrx_word' id='word_1_145' title='bbox 936 2780 1100 2846; x_wconf 89' lang='lat' dir='ltr'><strong>Catholica.</strong></span> <span class='ocrx_word' id='word_1_146' title='bbox 1131 2780 1213 2843; x_wconf 90' lang='lat' dir='ltr'><strong>llaec</strong></span> <span class='ocrx_word' id='word_1_147' title='bbox 1235 2799 1310 2843; x_wconf 86' lang='lat' dir='ltr'><strong>vero</strong></span> <span class='ocrx_word' id='word_1_148' title='bbox 1326 2781 1423 2842; x_wconf 88' lang='lat' dir='ltr'><strong>oratio</strong></span> <span class='ocrx_word' id='word_1_149' title='bbox 1443 2781 1531 2843; x_wconf 89' lang='lat' dir='ltr'><strong>etiam</strong></span> <span class='ocrx_word' id='word_1_150' title='bbox 1546 2778 1575 2840; x_wconf 87' lang='lat' dir='ltr'><strong>id</strong></span> <span class='ocrx_word' id='word_1_151' title='bbox 1589 2776 1747 2859; x_wconf 83' lang='lat' dir='ltr'><strong>significat,</strong></span> <span class='ocrx_word' id='word_1_152' title='bbox 1772 2774 1853 2856; x_wconf 82' lang='lat' dir='ltr'><strong>quod</strong></span> <span class='ocrx_word' id='word_1_153' title='bbox 1872 2773 1971 2836; x_wconf 91' lang='lat' dir='ltr'><strong>omnia</strong></span> 
     </span>
     <span class='ocr_line' id='line_1_17' title="bbox 608 2873 1975 2963; baseline -0.007 -19"><span class='ocrx_word' id='word_1_154' title='bbox 608 2880 693 2944; x_wconf 84' lang='lat' dir='ltr'><strong>Deus</strong></span> <span class='ocrx_word' id='word_1_155' title='bbox 716 2879 872 2963; x_wconf 82' lang='lat' dir='ltr'><strong>operatur,</strong></span> <span class='ocrx_word' id='word_1_156' title='bbox 894 2882 1042 2944; x_wconf 87' lang='lat' dir='ltr'><strong>convertit</strong></span> <span class='ocrx_word' id='word_1_157' title='bbox 1064 2887 1095 2942; x_wconf 92' lang='lat' dir='ltr'><strong>et</strong></span> <span class='ocrx_word' id='word_1_158' title='bbox 1116 2879 1217 2961; x_wconf 89' lang='lat' dir='ltr'><strong>dirigit</strong></span> <span class='ocrx_word' id='word_1_159' title='bbox 1239 2879 1277 2940; x_wconf 91' lang='lat' dir='ltr'><strong>ad</strong></span> <span class='ocrx_word' id='word_1_160' title='bbox 1299 2879 1421 2957; x_wconf 91' lang='lat' dir='ltr'><strong>bonum,</strong></span> <span class='ocrx_word' id='word_1_161' title='bbox 1444 2896 1521 2960; x_wconf 88' lang='lat' dir='ltr'><strong>quae</strong></span> <span class='ocrx_word' id='word_1_162' title='bbox 1543 2878 1691 2940; x_wconf 89' lang='lat' dir='ltr'><strong>sententia</strong></span> <span class='ocrx_word' id='word_1_163' title='bbox 1714 2874 1800 2937; x_wconf 90' lang='lat' dir='ltr'><strong>alteri</strong></span> <span class='ocrx_word' id='word_1_164' title='bbox 1825 2873 1975 2936; x_wconf 78' lang='lat' dir='ltr'><strong>contraria</strong></span> 
     </span>
     <span class='ocr_line' id='line_1_18' title="bbox 607 2978 1327 3059; baseline 0 -17"><span class='ocrx_word' id='word_1_165' title='bbox 607 2997 670 3043; x_wconf 90' lang='lat' dir='ltr'><strong>non</strong></span> <span class='ocrx_word' id='word_1_166' title='bbox 692 2986 751 3059; x_wconf 90' lang='lat' dir='ltr'><strong>est,</strong></span> <span class='ocrx_word' id='word_1_167' title='bbox 772 2980 828 3044; x_wconf 86' lang='lat' dir='ltr'><strong>sed</strong></span> <span class='ocrx_word' id='word_1_168' title='bbox 852 2998 917 3043; x_wconf 90' lang='lat' dir='ltr'><strong>eam</strong></span> <span class='ocrx_word' id='word_1_169' title='bbox 940 2978 1104 3055; x_wconf 80' lang='lat' dir='ltr'><strong>confimat,</strong></span> <span class='ocrx_word' id='word_1_170' title='bbox 1128 2987 1159 3041; x_wconf 90' lang='lat' dir='ltr'><strong>et</strong></span> <span class='ocrx_word' id='word_1_171' title='bbox 1184 2978 1327 3058; x_wconf 85' lang='lat' dir='ltr'><strong>explicat.</strong></span> 
     </span>
    </p>
   </div>
   <div class='ocr_carea' id='block_1_6' title="bbox 670 3287 1858 3401">
    <p class='ocr_par' dir='ltr' id='par_1_6' title="bbox 670 3287 1858 3401">
     <span class='ocr_line' id='line_1_19' title="bbox 670 3287 1858 3401; baseline -0.005 -38"><span class='ocrx_word' id='word_1_172' title='bbox 670 3395 675 3401; x_wconf 47' lang='lat'>‚</span> <span class='ocrx_word' id='word_1_173' title='bbox 725 3292 761 3363; x_wconf 85' lang='lat'><strong>5.</strong></span> <span class='ocrx_word' id='word_1_174' title='bbox 797 3290 905 3384; x_wconf 74' lang='lat' dir='ltr'><strong>Dtpns&#39;</strong></span> <span class='ocrx_word' id='word_1_175' title='bbox 927 3294 1019 3383; x_wconf 78' lang='lat' dir='ltr'><strong>sacti</strong></span> <span class='ocrx_word' id='word_1_176' title='bbox 1044 3312 1155 3361; x_wconf 81' lang='lat' dir='ltr'><strong>somus</strong></span> <span class='ocrx_word' id='word_1_177' title='bbox 1178 3292 1394 3383; x_wconf 79' lang='lat' dir='ltr'><strong>perfectione</strong></span> <span class='ocrx_word' id='word_1_178' title='bbox 1420 3287 1604 3359; x_wconf 77' lang='lat' dir='ltr'><strong>oblationis</strong></span> <span class='ocrx_word' id='word_1_179' title='bbox 1631 3288 1768 3358; x_wconf 80' lang='lat' dir='ltr'><strong>‹lieioee</strong></span> <span class='ocrx_word' id='word_1_180' title='bbox 1794 3293 1858 3357; x_wconf 82' lang='lat' dir='ltr'><strong>etc.</strong></span> 
     </span>
    </p>
   </div>
   <div class='ocr_carea' id='block_1_7' title="bbox 611 3482 1980 4470">
    <p class='ocr_par' dir='ltr' id='par_1_7' title="bbox 611 3482 1980 4470">
     <span class='ocr_line' id='line_1_20' title="bbox 721 3482 1978 3571; baseline -0.006 -10"><span class='ocrx_word' id='word_1_181' title='bbox 721 3482 758 3561; x_wconf 81' lang='lat' dir='ltr'><strong>ln</strong></span> <span class='ocrx_word' id='word_1_182' title='bbox 779 3493 826 3555; x_wconf 89' lang='lat' dir='ltr'><strong>bis</strong></span> <span class='ocrx_word' id='word_1_183' title='bbox 848 3494 950 3557; x_wconf 84' lang='lat' dir='ltr'><strong>verbis</strong></span> <span class='ocrx_word' id='word_1_184' title='bbox 973 3509 1033 3554; x_wconf 93' lang='lat' dir='ltr'><strong>non</strong></span> <span class='ocrx_word' id='word_1_185' title='bbox 1055 3490 1127 3555; x_wconf 84' lang='lat' dir='ltr'><strong>nihil</strong></span> <span class='ocrx_word' id='word_1_186' title='bbox 1149 3491 1341 3555; x_wconf 88' lang='lat' dir='ltr'><strong>obscuritatis</strong></span> <span class='ocrx_word' id='word_1_187' title='bbox 1370 3499 1434 3569; x_wconf 89' lang='lat' dir='ltr'><strong>est,</strong></span> <span class='ocrx_word' id='word_1_188' title='bbox 1464 3509 1551 3571; x_wconf 63' lang='lat' dir='ltr'><strong>mam</strong></span> <span class='ocrx_word' id='word_1_189' title='bbox 1581 3489 1750 3568; x_wconf 89' lang='lat' dir='ltr'><strong>discutere,</strong></span> <span class='ocrx_word' id='word_1_190' title='bbox 1779 3491 1818 3552; x_wconf 82' lang='lat' dir='ltr'><strong>ita</strong></span> <span class='ocrx_word' id='word_1_191' title='bbox 1841 3498 1874 3552; x_wconf 92' lang='lat' dir='ltr'><strong>ut</strong></span> <span class='ocrx_word' id='word_1_192' title='bbox 1902 3492 1978 3553; x_wconf 89' lang='lat' dir='ltr'><strong>sim-</strong></span> 
     </span>
     <span class='ocr_line' id='line_1_21' title="bbox 611 3590 1977 3681; baseline -0.002 -19"><span class='ocrx_word' id='word_1_193' title='bbox 611 3599 684 3681; x_wconf 91' lang='lat' dir='ltr'><strong>plici</strong></span> <span class='ocrx_word' id='word_1_194' title='bbox 706 3597 847 3661; x_wconf 85' lang='lat' dir='ltr'><strong>versione</strong></span> <span class='ocrx_word' id='word_1_195' title='bbox 869 3596 1030 3659; x_wconf 87' lang='lat' dir='ltr'><strong>verborum</strong></span> <span class='ocrx_word' id='word_1_196' title='bbox 1054 3596 1245 3676; x_wconf 80' lang='lat' dir='ltr'><strong>syriacorum</strong></span> <span class='ocrx_word' id='word_1_197' title='bbox 1267 3596 1314 3657; x_wconf 90' lang='lat' dir='ltr'><strong>vis</strong></span> <span class='ocrx_word' id='word_1_198' title='bbox 1338 3593 1539 3674; x_wconf 84' lang='lat' dir='ltr'><strong>exprimatur,</strong></span> <span class='ocrx_word' id='word_1_199' title='bbox 1563 3609 1623 3653; x_wconf 91' lang='lat' dir='ltr'><strong>non</strong></span> <span class='ocrx_word' id='word_1_200' title='bbox 1646 3598 1693 3654; x_wconf 89' lang='lat' dir='ltr'><strong>est</strong></span> <span class='ocrx_word' id='word_1_201' title='bbox 1714 3590 1814 3658; x_wconf 81' lang='lat' dir='ltr'><strong>facile.</strong></span> <span class='ocrx_word' id='word_1_202' title='bbox 1859 3593 1977 3660; x_wconf 89' lang='lat' dir='ltr'><strong>Dictum</strong></span> 
     </span>
     <span class='ocr_line' id='line_1_22' title="bbox 612 3691 1977 3777; baseline -0.001 -16"><span class='ocrx_word' id='word_1_203' title='bbox 612 3705 662 3761; x_wconf 86' lang='lat' dir='ltr'><strong>est</strong></span> <span class='ocrx_word' id='word_1_204' title='bbox 682 3695 751 3762; x_wconf 86' lang='lat' dir='ltr'><strong>alibi</strong></span> <span class='ocrx_word' id='word_1_205' title='bbox 774 3703 806 3757; x_wconf 90' lang='lat' dir='ltr'><strong>et</strong></span> <span class='ocrx_word' id='word_1_206' title='bbox 826 3712 949 3776; x_wconf 85' lang='lat' dir='ltr'><strong>semper</strong></span> <span class='ocrx_word' id='word_1_207' title='bbox 970 3695 1001 3755; x_wconf 94' lang='lat' dir='ltr'><strong>in</strong></span> <span class='ocrx_word' id='word_1_208' title='bbox 1022 3696 1121 3756; x_wconf 87' lang='lat' dir='ltr'><strong>animo</strong></span> <span class='ocrx_word' id='word_1_209' title='bbox 1148 3694 1335 3772; x_wconf 84' lang='lat' dir='ltr'><strong>habendum,</strong></span> <span class='ocrx_word' id='word_1_210' title='bbox 1367 3693 1474 3755; x_wconf 89' lang='lat' dir='ltr'><strong>multas</strong></span> <span class='ocrx_word' id='word_1_211' title='bbox 1508 3710 1585 3772; x_wconf 90' lang='lat' dir='ltr'><strong>quae</strong></span> <span class='ocrx_word' id='word_1_212' title='bbox 1613 3692 1643 3753; x_wconf 95' lang='lat' dir='ltr'><strong>in</strong></span> <span class='ocrx_word' id='word_1_213' title='bbox 1673 3691 1804 3773; x_wconf 83' lang='lat' dir='ltr'><strong>Syriacis</strong></span> <span class='ocrx_word' id='word_1_214' title='bbox 1833 3693 1977 3777; x_wconf 79' lang='lat' dir='ltr'><strong>liturgiis</strong></span> 
     </span>
     <span class='ocr_line' id='line_1_23' title="bbox 613 3792 1978 3878; baseline -0.001 -19"><span class='ocrx_word' id='word_1_215' title='bbox 613 3804 798 3878; x_wconf 88' lang='lat' dir='ltr'><strong>usurpantur</strong></span> <span class='ocrx_word' id='word_1_216' title='bbox 818 3811 912 3857; x_wconf 85' lang='lat' dir='ltr'><strong>voces</strong></span> <span class='ocrx_word' id='word_1_217' title='bbox 935 3813 975 3856; x_wconf 84' lang='lat' dir='ltr'><strong>ex</strong></span> <span class='ocrx_word' id='word_1_218' title='bbox 997 3793 1114 3856; x_wconf 91' lang='lat' dir='ltr'><strong>Graeca</strong></span> <span class='ocrx_word' id='word_1_219' title='bbox 1135 3794 1236 3874; x_wconf 90' lang='lat' dir='ltr'><strong>potius</strong></span> <span class='ocrx_word' id='word_1_220' title='bbox 1259 3796 1389 3877; x_wconf 88' lang='lat' dir='ltr'><strong>origiue,</strong></span> <span class='ocrx_word' id='word_1_221' title='bbox 1411 3810 1499 3875; x_wconf 88' lang='lat' dir='ltr'><strong>quam</strong></span> <span class='ocrx_word' id='word_1_222' title='bbox 1522 3810 1561 3853; x_wconf 85' lang='lat' dir='ltr'><strong>ex</strong></span> <span class='ocrx_word' id='word_1_223' title='bbox 1578 3793 1676 3854; x_wconf 89' lang='lat' dir='ltr'><strong>nativa</strong></span> <span class='ocrx_word' id='word_1_224' title='bbox 1691 3810 1745 3854; x_wconf 90' lang='lat' dir='ltr'><strong>sua</strong></span> <span class='ocrx_word' id='word_1_225' title='bbox 1760 3792 1978 3877; x_wconf 87' lang='lat' dir='ltr'><strong>intelligendas.</strong></span> 
     </span>
     <span class='ocr_line' id='line_1_24' title="bbox 613 3890 1979 3977; baseline -0.002 -19"><span class='ocrx_word' id='word_1_226' title='bbox 613 3895 768 3976; x_wconf 67' lang='lat' dir='ltr'><strong>Poesectio</strong></span> <span class='ocrx_word' id='word_1_227' title='bbox 797 3895 889 3977; x_wconf 87' lang='lat' dir='ltr'><strong>igitur</strong></span> <span class='ocrx_word' id='word_1_228' title='bbox 910 3893 984 3955; x_wconf 89' lang='lat' dir='ltr'><strong>nibil</strong></span> <span class='ocrx_word' id='word_1_229' title='bbox 1004 3893 1101 3955; x_wconf 87' lang='lat' dir='ltr'><strong>minus</strong></span> <span class='ocrx_word' id='word_1_230' title='bbox 1123 3892 1171 3955; x_wconf 87' lang='lat' dir='ltr'><strong>bic</strong></span> <span class='ocrx_word' id='word_1_231' title='bbox 1192 3893 1358 3976; x_wconf 80' lang='lat' dir='ltr'><strong>significat,</strong></span> <span class='ocrx_word' id='word_1_232' title='bbox 1388 3910 1476 3974; x_wconf 90' lang='lat' dir='ltr'><strong>quam</strong></span> <span class='ocrx_word' id='word_1_233' title='bbox 1503 3892 1651 3953; x_wconf 91' lang='lat' dir='ltr'><strong>actionem</strong></span> <span class='ocrx_word' id='word_1_234' title='bbox 1673 3908 1732 3972; x_wconf 90' lang='lat' dir='ltr'><strong>qua</strong></span> <span class='ocrx_word' id='word_1_235' title='bbox 1755 3890 1904 3956; x_wconf 88' lang='lat' dir='ltr'><strong>Sacerdos</strong></span> <span class='ocrx_word' id='word_1_236' title='bbox 1926 3911 1979 3955; x_wconf 90' lang='lat' dir='ltr'><strong>sa-</strong></span> 
     </span>
     <span class='ocr_line' id='line_1_25' title="bbox 616 3979 1979 4075; baseline -0.001 -20"><span class='ocrx_word' id='word_1_237' title='bbox 616 4001 800 4057; x_wconf 87' lang='lat' dir='ltr'><strong>cramentum</strong></span> <span class='ocrx_word' id='word_1_238' title='bbox 823 3993 941 4075; x_wconf 88' lang='lat' dir='ltr'><strong>perficit</strong></span> <span class='ocrx_word' id='word_1_239' title='bbox 963 4010 1019 4055; x_wconf 89' lang='lat' dir='ltr'><strong>seu</strong></span> <span class='ocrx_word' id='word_1_240' title='bbox 1042 3999 1215 4055; x_wconf 90' lang='lat' dir='ltr'><strong>consecrat:</strong></span> <span class='ocrx_word' id='word_1_241' title='bbox 1247 3993 1302 4055; x_wconf 88' lang='lat' dir='ltr'><strong>sed</strong></span> <span class='ocrx_word' id='word_1_242' title='bbox 1329 3991 1494 4072; x_wconf 88' lang='lat' dir='ltr'><strong>respondet</strong></span> <span class='ocrx_word' id='word_1_243' title='bbox 1516 4008 1648 4074; x_wconf 89' lang='lat' dir='ltr'><strong>graecae</strong></span> <span class='ocrx_word' id='word_1_244' title='bbox 1670 3993 1738 4053; x_wconf 85' lang='lat' dir='ltr'><strong>voci</strong></span> <span class='ocrx_word' id='word_1_245' title='bbox 1759 3979 1881 4075; x_wconf 73' lang='grc' dir='ltr'><strong><em>τελετή.</em></strong></span> <span class='ocrx_word' id='word_1_246' title='bbox 1925 3991 1979 4055; x_wconf 90' lang='lat' dir='ltr'><strong>Illa</strong></span> 
     </span>
     <span class='ocr_line' id='line_1_26' title="bbox 617 4088 1979 4172; baseline -0.002 -16"><span class='ocrx_word' id='word_1_247' title='bbox 617 4100 799 4157; x_wconf 82' lang='lat' dir='ltr'><strong>autemnon</strong></span> <span class='ocrx_word' id='word_1_248' title='bbox 821 4092 910 4155; x_wconf 87' lang='lat' dir='ltr'><strong>modo</strong></span> <span class='ocrx_word' id='word_1_249' title='bbox 933 4090 1012 4172; x_wconf 91' lang='lat' dir='ltr'><strong>apud</strong></span> <span class='ocrx_word' id='word_1_250' title='bbox 1034 4092 1199 4171; x_wconf 90' lang='lat' dir='ltr'><strong>scriptores</strong></span> <span class='ocrx_word' id='word_1_251' title='bbox 1222 4090 1424 4169; x_wconf 86' lang='lat' dir='ltr'><strong>Christianos,</strong></span> <span class='ocrx_word' id='word_1_252' title='bbox 1447 4108 1552 4152; x_wconf 88' lang='lat' dir='ltr'><strong>verum</strong></span> <span class='ocrx_word' id='word_1_253' title='bbox 1575 4089 1654 4170; x_wconf 91' lang='lat' dir='ltr'><strong>apud</strong></span> <span class='ocrx_word' id='word_1_254' title='bbox 1677 4088 1769 4168; x_wconf 93' lang='lat' dir='ltr'><strong>alios,</strong></span> <span class='ocrx_word' id='word_1_255' title='bbox 1793 4091 1979 4170; x_wconf 81' lang='lat' dir='ltr'><strong>sacnlicium,</strong></span> 
     </span>
     <span class='ocr_line' id='line_1_27' title="bbox 615 4187 1980 4273; baseline -0.004 -19"><span class='ocrx_word' id='word_1_256' title='bbox 615 4192 801 4273; x_wconf 76' lang='lat' dir='ltr'><strong>mysterium,</strong></span> <span class='ocrx_word' id='word_1_257' title='bbox 824 4199 855 4254; x_wconf 88' lang='lat' dir='ltr'><strong>et</strong></span> <span class='ocrx_word' id='word_1_258' title='bbox 877 4208 964 4253; x_wconf 90' lang='lat' dir='ltr'><strong>sacra</strong></span> <span class='ocrx_word' id='word_1_259' title='bbox 987 4189 1144 4272; x_wconf 86' lang='lat' dir='ltr'><strong>siguificat.</strong></span> <span class='ocrx_word' id='word_1_260' title='bbox 1188 4190 1234 4253; x_wconf 87' lang='lat' dir='ltr'><strong>Eo</strong></span> <span class='ocrx_word' id='word_1_261' title='bbox 1257 4208 1359 4264; x_wconf 89' lang='lat' dir='ltr'><strong>sensu,</strong></span> <span class='ocrx_word' id='word_1_262' title='bbox 1383 4188 1463 4251; x_wconf 87' lang='lat' dir='ltr'><strong>nulla</strong></span> <span class='ocrx_word' id='word_1_263' title='bbox 1487 4197 1534 4251; x_wconf 89' lang='lat' dir='ltr'><strong>est</strong></span> <span class='ocrx_word' id='word_1_264' title='bbox 1556 4187 1720 4250; x_wconf 85' lang='lat' dir='ltr'><strong>difficultas.</strong></span> <span class='ocrx_word' id='word_1_265' title='bbox 1765 4189 1884 4252; x_wconf 86' lang='lat' dir='ltr'><strong>Gratiae</strong></span> <span class='ocrx_word' id='word_1_266' title='bbox 1905 4206 1980 4253; x_wconf 87' lang='lat' dir='ltr'><strong>vero</strong></span> 
     </span>
     <span class='ocr_line' id='line_1_28' title="bbox 616 4287 1980 4372; baseline -0.001 -20"><span class='ocrx_word' id='word_1_267' title='bbox 616 4298 748 4371; x_wconf 78' lang='lat' dir='ltr'><strong>aguntur</strong></span> <span class='ocrx_word' id='word_1_268' title='bbox 768 4288 837 4351; x_wconf 90' lang='lat' dir='ltr'><strong>Deo</strong></span> <span class='ocrx_word' id='word_1_269' title='bbox 860 4306 920 4351; x_wconf 90' lang='lat' dir='ltr'><strong>non</strong></span> <span class='ocrx_word' id='word_1_270' title='bbox 942 4289 980 4351; x_wconf 89' lang='lat' dir='ltr'><strong>de</strong></span> <span class='ocrx_word' id='word_1_271' title='bbox 1002 4291 1237 4352; x_wconf 88' lang='lat' dir='ltr'><strong>consecrationis</strong></span> <span class='ocrx_word' id='word_1_272' title='bbox 1268 4289 1394 4367; x_wconf 83' lang='lat' dir='ltr'><strong>ellectu,</strong></span> <span class='ocrx_word' id='word_1_273' title='bbox 1423 4287 1478 4351; x_wconf 90' lang='lat' dir='ltr'><strong>sed</strong></span> <span class='ocrx_word' id='word_1_274' title='bbox 1508 4288 1546 4351; x_wconf 89' lang='lat' dir='ltr'><strong>de</strong></span> <span class='ocrx_word' id='word_1_275' title='bbox 1575 4287 1676 4350; x_wconf 86' lang='lat' dir='ltr'><strong>divino</strong></span> <span class='ocrx_word' id='word_1_276' title='bbox 1706 4288 1870 4365; x_wconf 87' lang='lat' dir='ltr'><strong>beneficio,</strong></span> <span class='ocrx_word' id='word_1_277' title='bbox 1900 4289 1980 4372; x_wconf 88' lang='lat' dir='ltr'><strong>quod</strong></span> 
     </span>
     <span class='ocr_line' id='line_1_29' title="bbox 616 4389 1065 4470; baseline -0.007 -18"><span class='ocrx_word' id='word_1_278' title='bbox 616 4406 674 4469; x_wconf 88' lang='lat' dir='ltr'><strong>per</strong></span> <span class='ocrx_word' id='word_1_279' title='bbox 695 4389 869 4470; x_wconf 73' lang='lat' dir='ltr'><strong>mysterium</strong></span> <span class='ocrx_word' id='word_1_280' title='bbox 892 4390 1065 4469; x_wconf 86' lang='lat' dir='ltr'><strong>suscipitur.</strong></span> 
     </span>
    </p>
   </div>
   <div class='ocr_carea' id='block_1_8' title="bbox 999 4676 1643 4787">
    <p class='ocr_par' dir='ltr' id='par_1_8' title="bbox 999 4676 1643 4787">
     <span class='ocr_line' id='line_1_30' title="bbox 999 4676 1643 4787; baseline -0.002 -39"><span class='ocrx_word' id='word_1_281' title='bbox 999 4676 1034 4748; x_wconf 82' lang='lat'><strong>6.</strong></span> <span class='ocrx_word' id='word_1_282' title='bbox 1080 4678 1209 4772; x_wconf 71' lang='lat' dir='ltr'><strong>Regum</strong></span> <span class='ocrx_word' id='word_1_283' title='bbox 1237 4677 1514 4748; x_wconf 79' lang='lat' dir='ltr'><strong>Ortbodoaeorum</strong></span> <span class='ocrx_word' id='word_1_284' title='bbox 1538 4683 1601 4748; x_wconf 87' lang='lat' dir='ltr'><strong>ele.</strong></span> <span class='ocrx_word' id='word_1_285' title='bbox 1639 4780 1643 4787; x_wconf 23' lang='lat'>¹</span> 
     </span>
    </p>
   </div>
   <div class='ocr_carea' id='block_1_9' title="bbox 568 4868 1987 5561">
    <p class='ocr_par' dir='ltr' id='par_1_9' title="bbox 568 4868 1987 5561">
     <span class='ocr_line' id='line_1_31' title="bbox 713 4868 1984 4961; baseline -0.002 -16"><span class='ocrx_word' id='word_1_286' title='bbox 713 4868 766 4945; x_wconf 83' lang='lat' dir='ltr'><strong>Dr</strong></span> <span class='ocrx_word' id='word_1_287' title='bbox 788 4877 838 4942; x_wconf 91' lang='lat' dir='ltr'><strong>illa</strong></span> <span class='ocrx_word' id='word_1_288' title='bbox 860 4877 985 4942; x_wconf 80' lang='lat' dir='ltr'><strong>formula</strong></span> <span class='ocrx_word' id='word_1_289' title='bbox 1007 4882 1128 4961; x_wconf 86' lang='lat' dir='ltr'><strong>saepius</strong></span> <span class='ocrx_word' id='word_1_290' title='bbox 1151 4880 1259 4943; x_wconf 91' lang='lat' dir='ltr'><strong>dictum</strong></span> <span class='ocrx_word' id='word_1_291' title='bbox 1282 4888 1340 4956; x_wconf 90' lang='lat' dir='ltr'><strong>est,</strong></span> <span class='ocrx_word' id='word_1_292' title='bbox 1362 4879 1657 4961; x_wconf 88' lang='lat' dir='ltr'><strong>demonstratumque</strong></span> <span class='ocrx_word' id='word_1_293' title='bbox 1679 4879 1792 4943; x_wconf 89' lang='lat' dir='ltr'><strong>nullum</strong></span> <span class='ocrx_word' id='word_1_294' title='bbox 1805 4900 1845 4944; x_wconf 84' lang='lat' dir='ltr'><strong>ex</strong></span> <span class='ocrx_word' id='word_1_295' title='bbox 1858 4898 1895 4944; x_wconf 88' lang='lat' dir='ltr'><strong>ea</strong></span> <span class='ocrx_word' id='word_1_296' title='bbox 1917 4881 1984 4961; x_wconf 90' lang='lat' dir='ltr'><strong>capi</strong></span> 
     </span>
     <span class='ocr_line' id='line_1_32' title="bbox 599 4982 1987 5073; baseline 0.002 -28"><span class='ocrx_word' id='word_1_297' title='bbox 599 5000 717 5073; x_wconf 25' lang='lat' dir='ltr'><strong>&#39;posse</strong></span> <span class='ocrx_word' id='word_1_298' title='bbox 738 4984 897 5046; x_wconf 82' lang='lat' dir='ltr'><strong>vetustatis</strong></span> <span class='ocrx_word' id='word_1_299' title='bbox 920 4982 1074 5045; x_wconf 90' lang='lat' dir='ltr'><strong>indicium:</strong></span> <span class='ocrx_word' id='word_1_300' title='bbox 1104 4986 1238 5063; x_wconf 87' lang='lat' dir='ltr'><strong>quamvis</strong></span> <span class='ocrx_word' id='word_1_301' title='bbox 1268 4984 1346 5046; x_wconf 90' lang='lat' dir='ltr'><strong>enim</strong></span> <span class='ocrx_word' id='word_1_302' title='bbox 1375 5002 1391 5046; x_wconf 92' lang='lat' dir='ltr'><strong>a</strong></span> <span class='ocrx_word' id='word_1_303' title='bbox 1419 4984 1523 5066; x_wconf 90' lang='lat' dir='ltr'><strong>primis</strong></span> <span class='ocrx_word' id='word_1_304' title='bbox 1551 4983 1707 5047; x_wconf 84' lang='lat' dir='ltr'><strong>Ecclesiae</strong></span> <span class='ocrx_word' id='word_1_305' title='bbox 1736 4984 1865 5047; x_wconf 91' lang='lat' dir='ltr'><strong>saeculis</strong></span> <span class='ocrx_word' id='word_1_306' title='bbox 1891 5001 1987 5066; x_wconf 86' lang='lat' dir='ltr'><strong>rape-</strong></span> 
     </span>
     <span class='ocr_line' id='line_1_33' title="bbox 623 5080 1987 5165; baseline 0.003 -22"><span class='ocrx_word' id='word_1_307' title='bbox 623 5080 713 5144; x_wconf 85' lang='lat' dir='ltr'><strong>tenda</strong></span> <span class='ocrx_word' id='word_1_308' title='bbox 735 5080 815 5144; x_wconf 86' lang='lat' dir='ltr'><strong>illius</strong></span> <span class='ocrx_word' id='word_1_309' title='bbox 837 5081 925 5165; x_wconf 87' lang='lat' dir='ltr'><strong>origo</strong></span> <span class='ocrx_word' id='word_1_310' title='bbox 948 5083 997 5159; x_wconf 89' lang='lat' dir='ltr'><strong>sit,</strong></span> <span class='ocrx_word' id='word_1_311' title='bbox 1019 5100 1086 5144; x_wconf 91' lang='lat' dir='ltr'><strong>cum</strong></span> <span class='ocrx_word' id='word_1_312' title='bbox 1108 5081 1340 5163; x_wconf 87' lang='lat' dir='ltr'><strong>imperatoribus</strong></span> <span class='ocrx_word' id='word_1_313' title='bbox 1361 5082 1537 5146; x_wconf 84' lang='lat' dir='ltr'><strong>Christianis</strong></span> <span class='ocrx_word' id='word_1_314' title='bbox 1559 5084 1732 5146; x_wconf 73' lang='lat' dir='ltr'><strong>conveniatz</strong></span> <span class='ocrx_word' id='word_1_315' title='bbox 1755 5100 1796 5146; x_wconf 85' lang='lat' dir='ltr'><strong>ex</strong></span> <span class='ocrx_word' id='word_1_316' title='bbox 1816 5085 1914 5147; x_wconf 88' lang='lat' dir='ltr'><strong>veteri</strong></span> <span class='ocrx_word' id='word_1_317' title='bbox 1936 5085 1987 5148; x_wconf 89' lang='lat' dir='ltr'><strong>in-</strong></span> 
     </span>
     <span class='ocr_line' id='line_1_34' title="bbox 622 5179 1986 5266; baseline 0.005 -27"><span class='ocrx_word' id='word_1_318' title='bbox 622 5179 724 5240; x_wconf 88' lang='lat' dir='ltr'><strong>stituto</strong></span> <span class='ocrx_word' id='word_1_319' title='bbox 747 5182 778 5241; x_wconf 86' lang='lat' dir='ltr'><strong>in</strong></span> <span class='ocrx_word' id='word_1_320' title='bbox 798 5180 898 5244; x_wconf 88' lang='lat' dir='ltr'><strong>multis</strong></span> <span class='ocrx_word' id='word_1_321' title='bbox 922 5179 1066 5265; x_wconf 84' lang='lat' dir='ltr'><strong>Liturgiis</strong></span> <span class='ocrx_word' id='word_1_322' title='bbox 1089 5188 1209 5243; x_wconf 81' lang='lat' dir='ltr'><strong>servata</strong></span> <span class='ocrx_word' id='word_1_323' title='bbox 1231 5188 1288 5261; x_wconf 91' lang='lat' dir='ltr'><strong>est,</strong></span> <span class='ocrx_word' id='word_1_324' title='bbox 1311 5182 1399 5244; x_wconf 89' lang='lat' dir='ltr'><strong>etiam</strong></span> <span class='ocrx_word' id='word_1_325' title='bbox 1422 5200 1462 5245; x_wconf 84' lang='lat' dir='ltr'><strong>ex</strong></span> <span class='ocrx_word' id='word_1_326' title='bbox 1484 5199 1543 5263; x_wconf 83' lang='lat' dir='ltr'><strong>quo</strong></span> <span class='ocrx_word' id='word_1_327' title='bbox 1564 5181 1702 5247; x_wconf 86' lang='lat' dir='ltr'><strong>infideles</strong></span> <span class='ocrx_word' id='word_1_328' title='bbox 1713 5182 1844 5247; x_wconf 89' lang='lat' dir='ltr'><strong>Orientis</strong></span> <span class='ocrx_word' id='word_1_329' title='bbox 1858 5184 1986 5266; x_wconf 86' lang='lat' dir='ltr'><strong>imperio</strong></span> 
     </span>
     <span class='ocr_line' id='line_1_35' title="bbox 568 5277 1987 5364; baseline 0.006 -26"><span class='ocrx_word' id='word_1_330' title='bbox 568 5311 575 5318; x_wconf 94' lang='lat'>-</span> <span class='ocrx_word' id='word_1_331' title='bbox 623 5277 799 5357; x_wconf 89' lang='lat' dir='ltr'><strong>potitieunt.</strong></span> <span class='ocrx_word' id='word_1_332' title='bbox 835 5278 913 5342; x_wconf 87' lang='lat' dir='ltr'><strong>Olim</strong></span> <span class='ocrx_word' id='word_1_333' title='bbox 926 5279 1046 5361; x_wconf 81' lang='lat' dir='ltr'><strong>quidem</strong></span> <span class='ocrx_word' id='word_1_334' title='bbox 1057 5280 1283 5342; x_wconf 88' lang='lat' dir='ltr'><strong>nominabantur</strong></span> <span class='ocrx_word' id='word_1_335' title='bbox 1305 5280 1346 5361; x_wconf 92' lang='lat' dir='ltr'><strong>pii</strong></span> <span class='ocrx_word' id='word_1_336' title='bbox 1368 5288 1399 5342; x_wconf 90' lang='lat' dir='ltr'><strong>et</strong></span> <span class='ocrx_word' id='word_1_337' title='bbox 1420 5279 1556 5364; x_wconf 79' lang='lat' dir='ltr'><strong>religiosi</strong></span> <span class='ocrx_word' id='word_1_338' title='bbox 1577 5281 1794 5364; x_wconf 85' lang='lat' dir='ltr'><strong>Imperatores:</strong></span> <span class='ocrx_word' id='word_1_339' title='bbox 1817 5280 1987 5350; x_wconf 81' lang='lat' dir='ltr'><strong>Ortbodoxi</strong></span> 
     </span>
     <span class='ocr_line' id='line_1_36' title="bbox 623 5374 1987 5464; baseline 0.009 -27"><span class='ocrx_word' id='word_1_340' title='bbox 623 5374 683 5438; x_wconf 84' lang='lat' dir='ltr'><strong>dici</strong></span> <span class='ocrx_word' id='word_1_341' title='bbox 703 5386 871 5459; x_wconf 89' lang='lat' dir='ltr'><strong>coeperunt</strong></span> <span class='ocrx_word' id='word_1_342' title='bbox 894 5378 1077 5443; x_wconf 82' lang='lat' dir='ltr'><strong>alacobitis</strong></span> <span class='ocrx_word' id='word_1_343' title='bbox 1103 5377 1146 5441; x_wconf 86' lang='lat' dir='ltr'><strong>illi</strong></span> <span class='ocrx_word' id='word_1_344' title='bbox 1171 5378 1305 5456; x_wconf 85' lang='lat' dir='ltr'><strong>demum,</strong></span> <span class='ocrx_word' id='word_1_345' title='bbox 1328 5379 1386 5460; x_wconf 69' lang='lat' dir='ltr'><strong>,qui</strong></span> <span class='ocrx_word' id='word_1_346' title='bbox 1413 5389 1446 5444; x_wconf 91' lang='lat' dir='ltr'><strong>ut</strong></span> <span class='ocrx_word' id='word_1_347' title='bbox 1475 5380 1559 5443; x_wconf 86' lang='lat' dir='ltr'><strong>Zeno</strong></span> <span class='ocrx_word' id='word_1_348' title='bbox 1586 5387 1616 5443; x_wconf 87' lang='lat' dir='ltr'><strong>et</strong></span> <span class='ocrx_word' id='word_1_349' title='bbox 1645 5380 1839 5464; x_wconf 72' lang='lat' dir='ltr'><strong>manuum,</strong></span> <span class='ocrx_word' id='word_1_350' title='bbox 1869 5382 1987 5449; x_wconf 83' lang='lat' dir='ltr'><strong>illorum</strong></span> 
     </span>
     <span class='ocr_line' id='line_1_37' title="bbox 646 5484 1779 5561; baseline 0.004 -17"><span class='ocrx_word' id='word_1_351' title='bbox 646 5499 770 5545; x_wconf 76' lang='lat' dir='ltr'><strong>runnu.</strong></span> <span class='ocrx_word' id='word_1_352' title='bbox 1729 5484 1779 5561; x_wconf 76' lang='grc'><strong>45</strong></span> 
     </span>
    </p>
   </div>
   <div class='ocr_carea' id='block_1_10' title="bbox 0 0 2608 6532">
    <p class='ocr_par' dir='ltr' id='par_1_10' title="bbox 0 0 2608 6532">
     <span class='ocr_line' id='line_1_38' title="bbox 0 0 2608 6532; baseline 0 0"><span class='ocrx_word' id='word_1_353' title='bbox 0 0 2608 6532; x_wconf 95' lang='lat' dir='ltr'><strong> </strong></span> 
     </span>
    </p>
   </div>
  </div>
 </body>
</html>
