5150 6534
1117 842 1535 921 tripudiat
1932 851 1980 926 17

600 1031 654 1123 qui
680 1029 854 1102 uobiscum
879 1029 1013 1102 adstant
1039 1040 1073 1102 et
1101 1039 1209 1116 orant,
1236 1050 1312 1099 cum
1339 1030 1492 1102 omnibus
1519 1033 1574 1124 qui
1599 1055 1620 1103 a
1648 1034 1783 1106 saeculo
1810 1031 1867 1106 tibi
1894 1035 1976 1131 pla-

601 1154 752 1234 cuemnt,
779 1145 822 1218 ab
848 1145 981 1219 Adamo
1010 1144 1051 1216 ad
1078 1143 1163 1216 hanc
1190 1166 1297 1238 usque
1324 1143 1421 1215 diem.
1464 1144 1662 1217 Memoriam
1689 1172 1821 1243 quoque
1848 1155 1978 1241 agimus

601 1270 744 1356 patrum,
770 1260 922 1350 fratrum,
948 1263 1251 1353 magistrorumque
1277 1268 1481 1351 nostrorum,
1509 1264 1563 1354 qui
1591 1261 1776 1335 docuerunt
1800 1286 1864 1336 nos
1890 1288 1978 1337 ver-

599 1374 678 1447 bum
704 1379 875 1448 veritatis:
903 1375 1134 1448 defunctorum
1162 1398 1295 1469 quoque
1308 1385 1511 1465 nostrorum,
1538 1386 1572 1447 et
1585 1380 1730 1450 omnium
1748 1378 1978 1453 defunctorum
2050 1376 2052 1382 ’

601 1489 761 1580 fidelium3
797 1494 975 1586 praecipue
1009 1513 1095 1564 vero
1130 1501 1163 1562 et
1195 1494 1388 1562 nominatim
1415 1494 1739 1583 consanguineorum
1774 1503 1978 1585 nostrorum,

602 1616 668 1678 tum
696 1629 811 1679 corum
838 1610 894 1702 qui
920 1617 1050 1703 partem
1075 1605 1209 1696 babent,
1237 1615 1293 1676 aut
1319 1603 1503 1678 babuerunt
1528 1610 1562 1677 in
1581 1610 1751 1690 erectione
1777 1608 1845 1681 loci
1871 1613 1977 1700 istius,

603 1733 637 1794 et
668 1726 764 1796 unius
791 1725 969 1817 cujusque,
1008 1723 1063 1793 cui
1095 1721 1267 1793 nobiscum
1304 1721 1479 1793 intercedit
1512 1726 1720 1813 communio,
1755 1726 1830 1797 sive
1856 1727 1978 1817 verbo,

603 1840 677 1911 sive
704 1861 821 1933 opere,
847 1840 882 1910 iu
908 1858 1018 1934 pauco
1045 1836 1102 1908 vel
1128 1840 1162 1908 iu
1189 1836 1309 1908 multo:
1345 1835 1432 1910 illius
1466 1841 1683 1932 praesertim,
1714 1849 1854 1934 propter
1880 1861 1978 1934 quem

602 1952 737 2026 offertur
764 1952 828 2025 hoc
856 1953 1062 2039 sacrificium,
1090 1951 1131 2024 N.

703 2070 781 2141 Hoc
812 2068 889 2138 loeo
930 2074 1167 2139 comneemorot
1200 2089 1274 2137 eom
1303 2089 1370 2159 pro
1398 2090 1464 2160 qno
1500 2068 1661 2163 Litnrgiu
1694 2068 1910 2160 celebrator,
1944 2076 1979 2139 et

602 2206 837 2279 quemcumque
864 2183 965 2253 adirem
993 2186 1249 2254 commemorari
1277 2189 1423 2276 oportet.
1450 2181 1492 2252 Si
1519 2183 1707 2256 Genitricia
1720 2184 1791 2256 Dei
1817 2191 1879 2256 aet
1903 2185 1977 2253 nli-

558 2282 562 2289 *
602 2306 696 2390 enjus
721 2304 834 2372 soracti
859 2298 967 2370 Misso
994 2297 1199 2384 celebrator,
1227 2299 1335 2368 dicet:

705 2415 819 2487 Sancti
832 2414 872 2486 N.
888 2417 982 2505 cujus
998 2412 1097 2485 hodie
1114 2417 1307 2486 memoriam
1328 2414 1556 2485 celebramus:
1584 2424 1618 2485 et
1639 2416 1821 2509 praecipue
1839 2423 1979 2488 sanctae

602 2534 772 2624 genitricis
798 2531 863 2601 Dei
890 2530 1040 2618 blariae,
1073 2527 1114 2600 ad
1148 2531 1242 2620 cujus
1272 2528 1435 2601 bonorem
1468 2539 1502 2601 et
1533 2539 1671 2625 propter
1704 2553 1803 2624 quam
1838 2529 1977 2602 offertur
2022 2532 2095 2608 ι

601 2647 666 2718 boc
693 2646 902 2737 sacrificium,
929 2644 1119 2739 specialiter
1147 2654 1180 2715 et
1207 2645 1439 2736 singulariter,
1471 2654 1507 2716 ut
1541 2648 1614 2740 ipsa
1650 2647 1692 2717 sit
1717 2644 1805 2739 apud
1839 2654 1872 2715 te
1898 2647 1977 2717 Do-

602 2766 690 2834 mine
717 2762 930 2856 deprecatrix
956 2782 1018 2855 pro
1046 2782 1254 2854 quocumque
1282 2763 1337 2854 qui
1365 2758 1406 2831 ad
1433 2762 1506 2850 ejus
1528 2760 1687 2832 orationis
1704 2757 1860 2829 auxilium
1888 2783 1977 2833 con-

603 2877 697 2970 fugit.
751 2878 845 2949 Deus
871 2875 962 2947 bone
989 2885 1022 2947 et
1049 2878 1241 2948 misericors
1267 2897 1330 2970 per
1356 2878 1429 2966 ejus
1444 2878 1614 2947 orationes
1641 2872 1876 2969 acceptabiles,
1891 2875 1979 2970 apud

602 3004 637 3065 te
665 3004 698 3064 et
723 2991 965 3082 exaudiendas,
993 2991 1141 3062 concede
1173 3013 1329 3085 eaquae
1360 2995 1442 3085 petit
1473 2990 1546 3078 ille,
1582 2995 1636 3085 qui
1664 2990 1823 3081 singulari
1849 2989 1977 3063 bonore

604 3107 752 3179 celebrat
778 3111 972 3180 memoriam
1000 3110 1082 3198 ejus
1109 3107 1239 3177 Averte
1273 3104 1315 3177 ab
1350 3128 1391 3179 eo
1419 3109 1636 3193 tentationem
1669 3106 1910 3195 castigationes
1944 3116 1977 3177 et

604 3229 722 3316 virgas
757 3222 900 3310 furoris,
936 3232 970 3294 et
1001 3244 1104 3317 parce
1141 3221 1269 3294 delictis
1303 3232 1338 3292 et
1369 3223 1516 3315 peccatis
1551 3223 1644 3311 ejuS,
1680 3244 1743 3316 per
1770 3220 1978 3292 clementiam

601 3349 708 3427 tuam,
725 3360 788 3435 per
806 3340 975 3411 orationes
994 3339 1164 3428 genitricis
1181 3347 1257 3408 tuae
1273 3346 1308 3407 et
1321 3339 1464 3408 omnium
1477 3346 1666 3409 sanctorum
1687 3347 1826 3407 tuorum.
1856 3337 1977 3406 Amen.

708 3455 845 3526 Iterum.
871 3453 966 3524 Deus
994 3462 1027 3522 tu
1053 3451 1161 3523 factus
1190 3475 1228 3523 cs
1256 3452 1471 3539 sacrificium,
1505 3462 1539 3523 et
1565 3453 1622 3523 tibi
1648 3453 1842 3524 sacrificium
1870 3447 1977 3521 oller-

603 3580 670 3642 tur:
711 3573 844 3664 suscipe
885 3566 951 3639 hoc
992 3567 1189 3639 sacrificium
1224 3589 1269 3637 ex
1304 3565 1453 3638 manibus
1488 3570 1572 3638 meis
1612 3565 1872 3661 peccatricibus,
1914 3586 1976 3658 pro

603 3689 713 3757 anima
739 3684 780 3757 N.
808 3690 842 3755 et
868 3705 988 3754 nomen
1015 3688 1086 3773 ejus
1118 3688 1170 3751 ter
1203 3686 1420 3773 pronrmciut.
1458 3682 1593 3753 lterum.
1634 3683 1728 3754 Deus
1755 3691 1891 3776 praesta
1916 3701 1978 3775 per
2093 3771 2097 3778 Ι

603 3800 811 3873 elementiam
838 3809 939 3887 tuam,
965 3800 1115 3892 requiem
1143 3808 1177 3869 et
1202 3800 1394 3868 memoriam
1428 3795 1550 3868 bonam
1583 3801 1669 3893 patri
1703 3819 1780 3868 meo
1814 3807 1849 3867 et
1882 3798 1978 3867 matri

602 3936 708 3985 meae.
736 3915 885 3986 Nomine
910 3913 1044 3983 illorum
1070 3918 1122 3983 ter
1146 3915 1366 4005 pronnrreiot.
1393 3911 1435 3982 St
1464 3936 1532 4005 pro
1560 3915 1693 4005 infirmo
1725 3912 1887 4003 Liturqie
1913 3934 1977 3981 ee-

606 4029 769 4100 latratur.
797 4030 890 4101 Deus
916 4030 1126 4115 misericors,
1152 4030 1316 4099 miserere
1342 4027 1444 4115 illius,
1481 4037 1515 4097 et
1541 4029 1692 4100 concede
1724 4029 1770 4099 illi
1805 4029 1976 4100 sanitatem

603 4149 733 4217 animae
759 4154 794 4216 et
821 4148 983 4239 corporis.
1010 4144 1052 4214 st
1074 4166 1142 4234 pro
1175 4143 1344 4236 defuneto.
1372 4142 1465 4213 Deus
1491 4152 1627 4238 praesta
1659 4141 1705 4214 illi
1738 4146 1909 4238 requiem,
1945 4154 1978 4214 ct

601 4260 734 4356 plenam
767 4260 934 4332 felicitatis
965 4258 1153 4330 fruitionem
1189 4262 1223 4329 in
1258 4258 1453 4330 habitaculis
1480 4257 1565 4329 lucis
1596 4261 1681 4347 tuis,
1714 4280 1788 4328 cum
1825 4254 1977 4329 omnibus

604 4380 659 4471 qui
685 4376 899 4472 perfecerunt
923 4375 1130 4447 voluntatem
1161 4384 1259 4445 tuam.
1313 4372 1453 4444 Praesta
1480 4376 1578 4445 etiam
1605 4377 1754 4469 requiem
1781 4383 1815 4444 et
1840 4395 1976 4444 memo-

600 4495 685 4564 riam
712 4493 836 4566 bonam
861 4493 949 4586 patri
975 4512 1064 4580 meo,
1092 4500 1126 4562 et
1152 4493 1248 4562 matri
1274 4511 1383 4577 meae,
1411 4494 1763 4585 etunicuiquecorum
1782 4487 1976 4582 quibuscum

601 4606 678 4677 milri
706 4609 851 4679 societas
877 4606 1065 4678 intercedit:
1094 4617 1128 4678 et
1154 4610 1351 4700 quicumque
1379 4606 1420 4678 ab
1449 4606 1636 4677 infirmitate
1662 4616 1777 4676 nostra
1803 4608 1915 4698 petiit,
1942 4612 1978 4672 ut

601 4719 687 4792 illius
714 4724 909 4793 memoriam
936 4743 1115 4813 ageremus
1141 4724 1174 4792 in
1201 4721 1367 4794 sacrificio
1395 4720 1475 4810 lmc,
1504 4721 1593 4814 quod
1625 4746 1644 4793 a
1678 4721 1776 4794 nobis
1811 4728 1976 4814 peccato-

602 4833 695 4908 ribus
722 4836 779 4909 tibi
808 4835 956 4925 offertur,
983 4859 1121 4931 quorum
1148 4840 1281 4908 nomina
1309 4836 1367 4908 tibi
1393 4849 1473 4909 nota
1500 4847 1584 4909 sunt

704 4956 864 5044 Στῶμεν
888 4955 1013 5035 καλῶς.
1040 4951 1175 5024 Stemus
1201 4952 1369 5024 decenter.
1396 4952 1502 5048 Kyrie
1529 4951 1667 5025 eleison.

710 5068 802 5137 Tenc
829 5069 969 5160 deponit
994 5070 1165 5158 mysterio,
1193 5073 1228 5137 et
1254 5067 1403 5137 collocet
1437 5068 1578 5138 culicem
1613 5067 1660 5136 ed
1695 5066 1884 5153 Orientem,
1919 5065 1978 5134 di-

604 5205 697 5252 ecum
723 5183 770 5252 nd
798 5182 1035 5252 Occidentem:
1067 5182 1223 5252 extendit
1248 5181 1474 5276 Anapboram
1501 5185 1573 5253 eine
1599 5182 1706 5252 edum
1731 5186 1857 5272 majus,
1890 5203 1979 5275 ope-

600 5298 715 5390 ritque
740 5301 913 5389 atpateria,
940 5303 975 5368 et
1001 5297 1093 5366 dicit.
