5150 6534
916 818 1595 930 nuirorumnrosconnnscon.
1867 856 1943 930 aar

569 1033 705 1111 sostomi,
727 1051 767 1095 cx
781 1050 841 1114 qua
861 1033 1024 1096 verisimile
1042 1040 1089 1094 est
1111 1034 1290 1115 migravisse
1313 1035 1342 1094 in
1365 1034 1517 1114 Syriacam
1539 1036 1679 1099 Nestoris
1703 1035 1852 1118 tributam,
1876 1059 1942 1101 ctam
2020 1061 2025 1071 ¹

568 1132 595 1195 is
618 1131 967 1213 Constantinopolitanae
982 1131 1140 1194 Ecclesiae
1163 1132 1370 1213 disciplinam,
1383 1141 1415 1195 ut
1437 1132 1516 1196 illius
1539 1134 1621 1197 urbis
1645 1135 1793 1216 qnondam
1809 1138 1942 1219 Episco-

569 1248 638 1311 pus,
661 1228 697 1291 ad
721 1248 794 1293 suae
817 1239 920 1293 sectae
942 1231 1077 1292 homines
1100 1230 1187 1293 facile
1210 1230 1377 1293 transferre
1399 1235 1539 1312 potuerit.
1569 1234 1707 1296 Dioscuri
1731 1235 1831 1317 igitar,
1855 1238 1941 1300 istius

570 1330 656 1391 officii
679 1332 792 1392 autoris
815 1331 985 1393 testimonio
1015 1337 1147 1407 constat,
1174 1330 1253 1392 dona
1283 1335 1441 1412 proposita
1471 1331 1536 1393 fieri
1567 1349 1677 1413 corpus
1706 1341 1736 1395 et
1764 1336 1942 1417 sanguinem

571 1427 691 1504 Christi,
717 1448 777 1495 non
801 1450 856 1511 per
871 1430 958 1491 sidem
974 1428 1209 1508 suscipientium,
1233 1430 1288 1491 sed
1311 1449 1367 1510 per
1390 1432 1677 1508 transmutationem,
1701 1451 1788 1513 quarn
1811 1452 1881 1496 esse
1897 1436 1943 1497 rei

542 1595 545 1598 ,
569 1528 600 1589 in
622 1549 696 1612 rem,
723 1540 753 1595 et
777 1531 961 1593 substantiae
982 1530 1013 1590 in
1036 1529 1231 1590 substantiam
1254 1530 1417 1609 perspicue
1441 1530 1551 1592 docent
1566 1530 1769 1593 Jacobitarum
1783 1533 1941 1616 Theologi.

570 1626 655 1700 Duae
677 1639 846 1713 sequuntur
869 1629 973 1690 eadem
996 1627 1208 1709 prope-verba
1232 1636 1302 1689 sunt
1325 1628 1432 1708 quihus
1449 1628 1598 1709 Coptitae,
1623 1630 1708 1710 Syris
1731 1632 1760 1691 in
1784 1631 1842 1693 tide
1865 1649 1942 1693 con-

565 1729 756 1809 junctissimi,
782 1731 823 1791 uti
846 1729 945 1790 solent
968 1728 996 1787 in
1021 1728 1128 1788 eximia
1151 1726 1201 1787 illa
1224 1726 1293 1788 fidei
1312 1726 1523 1806 Confessione,
1548 1747 1636 1808 quam
1658 1731 1852 1809 pronuntiant
1874 1739 1943 1794 ante

571 1826 832 1892 Sacramentorum
856 1828 1102 1890 distributionem.

707 2161 741 2229 lt.
783 2159 859 2228 Hoc
886 2164 937 2229 est
965 2177 1089 2247 corpus
1116 2161 1150 2225 et
1176 2159 1315 2249 sanquis
1342 2154 1469 2224 Christi
1494 2154 1566 2225 Dei
1592 2162 1711 2246 nostri,
1740 2166 1804 2230 cte.

685 2352 720 2429 Is
743 2361 878 2441 Liturgia
902 2360 1025 2440 Syriaca
1048 2358 1154 2419 Jaccbi
1183 2365 1211 2418 et
1235 2359 1264 2418 in
1288 2357 1354 2418 aliis
1378 2376 1474 2438 prope
1497 2358 1653 2435 ominibus,
1685 2369 1753 2441 post
1777 2364 1943 2425 orationem

568 2467 817 2548 praecedentem,
850 2482 926 2544 quae
957 2463 1114 2523 veritatem
1146 2462 1284 2540 corporis
1315 2469 1345 2522 et
1368 2462 1523 2542 sanguinis
1549 2463 1659 2526 Christi
1696 2472 1754 2525 tarn
1786 2467 1943 2529 enucleate

568 2566 710 2643 inculcat,
733 2563 864 2644 Populus
888 2561 1017 2641 subjicit.
1041 2559 1152 2621 Anien:
1177 2578 1234 2639 qim
1258 2560 1324 2622 sola
1347 2579 1424 2621 voce
1446 2562 1617 2622 continetur
1641 2564 1820 2644 approbatio
1839 2549 1943 2629 eorurn

569 2683 646 2746 quae
670 2682 741 2725 mox
764 2682 780 2723 a
804 2661 971 2726 Sacerdote
994 2660 1183 2739 pronuntiata
1208 2666 1291 2737 sunt,
1316 2667 1346 2721 ct
1370 2677 1447 2738 quac
1471 2661 1500 2720 in
1524 2663 1621 2722 veteri
1645 2660 1783 2724 Ecclesia
1805 2664 1942 2727 subicere

566 2763 773 2845 judicabatur,
803 2779 870 2822 cum
901 2759 1070 2837 Sacerdos,
1101 2758 1148 2820 vel
1179 2757 1331 2819 Diaconus
1356 2757 1486 2837 diceret,
1520 2758 1638 2838 Corpus
1661 2759 1785 2825 Christi.
1829 2762 1863 2823 ln
1886 2763 1943 2824 ista

569 2879 644 2924 vero
667 2860 829 2942 singularis
853 2867 899 2920 cst
922 2858 1079 2938 prolixior,
1103 2857 1254 2920 confessio
1278 2859 1357 2918 circa
1377 2857 1447 2918 illud
1471 2860 1656 2938 rnysterium,
1680 2862 1803 2939 quaein
1822 2861 1944 2924 Eucha-

569 2963 654 3025 ristiu
677 2961 827 3024 Christum
850 2965 1040 3039 praesentem
1064 2959 1190 3038 agnosci
1214 2964 1359 3034 testatur,
1384 2975 1445 3017 raon
1468 2958 1557 3018 ruodo
1582 2967 1612 3019 ut
1636 2959 1800 3033 lierninem,
1831 2961 1887 3022 scd
1911 2969 1943 3023 ut

568 3060 682 3123 Deum:
706 3068 735 3121 et
758 3060 787 3121 id
802 3057 947 3119 tacebitis
970 3056 1126 3131 familiare,
1149 3065 1180 3117 ut
1204 3076 1244 3117 ex
1267 3057 1357 3116 variis
1382 3057 1558 3118 testimoniis
1583 3076 1660 3137 quae
1685 3059 1754 3119 alibi
1777 3060 1942 3135 retulimus,

569 3159 758 3221 manifestum
781 3166 836 3219 est.
883 3156 967 3228 Quae
991 3173 1065 3217 veru
1088 3156 1173 3216 istius
1196 3153 1396 3218 confessionis
1420 3174 1511 3218 causa
1540 3157 1647 3236 luerit,
1679 3160 1736 3220 etsi
1768 3160 1825 3222 alia
1855 3179 1943 3239 quarn

568 3258 722 3338 plenitudo
746 3257 814 3318 bdei
838 3256 875 3317 dc
899 3254 1102 3330 Eucharistia,
1134 3255 1238 3333 quaeri
1262 3273 1321 3316 nori
1346 3273 1437 3334 posse
1461 3256 1615 3334 videatur,
1645 3266 1691 3319 est
1715 3266 1812 3319 tamen
1836 3258 1941 3337 altera,

569 3355 629 3427 nisi
650 3355 780 3418 lallimur
802 3353 930 3415 maxime
953 3353 1134 3416 verisimilis.
1159 3352 1304 3433 Dionysio
1320 3352 1485 3416 Darsalibio
1510 3363 1587 3417 teste¹
1611 3357 1942 3436 dicebanthstoriani,

568 3474 629 3516 non
651 3455 819 3532 suscipitis
840 3452 1036 3514 Eischusistiu
1058 3471 1170 3531 corpus
1199 3452 1286 3513 Verbi
1306 3452 1379 3526 Dei,
1410 3455 1465 3514 sed
1492 3456 1622 3515 hominis
1649 3462 1679 3515 et
1707 3455 1834 3518 llluriue.
1879 3457 1944 3519 Nos

570 3561 686 3630 omen,
717 3553 828 3632 inquit,
859 3553 1002 3626 dicimus,
1033 3571 1100 3613 esse
1127 3551 1216 3612 Verbi
1236 3552 1306 3627 Dei,
1329 3559 1361 3612 ut
1382 3560 1511 3614 testatur
1532 3554 1647 3614 Paulus
1668 3555 1716 3614 his
1745 3556 1863 3631 cubis,
1893 3558 1944 3637 qui

569 3651 727 3737 manducat
750 3668 861 3730 corpus
887 3650 1014 3727 Domini,
1042 3658 1072 3711 et
1103 3651 1176 3713 bibit
1199 3653 1263 3731 ejus
1286 3652 1480 3732 sanguinem:
1515 3661 1545 3713 et
1571 3671 1660 3726 naeu,
1689 3671 1749 3714 non
1777 3655 1943 3735 dijudicans

571 3770 684 3832 corpus
706 3751 832 3813 Domini.
876 3750 957 3811 Ecce
980 3769 1091 3829 corpus
1113 3759 1143 3811 et
1164 3753 1339 3830 scripsissem
1362 3751 1486 3812 Domini
1506 3760 1598 3812 cecat
1617 3753 1700 3827 iilud,
1723 3774 1783 3815 neu
1805 3756 1942 3816 hortinis.

570 3850 675 3931 ltaque
696 3869 807 3929 corpus
829 3858 859 3910 et
879 3851 1054 3927 sanquinem
1082 3849 1170 3909 Verbi
1190 3849 1250 3910 Dei
1270 3849 1465 3927 suscipimus,
1489 3850 1570 3929 quod
1593 3850 1688 3912 fusius
1712 3852 1820 3914 deinde
1843 3870 1943 3934 expo-

570 3949 629 4026 nit,
658 3957 688 4010 et
718 3949 775 4010 illis
803 3948 904 4010 verbis
935 3966 1011 4026 quac
1043 3967 1109 4008 cum
1140 3950 1195 4009 istu
1225 3949 1362 4010 oratione
1392 3951 1549 4010 maximam
1578 3952 1688 4013 hubent
1711 3953 1942 4014 similitudinem.
2040 3977 2049 3997 ν

570 4047 735 4111 Dioscorus
759 4048 784 4109 si
807 4055 840 4109 ut
862 4047 989 4108 diximus
1013 4047 1099 4127 hujus
1123 4048 1275 4129 Litargiae
1300 4055 1402 4124 autor,
1431 4048 1538 4109 Curdis
1561 4049 1730 4131 Episcopus
1754 4051 1825 4128 luit,
1854 4054 1883 4114 in
1907 4072 1943 4114 ea

571 4147 699 4228 regione
720 4147 807 4224 vixit,
831 4164 909 4226 quac
932 4147 1120 4209 Nestorianis
1143 4146 1231 4226 plena
1255 4155 1340 4207 erat:
1364 4146 1433 4208 olim
1446 4149 1523 4208 enirn
1536 4146 1732 4211 Orthudoxos
1749 4151 1943 4213 etJacobitas

571 4246 604 4307 in
627 4247 684 4308 ista
706 4247 873 4325 vicinisque¹
895 4246 1058 4325 provinciis
1082 4262 1207 4307 numero
1231 4252 1262 4306 et
1285 4247 1445 4307 austeritate
1468 4247 1660 4327 superabant.
1695 4248 1733 4309 Ut
1756 4250 1848 4330 igitur
1870 4268 1943 4312 suos

571 4344 725 4407 Jacobitas
747 4345 797 4406 ille
814 4347 943 4407 muniret
966 4345 1113 4406 adversus
1136 4344 1225 4406 talem
1248 4344 1492 4406 Nestorianornm
1517 4346 1698 4426 opinionem,
1722 4347 1760 4409 de
1775 4355 1944 4428 quatarncn

572 4446 625 4506 vix
646 4444 742 4507 simile
765 4444 925 4522 quidquam
949 4444 1018 4504 alibi
1042 4444 1163 4526 legitur,
1187 4443 1273 4505 istam
1297 4435 1520 4506 contessionem
1537 4443 1691 4529 Liturgiae
1706 4463 1779 4508 suae
1802 4448 1944 4508 inseren-
1980 4484 1982 4488 .

574 4543 641 4605 dam
660 4544 815 4624 Judicavit.

814 4840 848 4907 5.
886 4836 951 4921 (lui
976 4840 1114 4908 ueniunt
1141 4839 1188 4908 ud
1213 4837 1408 4907 thesaurum
1435 4841 1558 4910 ossium
1586 4861 1710 4909 eorum.

526 5124 530 5130 .
684 5028 812 5105 losraars
830 5039 915 5101 locus
930 5039 967 5101 dc
982 5039 1179 5102 veneratione
1202 5040 1407 5122 reliquiarum,
1430 5060 1507 5123 quae
1530 5059 1642 5103 summa
1666 5047 1713 5102 cst
1735 5038 1814 5120 apud
1832 5038 1945 5102 Orien-

572 5141 649 5204 tales
679 5160 719 5204 ex
749 5144 846 5204 veteri
876 5142 1043 5223 disciplina.
1088 5142 1161 5206 lnde
1189 5145 1219 5205 in
1247 5145 1353 5207 vicinis
1376 5145 1552 5226 regionibus
1586 5142 1716 5204 celebris
1750 5142 1805 5204 luit
1827 5142 1945 5223 llarty-

572 5239 698 5319 ropolis,
722 5241 847 5321 Syriaca
870 5240 948 5303 dicta
964 5241 1167 5305 Bei't-Gurme'
1188 5245 1274 5323 quasi
1298 5242 1495 5320 Ossuurium,
1518 5241 1597 5303 unde
1616 5241 1787 5302 Nestoriani
1806 5239 1944 5302 lecerunt

572 5336 710 5416 Bujcrrui
730 5339 862 5405 Arabiae
885 5340 1069 5404 scribentes:
1098 5343 1200 5423 ibique
1227 5343 1409 5424 hletropolin
1431 5342 1573 5422 propriae
1588 5348 1692 5406 sectae
1714 5340 1944 5403 constituerunt.

624 5462 711 5506 tomus
724 5463 747 5506 u.
963 5491 974 5509 «.
1179 5442 1184 5451 ’
1532 5477 1535 5485 ·
1682 5445 1730 5517 67
