5150 6534
628 834 702 910 100
1015 836 1633 962 ousuhvhutouus

624 1018 700 1081 ateis
721 1018 882 1101 ιῑιιπςιοι,
906 1037 965 1100 quo
987 1019 1055 1082 soto
1076 1021 1120 1082 ua
1138 1019 1293 1101 Juhentur.
1334 1001 1461 1083 aarum
1482 1021 1644 1102 umnam,
1667 1023 1738 1086 aum
1755 1037 1825 1086 em
1841 1022 1895 1103 qut
1914 1021 2005 1088 reno

623 1118 745 1181 indutus
768 1127 896 1181 vocatus
918 1126 982 1198 est,
1005 1139 1073 1183 eum
1095 1138 1166 1183 esse
1189 1120 1370 1183 existimavit
1384 1121 1480 1200 quiin
1498 1119 2006 1185 eanonetacobittconomrnmur.

1222 1396 1401 1468 Memento.

715 1604 894 1693 Dorceus,
917 1616 1042 1698 proprie
1064 1615 1101 1678 ad
1125 1613 1271 1696 Syrorum
1292 1623 1423 1677 mentem
1445 1613 1616 1695 loquendo,
1644 1622 1715 1677 sunt
1737 1614 1899 1680 Orationes
1922 1634 2004 1698 quac

624 1736 682 1799 pro
705 1718 782 1780 vivis
805 1723 837 1777 et
859 1713 1006 1777 defunctis
1029 1715 1103 1777 hunt
1132 1732 1170 1777 eo
1201 1713 1286 1792 loco,
1316 1732 1376 1795 quo
1405 1715 1524 1776 tertiam
1546 1713 1703 1797 liturgiae
1725 1722 1842 1796 partem
1862 1716 2005 1797 incipere

625 1817 731 1879 scribit
759 1812 916 1877 Barsalibi.
961 1813 1004 1874 lta
1034 1820 1133 1875 autern
1155 1813 1310 1876 orationes
1332 1812 1402 1874 illae
1432 1811 1491 1874 dici
1520 1811 1646 1890 debent,
1679 1820 1713 1875 ut
1740 1821 1856 1894 partem
1881 1813 2005 1877 ium

624 1924 746 1978 secreto
770 1912 921 1978 Sacerdos
943 1911 1039 1990 dicat,
1062 1912 1143 1989 sive,
1173 1912 1255 1991 quod
1277 1911 1356 1974 idem
1386 1920 1451 1989 est,
1481 1912 1657 1991 inclinatus,
1685 1912 1771 1975 aliam
1800 1910 1880 1976 elate
1909 1930 2002 1989 voce,

623 2021 657 2075 ut
678 2020 737 2075 tam
759 2017 896 2088 secreto,
919 2027 1009 2089 quam
1032 2010 1092 2071 ulta
1113 2027 1192 2072 voce
1219 2016 1303 2086 oret,
1335 2017 1366 2071 et
1393 2011 1436 2072 ita
1465 2010 1580 2092 populo
1608 2010 1771 2073 denunciet
1802 2027 1860 2091 pro
1883 2011 2002 2091 quibus

624 2114 692 2193 ipse
714 2119 797 2188 orat,
821 2118 852 2172 et
874 2110 913 2171 ah
936 2110 1073 2173 omnibus
1096 2107 1241 2171 orandum
1263 2110 1317 2170 sit:
1341 2126 1439 2189 eaque
1460 2111 1577 2172 ratione
1598 2109 1729 2191 populus
1755 2126 1824 2174 cum
1845 2110 2003 2175 Sacerdo-

625 2214 665 2273 tis
687 2209 829 2292 precibus
851 2227 922 2271 suas
946 2209 1110 2291 conjungit.
1154 2207 1305 2289 Diptycha
1327 2224 1449 2288 quoque
1472 2208 1612 2270 Canones
1633 2207 1755 2285 vocari,
1771 2208 1890 2271 scribit
1910 2217 2003 2273 autor

624 2310 720 2387 idem,
744 2326 876 2388 esseque
897 2326 971 2385 sex,
1002 2325 1112 2388 nempe
1140 2315 1203 2370 tres
1230 2324 1287 2387 pro
1316 2308 1411 2368 vivis:
1445 2306 1568 2369 totidem
1597 2324 1655 2387 pro
1683 2308 1819 2369 mortuis.
1863 2306 2003 2374 Accus'at

522 2414 523 2417 ’
622 2408 774 2471 Armenos
797 2405 878 2486 quod
900 2423 957 2487 pro
979 2407 1057 2468 vivis
1079 2408 1110 2467 in
1131 2406 1267 2489 liturgia
1290 2405 1387 2468 nullas
1409 2408 1562 2469 orationes
1584 2405 1710 2468 faciant:
1733 2424 1817 2486 nam,
1839 2408 1948 2489 inquil,
1972 2409 2001 2472 si

623 2507 691 2588 quis
713 2514 858 2587 peccator
880 2512 926 2567 est
947 2505 979 2566 in
1001 2505 1153 2586 impietate
1175 2523 1380 2586 perseverans
1403 2514 1453 2581 et,
1481 2514 1515 2568 ut
1537 2506 1579 2567 ait
1599 2504 1785 2586 Apostolus,
1815 2507 1847 2568 in
1868 2514 2001 2587 peccato

622 2604 662 2666 ad
683 2612 820 2681 mortem,
843 2603 1066 2666 honorandum
1088 2620 1144 2683 pro
1167 2621 1205 2665 eo
1228 2603 1386 2666 vobiscum
1408 2600 1559 2667 fatemur.¹
1592 2604 1632 2666 dt
1653 2606 1679 2667 si
1701 2605 1915 2685 poenitentiam
1927 2614 2002 2689 agni

622 2703 662 2767 de
685 2704 819 2785 peccatis
842 2704 923 2778 suis,
946 2709 976 2764 et
999 2702 1035 2764 ad
1059 2702 1124 2782 ejus
1147 2701 1281 2764 remedia
1303 2710 1457 2782 recurrat,
1481 2711 1622 2784 tanquam
1644 2703 1722 2766 tilius
1744 2704 1909 2786 prodigus,
1938 2721 2000 2787 pro

622 2820 661 2864 eo
684 2801 862 2864 sacrificium
885 2800 988 2863 olierri
1010 2807 1140 2880 oportet.
1183 2800 1229 2863 De
1256 2801 1315 2863 hoc
1346 2810 1524 2883 argumento
1548 2800 1642 2864 fusius
1672 2820 1708 2863 se
1737 2804 1840 2885 egisse
1868 2810 2002 2868 testatur

622 2902 654 2963 in
678 2917 772 2980 opere
794 2899 941 2981 singulari
963 2899 1110 2962 adversus
1133 2900 1295 2962 Armenos.
1341 2901 1440 2983 Negat
1464 2902 1553 2964 etiam
1576 2919 1616 2963 ex
1641 2908 1726 2963 recta
1748 2900 1907 2983 disciplina
1927 2920 2001 2968 csse

623 3006 656 3061 ut
689 2998 727 3060 ad
757 2997 894 3078 singalas
925 2996 1097 3061 Sacerdotis
1127 3000 1281 3061 orationes
1311 3000 1439 3080 populus
1470 3000 1671 3082 respondeat,
1700 2999 1796 3064 Amen
1824 3008 1876 3063 cut
1903 3001 2002 3084 Kyrie

624 3099 753 3176 eleison,
777 3098 833 3160 scd
855 3105 969 3160 tantum
992 3097 1097 3160 eadem
1120 3098 1213 3160 verba
1235 3098 1339 3160 dicere
1361 3096 1470 3177 debet,
1494 3118 1562 3161 cum
1584 3100 1736 3161 Diaconos
1758 3100 2001 3164 orationem-in·

623 3195 713 3274 dicit,
736 3196 865 3261 dicendo
885 3218 945 3278 pro
967 3199 1023 3259 toli
1042 3199 1092 3260 vel
1112 3199 1168 3259 toli
1187 3198 1348 3260 Dominum
1370 3199 1581 3278 deprecemur:
1597 3205 1676 3259 ¹litttc
1697 3197 1801 3260 dicunt
1815 3198 2000 3281 llyrieelei-

519 3322 522 3328 ¹
621 3314 695 3373 soa,
719 3305 771 3358 aut
793 3296 935 3378 Syriace,
958 3297 1086 3359 Domine
1107 3299 1261 3359 miserere.

1063 3574 1251 3644 Diaconus:
1285 3573 1359 3642 Pro
1386 3568 1548 3665 Bepibus.

712 3778 766 3855 Dn
790 3792 926 3853 oratione
943 3808 1000 3871 pro
1024 3790 1201 3853 Christianis
1224 3791 1408 3872 principibus
1436 3790 1545 3852 dictum
1575 3795 1622 3852 est
1644 3788 1681 3851 ad
1710 3787 1866 3869 Copticam
1893 3788 2000 3854 Basilii

621 3892 801 3974 Liturgiam,
825 3896 857 3951 ct
878 3889 996 3951 dicetur
1017 3889 1114 3952 adhuc
1136 3890 1167 3952 iu
1190 3890 1451 3953 observationibus
1474 3888 1512 3950 ad
1527 3887 1641 3968 aliquot
1655 3894 1829 3967 sequentes.
1873 3886 2000 3970 Duplex

513 4036 515 4039 ψ
622 3992 702 4054 enim
725 3992 757 4052 in
779 3987 912 4069 Syriacis
936 3989 1068 4051 occurrit
1090 3988 1205 4051 illarum
1228 3990 1398 4051 orationum
1421 3988 1521 4051 lectio.
1567 3987 1663 4047 Prima
1677 3994 1725 4048 est
1739 3986 1768 4048 ei
1790 3985 1999 4069 similisquam

621 4088 698 4151 haec
720 4088 855 4170 liturgia
878 4095 1103 4168 repraesentat,
1127 4096 1157 4150 et
1179 4107 1257 4169 quae
1279 4087 1404 4151 Graccis
1427 4105 1525 4167 prope
1547 4086 1684 4147 omnihus
1700 4085 1866 4148 communis
1881 4093 1942 4165 est,
1966 4096 1999 4151 ut

622 4188 738 4250 scilicet
760 4196 864 4250 oretur
886 4204 943 4266 pro
973 4184 1207 4267 lmperatoribus
1229 4195 1280 4249 aut
1302 4186 1453 4267 Regibus,
1478 4184 1679 4259 Christianis,
1698 4184 1762 4263 piis
1783 4189 1815 4245 et
1832 4184 1932 4246 Dm
1954 4187 1998 4250 u·-

621 4286 786 4348 mentibos:
809 4286 868 4347 hoc
891 4292 954 4363 est,
977 4293 1010 4347 ut
1032 4284 1140 4347 Graeci
1162 4284 1311 4364 efferunt,
1335 4275 1420 4369 ὑπὲρ
1442 4272 1588 4361 εὐσεβῶν
1609 4278 1666 4343 καὶ
1686 4276 1908 4368 φιλοχρίστων
1930 4284 1998 4363 βα-

622 4377 749 4447 σιλέων.
794 4383 869 4445 Dlud
893 4392 992 4445 autom
1014 4402 1124 4446 nomen
1147 4383 1216 4464 Syri
1229 4383 1358 4446 reddere
1372 4383 1473 4445 solent
1494 4401 1551 4462 per
1572 4381 1668 4443 Deum
1681 4383 1826 4458 omenes,
1849 4389 1882 4444 ut
1896 4370 1998 4446 erind-

621 4481 715 4560 βειαν
741 4489 771 4544 et
792 4480 971 4564 religionem
993 4500 1049 4563 per
1070 4482 1130 4544 Dei
1151 4484 1296 4544 timorem.
1341 4482 1447 4544 Altera
1469 4488 1571 4543 estut
1593 4479 1770 4560 simpliciter
1799 4489 1906 4543 oretur
1935 4495 1996 4561 pro

621 4578 756 4662 Regibus
779 4589 810 4643 et
837 4580 1036 4660 principibus,
1070 4580 1304 4662 qualescumque
1333 4583 1410 4643 sint:
1445 4580 1526 4659 quod
1556 4581 1586 4641 in
1613 4579 1769 4659 plerisque
1799 4579 1996 4657 observatur,

620 4677 908 4740 hluhamedanorum
935 4687 1024 4741 metu.
1070 4679 1202 4760 Utraque
1231 4680 1281 4741 illa
1307 4678 1433 4742 formula
1462 4696 1558 4759 aeque
1586 4678 1750 4739 communis
1780 4684 1829 4740 est
1856 4677 1999 4742 omnibns

621 4776 767 4859 liturgiis
790 4777 942 4859 Syriacis,
971 4786 1094 4858 praeter
1114 4779 1181 4841 illas
1211 4797 1290 4860 quae
1326 4788 1395 4842 sunt
1422 4780 1595 4842 Nestoriani
1624 4779 1711 4840 ritus.
1757 4776 1908 4839 observat
1937 4776 2001 4840 hoc

621 4875 692 4940 loco
714 4876 880 4952 Barsalibi,
902 4875 1046 4957 quosdam
1077 4875 1259 4940 Sacerdotes
1288 4881 1454 4942 orationem
1481 4896 1539 4959 pro
1569 4876 1704 4960 Regibus
1732 4878 1885 4953 omittere,
1914 4876 2002 4957 quod

621 4974 733 5055 ubique
757 4993 854 5056 prope
878 4974 1013 5037 infideles
1035 4976 1111 5053 sint,
1135 4984 1166 5038 et
1187 4975 1291 5039 hostes
1315 4978 1475 5040 Christiani
1498 4977 1642 5040 nominis:
1665 4983 1716 5037 aut
1730 4974 2003 5040 Calchedoncmes

621 5074 686 5135 sive
710 5073 896 5152 orthodoxi,
920 5074 972 5154 qui
994 5073 1150 5137 Ecclesiae
1173 5073 1358 5139 Jacohiticae
1381 5093 1441 5138 non
1470 5075 1568 5159 magis
1597 5075 1733 5152 faveant,
1768 5090 1857 5154 quam
1884 5071 2004 5138 liuha·

620 5169 750 5235 medani.
796 5172 895 5255 Negat
918 5181 1016 5234 tamen
1041 5171 1071 5234 id
1092 5180 1179 5236 recte
1202 5174 1284 5248 heri,
1309 5192 1376 5236 cum
1400 5174 1508 5237 Paulus
1529 5173 1696 5255 Apostolus
1715 5171 1826 5236 doceat
1847 5171 2003 5237 orandum

622 5286 692 5331 esse
715 5287 772 5351 pro
795 5269 929 5353 Regibus
952 5273 1003 5353 qui
1033 5290 1087 5336 sua
1119 5279 1216 5335 aetate
1244 5272 1381 5336 infideles
1412 5281 1514 5346 erant,
1545 5281 1576 5335 et
1606 5271 1794 5336 Christianos
1827 5270 2003 5337 durissimis
