5150 6534
1018 858 1064 935 Ill
1089 857 1343 936 illuserant
1367 857 1613 937 111080011-
1907 860 1985 935 219

618 1041 679 1106 lide
700 1050 905 1123 exspectatur,
928 1040 1093 1106 subtrahat.
1146 1040 1309 1106 Fatendum
1338 1043 1454 1106 scilicet
1483 1061 1537 1106 eos
1568 1044 1701 1123 quamvis
1732 1044 1770 1107 de
1801 1044 1983 1108 sacerdotali

619 1138 764 1224 dignitate
786 1140 942 1222 praeclare
965 1142 1111 1219 sentiant,
1140 1140 1178 1204 de
1201 1159 1258 1222 qua
1280 1140 1348 1205 fuse
1370 1142 1533 1223 loquuntur
1559 1143 1591 1205 in
1619 1142 1804 1206 orationibus
1834 1160 1913 1225 quae
1944 1143 1982 1205 ad

618 1238 808 1302 Ordinandos
831 1238 1012 1303 Sacerdotes
1034 1247 1226 1322 usurpantur,
1249 1243 1369 1303 nescire
1394 1249 1493 1303 tamen
1516 1240 1618 1320 multa,
1642 1258 1720 1322 quae
1744 1241 1781 1305 de
1805 1244 1981 1322 operatione

618 1336 745 1401 llinistri
768 1337 806 1399 ad
829 1337 1065 1402 consecrandum
1087 1356 1194 1419 panem
1217 1347 1248 1401 et
1269 1339 1393 1403 calicem
1421 1340 1452 1401 in
1478 1356 1590 1421 corpus
1619 1349 1649 1404 et
1671 1340 1848 1423 sanguinem
1871 1340 1983 1404 Christi
2075 1341 2080 1346 ’

618 1435 813 1500 subtilissime
835 1454 851 1498 a
875 1438 986 1499 nostris
1001 1436 1166 1521 'l'beolcgis
1190 1437 1339 1521 disputata
1361 1438 1585 1503 eliminarunt.
1618 1439 1723 1519 Neque
1738 1440 1768 1501 in
1783 1457 1820 1502 ea
1842 1440 1983 1520 opinione

618 1543 699 1614 sunt,
720 1541 753 1598 ut
776 1535 946 1598 existiment
959 1536 1153 1600 Sacerdotem
1174 1537 1232 1600 11111
1253 1537 1438 1617 imperando,
1461 1537 1532 1600 nihil
1554 1537 1690 1601 cllicere:
1713 1556 1819 1601 verum
1841 1536 1983 1620 precibus

617 1634 774 1699 Ecclesiae
797 1632 954 1715 plurimum
975 1635 1122 1698 uibuunt:
1145 1635 1256 1700 bomini
1277 1643 1400 1718 practer
1414 1636 1609 1699 ministerium
1630 1636 1714 1715 nibil,
1737 1637 1796 1700 nisi
1816 1644 1849 1699 ut
1871 1643 1983 1698 certam

618 1749 703 1813 spem
724 1741 756 1797 et
773 1732 866 1796 fidem
888 1733 1038 1797 Sacerdos
1065 1733 1185 1812 babeat,
1215 1735 1310 1798 Deum
1338 1753 1396 1817 per
1424 1734 1566 1817 Spiritum
1594 1743 1746 1815 sanctum,
1775 1742 1927 1813 autorem,
1950 1742 1983 1799 ut

618 1849 711 1913 saepe
733 1839 870 1909 vocatur,
894 1832 1153 1897 Sacramentorum
1166 1842 1196 1896 et
1206 1843 1486 1909 consummatorem,
1508 1853 1619 1915 preces
1642 1835 1756 1914 audire,
1780 1842 1810 1897 et
1832 1833 1981 1916 perlicere

617 1929 757 1993 invisibili
787 1929 911 2009 ellectu,
939 1932 969 1995 id
997 1930 1079 2014 qood
1105 1931 1215 1995 visibili
1243 1934 1408 1997 ministerio
1437 1932 1617 1997 celebratur.
1666 1932 1734 1996 Non
1764 1933 1856 2016 igitur
1882 1932 1981 2014 rigide

616 2027 811 2112 butelligenda
833 2029 909 2092 haec
930 2032 1026 2092 oratio
1049 2039 1111 2093 est:
1142 2048 1241 2111 neque
1271 2032 1382 2098 sinules
1406 2031 1531 2094 allectus
1554 2033 1584 2093 in
1600 2030 1782 2111 ,quibusdam
1812 2030 1878 2094 aliis
1908 2048 1981 2093 ora-

617 2126 748 2191 tionibus
777 2128 997 2210 supprimendi,
1029 2148 1120 2192 causa
1147 2131 1220 2193 satis
1250 2131 1358 2194 idonea
1388 2130 1523 2208 videtur,
1554 2148 1642 2212 quam
1670 2128 1803 2192 Lusitani
1834 2147 1980 2192 censores

616 2226 782 2290 attuleruut
809 2228 839 2289 in
870 2226 993 2308 Synodo
1022 2228 1244 2308 Diamperensi,
1280 2230 1350 2293 iude
1382 2230 1545 2293 existimari
1574 2245 1665 2310 posse
1695 2228 1890 2294 Sacerdotem
1919 2245 1981 2306 non

616 2341 811 2402 consecrare,
832 2325 888 2388 sed
911 2325 1054 2407 Spiritum
1076 2335 1220 2391 sanctum.
1931 2316 1932 2320 ¹

702 2424 791 2487 Plura
815 2423 853 2486 de
875 2422 934 2488 hoc
957 2433 1134 2507 argumento
1156 2426 1215 2488 dici
1237 2432 1372 2507 possent,
1396 2434 1427 2490 et
1449 2426 1539 2488 variis
1563 2424 1787 2507 Theologorum
1810 2424 1980 2487 autoritati-

614 2522 673 2595 bus
695 2522 873 2601 confirmari,
897 2523 952 2586 sed
975 2542 1034 2587 una
1056 2524 1180 2587 sufficiet
1203 2525 1291 2588 ducta
1321 2544 1362 2587 ex
1383 2525 1550 2605 Synaxario
1579 2525 1694 2606 majore
1722 2522 1880 2586 Ecclesiae
1901 2522 1979 2586 lile-

613 2611 779 2713 xaudriuae
808 2621 865 2703 lis,
896 2621 1030 2685 Arabico
1059 2623 1261 2687 Bibliothecae
1300 2624 1524 2705 Seguicrianae.
1575 2622 1608 2683 ln
1645 2638 1682 2684 eo
1713 2621 1750 2684 ad
1781 2622 1858 2683 diem
1885 2620 1978 2686 XXX.

614 2720 726 2784 mensis
749 2720 870 2798 Cohiac,
893 2724 1135 2786 commemoratio
1157 2720 1747 2796 11111111111111111111111111111111,
1771 2719 1877 2783 lanosi
1899 2720 1978 2783 illius

612 2819 644 2882 in
667 2820 750 2886 Sceti
772 2819 809 2882 ad
833 2820 864 2884 S.
887 2819 1049 2884 blacarium
1071 2821 1255 2887 blonasterii.
1307 2821 1340 2883 ln
1364 2822 1429 2902 ejus
1451 2822 1513 2882 vita
1535 2821 1642 2884 dicitur
1671 2818 1752 2882 illum
1781 2836 1848 2881 curn
1876 2818 1977 2881 Litnr·

612 2908 695 3000 giam
716 2916 885 2982 celebraret
907 2928 938 2982 et
959 2920 1074 3001 populo
1097 2921 1290 2985 Sacramenta
1318 2919 1511 2983 distribueret
1537 2918 1701 3001 agnovisse
1731 2918 1871 2980 divinitus
1900 2933 1978 2999 pec-

613 3024 736 3081 catores
765 3025 797 3080 et
819 3018 934 3099 justos:
971 3037 1124 3101 saepeque
1151 3018 1263 3108 1111111
1293 3018 1443 3083 Christum
1475 3018 1633 3080 Dominum
1660 3024 1691 3079 et
1718 3016 1855 3101 Angelos
1883 3034 1978 3098 super

613 3116 717 3181 altare.
755 3116 874 3180 Accidit
896 3118 1024 3200 quodam
1047 3118 1095 3180 die
1118 3126 1149 3180 ut
1173 3117 1321 3181 Sacerdos
1344 3118 1439 3180 malae
1463 3116 1571 3196 lamae,
1593 3118 1712 3179 veniret
1733 3114 1772 3177 ad
1794 3113 1976 3178 Ecclesiam:

614 3233 740 3298 cumque
763 3214 801 3277 ad
822 3216 930 3278 ostium
953 3217 1153 3298 pervenisset,
1176 3215 1250 3278 vidit
1277 3234 1344 3279 eum
1372 3215 1505 3279 loannes
1532 3224 1650 3297 septum
1672 3213 1826 3296 spiritibus
1847 3215 1977 3276 immun·

613 3313 670 3394 dis,
692 3314 744 3397 qui
765 3312 900 3377 iraenum
923 3315 968 3376 ori
991 3316 1055 3395 ejus
1079 3316 1253 3397 injecerant.
1286 3314 1450 3397 Statimque
1474 3314 1547 3377 vidit
1568 3313 1717 3397 Angelum
1741 3313 1859 3376 Domini
1881 3331 1977 3395 egre-

612 3409 743 3475 dientem
765 3430 805 3474 ex
834 3412 936 3491 altari,
966 3431 1031 3475 cum
1061 3412 1162 3496 gladio
1191 3411 1345 3491 llammeo,
1380 3416 1430 3495 qui
1457 3432 1511 3476 eos
1542 3412 1664 3493 depulit.
1719 3410 1843 3473 intravit
1874 3414 1976 3493 itaque

613 3510 763 3575 Sacerdos
793 3511 844 3575 ille
873 3512 904 3572 in
931 3509 1099 3574 Ecclesiam
1130 3519 1161 3574 et
1187 3511 1238 3573 ubi
1272 3520 1447 3576 ornamenta
1481 3510 1680 3575 sacerdotalia
1709 3511 1871 3590 induisset,
1895 3518 1975 3573 totus

611 3607 684 3689 igne
706 3609 905 3674 circumdatus
928 3614 1079 3691 apparuit:
1110 3612 1205 3673 sacris
1234 3612 1384 3691 mysteriis
1407 3609 1566 3674 celebratis
1589 3617 1620 3673 11
1643 3611 1823 3673 ornamentis
1847 3609 1974 3690 deposi-

613 3706 664 3785 tis,
684 3712 717 3770 nt
737 3706 874 3772 Ecclesia
897 3709 1005 3790 pedem
1027 3708 1143 3787 extulit,
1167 3710 1328 3773 daemones
1362 3710 1450 3773 iidem
1472 3709 1554 3773 illum
1576 3709 1835 3773 circumdederunt
1864 3717 1895 3771 et
1916 3710 1974 3772 ab·

613 3803 771 3871 duxerunt.
821 3808 905 3870 Hanc
926 3809 1072 3871 visionem
1102 3806 1242 3869 narrabat
1270 3808 1373 3872 Abbas
1401 3809 1553 3886 loannes,
1583 3810 1677 3889 inquit
1706 3816 1811 3886 autor,
1832 3806 1973 3871 iratribus

612 3904 685 3987 suis,
708 3911 741 3968 ut
762 3904 887 3969 doceret
908 3925 974 3985 eos,
996 3914 1138 3988 quantum
1160 3906 1198 3969 ad
1220 3924 1338 3969 sacrum
1361 3907 1566 3984 ministerium,
1590 3908 1748 3970 discrimen
1770 3906 1882 3970 nullum
1904 3924 1973 3969 esse

613 4002 692 4067 inter
714 4004 908 4069 Sacerdotem
926 4006 1050 4088 justum,
1073 4013 1103 4069 et
1136 4014 1342 4087 peccatorem:
1373 4008 1442 4087 quia
1465 4013 1591 4088 propter
1612 4006 1699 4069 fidem
1722 4005 1836 4086 plebis,
1867 4004 1973 4068 codem

612 4098 701 4164 modo
724 4105 809 4183 panis
839 4104 964 4168 ellicitur
994 4123 1104 4187 corpus
1136 4105 1259 4169 Christi:
1302 4107 1371 4187 quia
1398 4113 1430 4169 ut
1457 4105 1588 4188 sigillum
1615 4106 1698 4186 regis
1728 4105 1757 4165 111
1788 4122 1974 4185 quacumque

612 4201 734 4263 materia
757 4203 805 4280 sit,
828 4201 910 4266 lerro
933 4203 982 4266 vel
1005 4222 1091 4282 auro,
1114 4222 1203 4267 unum
1234 4212 1296 4279 est;
1325 4206 1365 4266 ita
1388 4204 1590 4267 sacerdotium
1612 4222 1702 4266 unum
1725 4209 1786 4265 est:
1816 4201 1871 4266 sed
1892 4203 1974 4264 Deus

611 4296 710 4361 reddit
744 4301 904 4382 unicuique
938 4303 1102 4365 secundnm
1137 4321 1230 4385 opera
1265 4321 1329 4367 sua.
1391 4302 1552 4367 Historiam
1584 4302 1808 4382 qualiscumque
1835 4302 1874 4364 sit
1903 4300 1975 4363 nibil

564 4424 567 4433 ·
612 4415 777 4462 moramur:
799 4420 898 4482 neque
920 4404 999 4466 enim
1021 4404 1202 4487 ignoramus,
1226 4422 1313 4484 quarn
1340 4401 1444 4465 faciles
1475 4406 1534 4465 sint
1563 4400 1730 4464 Orientales
1753 4387 1986 4463 intolerandis

611 4495 773 4564 miraculis.
817 4501 929 4563 Verum
951 4521 991 4564 ex
1014 4502 1086 4584 ipsis
1109 4500 1216 4564 11111111
1239 4506 1351 4565 veritas
1375 4504 1507 4565 elicitur:
1530 4521 1597 4565 nam
1620 4502 1670 4581 qui
1692 4508 1815 4563 narrant
1837 4499 1973 4563 sanatio-

611 4614 666 4660 nes
690 4596 828 4661 divinitus
849 4599 944 4662 lactas
968 4600 1004 4662 ad
1027 4601 1168 4680 sepulcra
1190 4601 1365 4682 Martyrum,
1396 4609 1446 4664 aut
1467 4620 1524 4682 per
1546 4600 1662 4662 illorum
1685 4600 1837 4681 reliquias,
1860 4595 1972 4659 irustra

611 4712 666 4760 eos
687 4713 749 4760 non
770 4698 904 4761 invocari
927 4698 1068 4761 credunt:
1092 4700 1142 4779 qui
1164 4702 1341 4780 apparuisse
1356 4718 1476 4762 carnem
1498 4708 1529 4762 et
1551 4699 1770 4781 sanguinemin
1785 4695 1972 4760 Eucharistia

611 4786 748 4875 creduut,
776 4796 817 4858 illi
845 4816 950 4859 verum
978 4795 1088 4860 Christi
1119 4795 1236 4877 Corpus
1261 4806 1291 4860 11
1314 4798 1496 4883 Sanguinem
1524 4798 1604 4861 illam
1634 4817 1704 4862 csse
1737 4815 1797 4859 non
1827 4794 1971 4858 dubitant.

610 4892 751 4957 Similiter
773 4914 812 4957 ex
833 4895 883 4958 illa
905 4897 1079 4959 narratione
1101 4897 1289 4959 manifestum
1312 4906 1358 4960 est
1371 4896 1540 4960 Orientales
1563 4896 1689 4960 credere
1712 4897 1972 4961 Sacrameutomm

609 4981 749 5055 effectum
771 5012 788 5054 a
810 4994 937 5057 ministri
960 4994 1105 5075 dignitate
1128 5013 1190 5058 non
1211 4995 1358 5076 pendere.

685 5091 832 5173 -lleliqua,
856 5112 922 5156 cum
945 5096 1093 5157 communi
1115 5093 1251 5156 omnibus
1273 5094 1417 5178 Litargiis
1440 5093 1616 5176 disciplinae
1638 5092 1861 5174 respondeant,
1891 5089 1973 5172 nulla

608 5186 678 5253 lnce
701 5197 778 5272 opus
801 5190 920 5271 babent,
935 5194 1017 5269 satis
1040 5212 1079 5256 ex
1100 5210 1135 5254 se
1159 5192 1328 5273 perspicua.

1035 5381 1552 5427 ψ

660 5471 785 5515 nonmu.
1715 5453 1762 5526 41
