5150 6534
594 817 669 896 192
1095 815 1453 895 tltttttolt

694 1004 855 1096 Populus.
906 1004 1027 1076 Amen.

694 1119 869 1192 Sacerdos
905 1118 1043 1190 elevans
1074 1142 1200 1191 secem.
1252 1117 1410 1191 Similiter
1450 1129 1484 1190 et
1520 1120 1651 1190 mistum
1690 1113 1778 1210 quod
1818 1116 1854 1185 in
1891 1113 1957 1188 boe

591 1236 697 1309 calice
733 1246 805 1323 est,
852 1234 970 1306 efficiat
1006 1241 1028 1316 †
1064 1238 1259 1327 sanguinem
1291 1235 1516 1329 purificantem
1548 1242 1583 1305 et
1622 1232 1904 1317 sanctificantem,
1934 1237 1956 1314 †

591 1355 790 1445 sanguinem
822 1350 991 1421 vivificum
1036 1360 1070 1421 et
1117 1349 1312 1437 salutarem,
1350 1357 1371 1432 †
1413 1351 1607 1440 sanguinem
1650 1347 1836 1420 salvantem
1875 1350 1957 1419 ani·-

592 1489 663 1538 mas
695 1478 729 1538 et
762 1487 906 1561 corpora
940 1475 1073 1552 nostra,
1109 1469 1305 1557 sanguinem
1340 1468 1443 1561 ipsius
1472 1467 1536 1539 Dei
1561 1469 1675 1556 magni
1701 1473 1737 1535 et
1765 1463 1956 1537 Salvator'a

591 1586 697 1654 nostri
723 1582 806 1653 Jesu
833 1578 975 1671 Christi,
1002 1578 1044 1651 ad
1070 1584 1337 1676 propitiationem
1370 1579 1584 1669 delictorum,
1609 1583 1851 1653 remissionem
1866 1602 1955 1676 pee-

592 1710 752 1786 catorum,
779 1707 813 1768 et
839 1698 944 1767 vitam
970 1706 1139 1768 aeternam
1166 1696 1255 1769 illum
1281 1700 1538 1792 suscipientium.

695 1813 855 1905 Populus.
907 1812 1027 1885 Amen.

694 1929 868 2001 Sacerdos
894 1928 1030 2000 elecem
1054 1951 1180 2000 uocem
1232 1927 1277 1999 Ut
1302 1950 1365 2023 per
1390 1931 1655 2000 communionem
1680 1926 1797 2002 borum
1824 1928 1955 2001 Sacra-

592 2054 776 2116 mentorum
802 2044 1050 2132 vivificantium,
1086 2042 1129 2115 acl
1155 2043 1290 2114 delicias
1317 2046 1408 2114 vitae
1434 2041 1593 2115 eoelestis
1619 2042 1741 2115 aditum
1765 2043 1955 2132 babeamus,

594 2182 844 2256 mereamurque
872 2157 1019 2232 evadere
1046 2171 1186 2232 mortem
1214 2158 1407 2231 secundam:
1434 2181 1544 2253 neque
1570 2169 1723 2253 tauquam
1751 2162 1802 2231 rei
1828 2160 1872 2233 ad
1893 2164 1954 2252 jn-

593 2275 710 2346 dieium
737 2274 942 2349 subeundum
968 2289 1206 2371 praeparemur
1232 2298 1345 2347 eoram
1373 2272 1491 2346 throno
1518 2274 1647 2366 gloriae
1673 2286 1767 2347 tuae:
1803 2287 1837 2347 et
1862 2275 1952 2349 bm-

533 2468 539 2481 ,
593 2391 759 2462 titudinem
787 2391 875 2463 illam
902 2390 943 2463 ab
970 2392 1112 2482 Angelis
1131 2394 1359 2462 annunciatam
1373 2391 1574 2485 pastoribus,
1600 2389 1802 2485 spiritualem
1816 2393 1953 2478 scilicet,

593 2510 626 2577 in
652 2518 741 2580 terra
768 2507 907 2580 coelesti
933 2508 1160 2602 suscipiamus,
1187 2530 1228 2577 ea
1254 2509 1287 2576 in
1313 2511 1450 2597 regione
1464 2507 1519 2578 ubi
1546 2505 1758 2579 tabernacula
1783 2507 1868 2579 lucis
1887 2506 1954 2579 fixa

593 2632 685 2695 sunt:
712 2627 746 2694 in
773 2623 871 2695 domo
898 2621 1034 2717 nuptiali
1061 2633 1237 2713 exornata,
1263 2631 1298 2693 et
1322 2626 1359 2693 in
1383 2626 1542 2695 convivio
1559 2625 1649 2694 vitae
1674 2622 1865 2717 spiritualis,
1881 2644 1954 2694 enm

591 2735 655 2809 illis
682 2738 876 2828 victoribus,
903 2740 958 2832 qui
984 2737 1104 2811 festum
1130 2738 1196 2809 illic
1222 2748 1402 2832 peragunt,
1434 2737 1575 2809 feliciter
1606 2736 1813 2810 celebremus
1845 2747 1895 2824 te,
1921 2746 1953 2809 et

592 2855 677 2924 inter
704 2857 836 2947 agmina
863 2875 990 2940 eorum,
1017 2875 1174 2925 canamus
1201 2852 1257 2923 tibi
1283 2852 1426 2945 gloriam
1452 2865 1486 2925 et
1511 2853 1652 2926 laudem.

694 2969 855 3062 Populus.
912 2969 1031 3041 Amen.

695 3085 870 3156 Sacerdos
895 3084 1085 3155 declinatus.
1138 3084 1306 3156 Memento
1333 3086 1473 3157 Domine
1498 3082 1674 3156 Ecclesiae
1702 3093 1779 3156 tuae
1806 3096 1951 3175 sanctam,

592 3201 749 3274 confirma
775 3200 985 3289 fundamenta
1017 3203 1090 3292 ejus
1122 3202 1155 3270 in
1181 3199 1245 3271 lide
1271 3210 1382 3289 recta,
1418 3209 1452 3293 et
1484 3222 1651 3273 conserva
1682 3223 1759 3272 eam
1789 3204 1824 3272 in
1857 3212 1951 3273 uan-

593 3316 749 3413 quillitate
775 3324 947 3412 perpetua,
974 3327 1008 3388 et
1034 3318 1067 3386 in
1093 3338 1177 3411 pace
1205 3315 1392 3387 abundanti.
1444 3318 1605 3389 Pastores
1632 3327 1666 3386 et
1691 3318 1861 3389 Doctores
1884 3318 1954 3391 Or-

593 3433 761 3506 thodoxos
789 3436 844 3527 qui
870 3443 1029 3527 praesunt
1053 3435 1087 3501 in
1123 3455 1183 3521 ea,
1216 3434 1410 3504 castimonia
1444 3454 1572 3503 morum
1603 3453 1749 3503 exorna:
1775 3435 1954 3527 praecipue

592 3571 677 3621 vero
704 3548 878 3619 Dominum
905 3547 947 3619 N.
974 3546 1215 3619 Patriarcham:
1244 3557 1277 3618 et
1303 3547 1479 3619 Dominmn
1504 3547 1545 3619 N.
1567 3547 1770 3643 Episcopum
1797 3557 1956 3635 nostrum,

593 3674 627 3735 ot
662 3664 703 3735 da
737 3662 799 3734 illis
833 3673 867 3733 ut
902 3685 975 3734 cum
1011 3662 1133 3735 decore
1165 3674 1305 3759 pascant
1339 3686 1423 3734 eam.
1474 3663 1643 3734 Memento
1677 3665 1777 3733 etiam
1803 3661 1956 3752 Domine,

593 3779 812 3852 Sacerdotem
845 3778 1021 3851 Ecclesiae
1054 3789 1150 3868 tuae,
1183 3791 1216 3851 et
1250 3780 1476 3851 Diaconorum
1508 3779 1621 3875 templi
1646 3780 1712 3866 tui,
1745 3786 1780 3848 et
1814 3782 1957 3851 omnium

595 3895 772 3984 Ordinum,
800 3897 854 3989 qui
881 3894 923 3966 ad
950 3898 1163 3966 ministerium
1196 3905 1285 3966 tuum
1319 3898 1488 3986 segregati
1521 3904 1604 3966 sunt.
1657 3893 1825 3967 Memento
1859 3899 1958 3968 etiam

593 4012 734 4084 Domine
760 4014 825 4081 mei
851 4013 1038 4105 peccatoris
1065 4014 1261 4105 insipientis,
1287 4021 1321 4081 et
1348 4014 1503 4105 pauperis
1530 3992 1623 4082 ser'vi
1651 4012 1706 4105 tui,
1732 4013 1800 4081 mei
1825 4013 1958 4105 inquam

593 4130 780 4224 peccatoris
818 4129 1003 4215 servitui,
1036 4151 1132 4222 quem
1169 4126 1275 4199 nubes
1310 4126 1476 4198 obscurae
1513 4124 1705 4197 delictorum
1745 4124 1957 4197 oncumdant

593 4244 659 4315 Per
685 4245 913 4339 aspersionem
946 4241 1086 4339 hyssopi
1113 4246 1158 4314 tui
1191 4242 1310 4313 munda
1337 4264 1409 4329 me,
1443 4252 1477 4312 et
1506 4253 1662 4335 tanquam
1694 4243 1806 4312 nivem
1839 4240 1958 4314 dealba

593 4382 658 4449 me,
685 4369 860 4456 purgatum
887 4382 907 4428 a
935 4358 1071 4431 maculis
1099 4368 1134 4430 et
1159 4361 1276 4429 naevis
1304 4360 1442 4453 peccati.
1494 4356 1663 4427 Memento
1691 4361 1789 4428 etiam
1815 4358 1959 4430 Domine

595 4478 738 4546 omnium
764 4474 906 4546 fidelium
934 4477 988 4568 qui
1014 4478 1047 4545 in
1075 4474 1184 4546 exiliis
1212 4483 1298 4563 sunt,
1325 4484 1358 4544 et
1384 4495 1498 4544 eorum
1526 4477 1581 4568 qui
1607 4496 1669 4568 pro
1687 4471 1753 4543 fide
1769 4471 1959 4545 orthodoxa

595 4613 739 4684 ugonem
766 4593 935 4662 sustinent.
1453 4583 1457 4590 ‘

695 4705 871 4777 Sacerdos
897 4707 1035 4778 elevans
1060 4729 1184 4777 uocem.
1236 4704 1280 4776 Et
1314 4703 1501 4778 Ecclesiam
1543 4717 1630 4777 tuam
1665 4704 1829 4789 Domine,
1863 4728 1962 4799 mam

594 4820 772 4918 possedisti
806 4821 846 4893 ab
880 4824 988 4911 initio,
1030 4832 1063 4893 et
1096 4821 1264 4893 redemisti
1295 4844 1356 4915 per
1392 4824 1586 4912 sanguinem
1619 4823 1777 4912 unigeniti
1813 4821 1890 4891 Filii
1916 4822 1961 4892 tui

594 4937 752 5025 benedic,
794 4946 827 5007 et
860 4936 988 5032 depelle
1024 4936 1064 5007 ab
1094 4960 1134 5008 ea
1171 4936 1430 5008 conflictationes
1465 4937 1651 5008 haereseon
1684 4939 1960 5030 pemieiosarum‚

595 5076 679 5147 quae
714 5077 734 5124 a
770 5050 935 5148 spiritibus
972 5057 1100 5147 peccati
1134 5056 1355 5143 suscitantur,
1386 5064 1420 5123 et
1453 5053 1495 5123 ad
1529 5074 1603 5122 eam
1637 5051 1960 5143 demergendam,in

595 5168 754 5265 abyssum
785 5171 979 5263 impietatiS,
1007 5171 1202 5240 excitantur.
1256 5167 1419 5262 Propulsa
1456 5166 1497 5239 ab
1532 5168 1587 5238 illa
1613 5169 1756 5239 Domine
1790 5168 1959 5257 scandala,

594 5295 628 5355 et
653 5288 757 5373 rixas,
786 5294 818 5355 ot
844 5305 1029 5379 praeserva
1056 5307 1130 5357 eam
1158 5307 1178 5355 a
1202 5287 1323 5377 virgis,
1348 5284 1557 5379 flagellisque
1585 5285 1666 5375 tuis,
1700 5285 1800 5379 atque
1832 5308 1853 5357 a
1880 5295 1959 5357 ten-
