5150 6534
545 938 550 947 .
583 847 633 923 Db
645 844 823 924 -sttttndls
843 844 1112 922 llElCHllARUll
1134 848 1180 922 ΕΤ
1199 843 1465 922 JACOBITdRUll
1485 843 1678 920 Lttttttdsss.
1743 837 1825 912 XIX

456 1056 621 1129 expressa
655 1037 707 1105 sit
769 1031 957 1103 Secundum
997 1042 1049 1103 est
1084 1036 1216 1123 insigne
1253 1032 1415 1106 adversus
1451 1031 1678 1103 Protcstnnes
1718 1032 1826 1100 nostri

456 1150 581 1224 sacculi
608 1158 856 1241 argumentum,
882 1152 936 1242 qui
962 1147 1059 1219 fidem
1086 1149 1128 1220 de
1154 1148 1238 1220 reah
1270 1147 1509 1219 elementomm
1541 1147 1825 1231 transmutatione,

457 1275 490 1335 et
517 1268 628 1336 omnia
655 1285 741 1358 quae
774 1262 862 1334 illam
897 1262 1102 1355 significant,
1130 1263 1317 1336 Orientales
1345 1288 1366 1336 a
1396 1262 1524 1334 Latinis
1559 1265 1733 1356 accepisse
1767 1270 1825 1330 te-

455 1403 547 1452 mere
574 1381 743 1452 affirmant.
795 1378 876 1450 Illae
904 1384 991 1450 enim
1016 1379 1203 1471 Liturgiae,
1231 1384 1259 1451 si
1286 1383 1483 1474 praecipuas
1498 1388 1610 1473 partes
1628 1380 1825 1471 excipimus,

456 1500 488 1566 in
516 1494 632 1590 rpribus
659 1499 742 1565 mira
770 1518 901 1589 semper
926 1494 987 1568 luit
1012 1494 1238 1568 Ecclesiarmn
1266 1500 1409 1567 omnium
1437 1497 1627 1582 consensio,
1654 1492 1733 1563 nihil
1758 1492 1825 1564 ha-

456 1609 537 1681 bent
561 1615 650 1683 circa
677 1610 839 1704 reliquas,
867 1610 955 1704 quod
982 1609 1023 1682 ab
1052 1609 1320 1684 Occidentalibus
1348 1621 1518 1706 acceptum
1547 1609 1630 1697 dici,
1657 1632 1732 1681 cum
1758 1608 1826 1680 ali-

457 1750 522 1821 qua
548 1726 830 1799 verisimilitudine
859 1736 966 1819 queat.
1020 1728 1171 1799 Omnium
1197 1750 1301 1822 porro
1330 1750 1412 1820 quas
1447 1730 1480 1797 in
1515 1725 1695 1800 Codicibus
1728 1749 1826 1796 mann

457 1846 589 1937 scriptis
615 1847 801 1937 reperimus
827 1840 953 1933 forma,
986 1844 1104 1914 endem
1137 1853 1198 1916 est.
1253 1843 1414 1928 Quamvis
1447 1847 1646 1937 praecipuas
1680 1864 1826 1936 reprae-

457 1968 642 2045 sentemus,
670 1980 748 2030 esse
776 1957 934 2051 quasdam
961 1960 1106 2030 nondum
1133 1968 1303 2052 repertas,
1330 1958 1513 2030 verisimile
1540 1969 1607 2031 est:
1635 1968 1670 2031 ut
1688 1959 1827 2053 aliquas,

457 2096 594 2167 quarum
619 2078 836 2145 meminerunt
860 2073 1086 2160 Echellensis,
1115 2084 1148 2144 et
1174 2073 1230 2145 alii
1256 2073 1459 2161 blaronitae,
1486 2072 1710 2145 licetexsola
1726 2071 1828 2160 samu,

458 2199 513 2259 aut
539 2187 720 2274 indicibus,
747 2211 807 2260 eas
833 2193 971 2260 novisse
997 2189 1181 2260 videantur.

559 2304 682 2376 XXXl.
735 2303 788 2374 De
814 2326 856 2374 ea
884 2328 980 2397 quarn
1007 2304 1121 2374 llasilii
1147 2308 1280 2377 nomine
1308 2305 1408 2375 edidit
1433 2303 1553 2376 Latine
1579 2308 1827 2399 interpretatam
1875 2314 1914 2365 ne
1932 2313 2044 2382 liturgia
2063 2314 2149 2367 Basilii

457 2423 509 2492 vir
546 2418 755 2491 doctissimus
797 2419 952 2492 Andreas
984 2419 1129 2505 Masius,
1169 2443 1275 2514 pauca
1321 2420 1460 2491 dicenda
1500 2430 1584 2495 sunt.
1644 2401 1951 2491 Genuinam⁸l¹²⁸¹⁰
1966 2400 2151 2456 L⁸¹l¹¹⁰l⁰f⁵³l

456 2535 544 2606 illam
571 2556 665 2622 esse,
694 2544 727 2606 et
753 2538 937 2624 sinceram,
970 2558 1038 2607 non
1069 2545 1122 2608 est
1156 2558 1214 2606 cur
1247 2535 1430 2623 dubitetur,
1467 2560 1541 2608 cum
1574 2540 1608 2608 in
1644 2537 1828 2606 orationum

456 2656 639 2744 rituumque
666 2650 885 2745 dispositione
912 2674 986 2722 eum
1012 2651 1148 2744 reliquis
1177 2655 1366 2722 conveniat.
1419 2652 1523 2724 lllnlta
1550 2656 1648 2724 etiam
1671 2662 1704 2722 et
1729 2650 1828 2747 plus-

457 2790 553 2860 quam
581 2787 698 2838 omnes
725 2765 873 2859 reliquae
899 2766 999 2837 habet
1025 2790 1071 2837 ex
1098 2765 1229 2838 Graeca
1254 2766 1389 2857 Basilii,
1426 2767 1511 2840 adeo
1538 2779 1573 2840 ut
1597 2790 1719 2839 nomen
1751 2767 1828 2838 indo

458 2886 599 2953 traxerit
624 2904 692 2953 non
725 2885 897 2953 immerito.
951 2882 1035 2954 llam
1062 2893 1172 2976 tamen
1205 2882 1371 2956 blelclritis
1397 2888 1507 2978 potius
1542 2907 1639 2978 quam
1664 2880 1827 2955 Jacobitis

457 2997 562 3084 baisse
586 3000 756 3092 propriam
781 3019 848 3068 non
876 3009 1001 3069 temere
1027 3008 1139 3091 potest
1163 2998 1313 3090 judicari.
1367 2999 1417 3070 llli
1443 3003 1532 3070 enim
1566 3022 1639 3070 oum
1677 2997 1828 3070 Graecae

457 3111 633 3184 Ecclesiae
658 3112 913 3203 subjicerentur,
941 3118 975 3184 in
1001 3137 1065 3207 qua
1091 3114 1206 3186 anilii
1234 3125 1267 3185 et
1286 3112 1705 3210 Clrrpsostomihitnrgiae
1733 3113 1827 3187 solae

458 3228 612 3300 amultis
639 3227 783 3300 saeculis
810 3241 1007 3323 rrsrnpantur
1034 3229 1076 3300 ad
1109 3229 1240 3314 altaria,
1280 3233 1420 3323 primam
1454 3229 1585 3321 vulgari
1619 3254 1677 3301 sua
1706 3208 1827 3320 lingua

456 3346 666 3437 interpretari
691 3342 790 3438 facile
817 3354 1012 3439 potuerunt,
1038 3355 1074 3416 nt
1101 3331 1186 3439 quae
1214 3345 1327 3418 Officia
1354 3343 1551 3417 Antiochiae
1570 3344 1701 3417 Graece
1729 3345 1826 3415 cele-

456 3455 654 3545 brabantur,
682 3457 799 3530 eadem
826 3463 860 3529 in
884 3464 1014 3531 vicanis
1039 3459 1203 3532 Ecclesiis
1220 3459 1362 3557 Syriaco
1388 3471 1529 3556 possent
1553 3461 1725 3533 celebrari.
1777 3463 1827 3533 lta

458 3578 543 3644 enim
570 3574 657 3667 apud
683 3575 894 3669 Aegyptios,
922 3600 1006 3670 qnae
1033 3576 1262 3648 Alexandriae
1288 3576 1420 3650 Graece
1456 3575 1686 3649 celebrabatur
1707 3576 1826 3648 Litur-

457 3693 532 3780 gia‚
560 3693 637 3783 qnia
664 3713 780 3761 omnes
808 3691 874 3762 illic
902 3692 1032 3764 Graece
1059 3704 1241 3780 noverant,
1269 3697 1426 3787 inpagis
1454 3703 1489 3765 et
1508 3697 1542 3764 in
1560 3691 1741 3781 Thebaide,
1768 3691 1825 3764 ubi

459 3806 590 3877 Graeca
616 3804 729 3897 lingua
762 3807 996 3898 ignorabatur,
1029 3808 1098 3900 legi
1130 3810 1263 3900 vulgari
1293 3810 1508 3904 Aegyptiace
1539 3807 1652 3901 lingua
1685 3807 1825 3881 solebat.

456 3922 504 3992 At
529 3923 625 3994 citius
659 3920 781 3994 Graeci
808 3927 971 3995 sermonis
998 3947 1093 3994 nrsrrm
1120 3928 1301 3994 anrisemnt
1320 3923 1519 3995 Antiocheni
1537 3923 1722 4012 Jacobitae,
1749 3929 1825 4018 quia

457 4036 633 4109 Antiochia
661 4041 795 4131 saepius
821 4042 856 4108 in
882 4038 1087 4109 Graecorum
1109 4041 1346 4133 lmperatortnn
1372 4048 1538 4134 potestate
1564 4038 1637 4110 luit:
1665 4050 1698 4110 et
1714 4040 1824 4112 Jaco-

458 4151 597 4224 bitarum
623 4151 814 4225 Patriarcha
840 4157 902 4225 vix
928 4177 1090 4249 unquam,
1118 4158 1217 4226 etiam
1243 4152 1503 4242 subArabibuS,
1529 4153 1728 4231 Antiochiae
1745 4181 1824 4228 ma·
1906 4172 1914 4181 “

459 4266 558 4338 nendi
588 4264 771 4339 libertatem
784 4267 904 4340 habuit.
931 4269 1095 4341 Joa'nnem
1107 4275 1160 4363 qui
1188 4294 1274 4343 anno
1289 4272 1319 4341 J.
1334 4267 1371 4341 C.
1387 4269 1676 4343 DCCCCLXVII.
1693 4276 1826 4367 scripsit

459 4381 502 4453 ad
537 4382 679 4472 blinam,
721 4408 781 4456 seu
816 4385 973 4456 llennam
1011 4386 1275 4457 Alexandrinum
1320 4385 1544 4457 Patriarcham
1586 4385 1825 4476 lacobitarum,

457 4498 594 4589 longam
620 4499 795 4595 eptatolam
822 4500 864 4570 de
892 4499 1079 4573 Collatione
1107 4500 1394 4596 Constantinopoli
1427 4525 1501 4572 curn
1529 4500 1732 4576 Orthodoxis
1759 4503 1825 4575 ha-

457 4613 545 4701 bita,
572 4636 646 4686 curn
672 4619 746 4709 ipse
772 4615 985 4711 Imperatoris
1010 4619 1105 4707 jussu
1141 4639 1214 4688 eam
1247 4621 1281 4688 in
1313 4616 1429 4689 urbem
1461 4615 1577 4690 ductus
1613 4630 1714 4709 esset,
1741 4623 1826 4690 inter

459 4729 523 4801 aba
531 4782 543 4818 ,
576 4733 761 4825 imperitum
793 4753 832 4801 se
867 4732 1000 4823 linguae
1035 4732 1188 4805 Graecae
1220 4755 1298 4804 esso
1333 4732 1424 4804 dixit.
1477 4734 1591 4828 ltaque
1625 4734 1723 4806 facile
1754 4734 1824 4821 luit,

457 4854 493 4914 nt
525 4842 698 4936 Liturgiae
729 4845 816 4917 illius
850 4847 964 4918 Basilii
1000 4848 1163 4942 Syriacae
1195 4847 1371 4944 aliqnando
1402 4869 1482 4921 usus
1523 4848 1700 4922 obtinuerit
1739 4849 1825 4943 apud
1888 4857 1950 4910 nec
1974 4855 2146 4927 Fatidice.

459 4958 692 5049 Orthodoxos,
719 4984 800 5033 mox
827 4966 859 5032 in
887 4961 1132 5035 desuetudinem
1152 4963 1285 5050 abierit,
1313 4969 1387 5060 qnia
1400 4963 1598 5036 Antiocheni
1611 4964 1863 5038 Patriarchael'·
1881 4947 1943 5000 3⁵⁸·

460 5072 600 5162 Graeci,
629 5072 933 5173 Constantinopoli,
959 5086 994 5147 ut
1020 5078 1193 5173 plurimum
1219 5085 1331 5170 missi,
1359 5103 1453 5152 sacra
1483 5080 1614 5153 Graece
1646 5079 1823 5172 iaciebant,

460 5189 547 5283 quod
575 5193 786 5263 etiamnunc
813 5191 1020 5266 observatrn.
1073 5193 1141 5266 Sed
1169 5217 1262 5268 suam
1288 5219 1420 5291 quoque
1451 5195 1621 5269 Jacobitas
1656 5195 1823 5289 babuisse,

458 5305 593 5378 tandem
620 5312 817 5400 agnovimus
844 5332 891 5382 ex
917 5313 998 5383 satis
1024 5319 1157 5383 vetusto
1185 5321 1218 5382 et
1243 5310 1353 5384 bonae
1378 5322 1480 5385 notae
1513 5309 1640 5385 Codice
1674 5311 1824 5388 Colber-

1569 5430 1618 5506 3,
