5150 6534
863 828 1046 908 ιιιιιιι
1072 828 1402 908 ιιιιιιιιιιιιι
1435 813 1728 910 innocuum.
1900 830 1977 908 aar

709 1018 870 1113 Populus.
922 1017 1015 1090 Unus
1041 1020 1143 1090 Pater
1170 1026 1315 1091 sauctus.

708 1133 892 1207 Sacerdos.
945 1131 1041 1206 Nunc
1067 1135 1209 1206 Domine
1236 1132 1500 1230 qnandoquidem
1526 1137 1616 1207 viam
1643 1134 1803 1207 silvosam
1830 1143 1864 1206 et
1891 1156 1977 1207 san-

604 1248 692 1322 tibus
718 1250 849 1346 plenam
877 1272 964 1344 quae
997 1261 1139 1345 purgata
1172 1259 1244 1339 est,
1280 1249 1409 1323 calcata
1444 1248 1486 1323 ab
1521 1252 1689 1342 unigenito
1723 1259 1802 1339 tuo,
1836 1249 1976 1345 pedibus

603 1368 771 1439 interioris
798 1365 938 1438 bominis
964 1368 1071 1437 nostri
1098 1365 1324 1456 calcavimus,
1351 1376 1386 1437 et
1412 1364 1668 1454 ambulavimus,
1701 1376 1736 1438 et
1768 1368 1823 1461 qui
1854 1370 1975 1459 januas
2054 1349 2061 1369 '

604 1480 735 1557 clausas
761 1491 1021 1578 perseveranter
1043 1484 1141 1575 juata
1169 1480 1247 1554 illud
1285 1505 1305 1553 a
1340 1491 1374 1554 te
1409 1482 1541 1571 dictum,
1574 1481 1709 1555 Pulsate
1742 1492 1776 1555 et
1810 1486 1977 1579 aperietur

603 1597 721 1689 vobis,
748 1597 971 1696 pulsavimus,
996 1595 1161 1693 nobisque
1195 1607 1333 1694 apertae
1367 1609 1459 1687 sunt,
1495 1607 1529 1669 et
1559 1597 1749 1695 paradisum
1781 1598 1872 1670 illum
1901 1621 1975 1671 vo-

603 1712 736 1810 luptatis
769 1715 909 1810 patriam
944 1722 1095 1786 nostram
1132 1715 1316 1808 antiquam,
1351 1736 1397 1786 ex
1432 1738 1497 1809 qua
1533 1712 1662 1810 depulsi
1694 1712 1884 1805 inieramus,
1919 1714 1974 1786 illa

603 1852 710 1921 voce,
736 1828 874 1920 Venite,
901 1828 1071 1901 ascendite
1098 1838 1133 1899 et
1157 1827 1363 1902 haereditate
1391 1833 1532 1928 accipite
1556 1853 1698 1923 regnum
1724 1831 1888 1924 coeleste,
1915 1833 1974 1902 in-

586 1948 714 2039 -gressi
739 1966 852 2022 sumus
879 1953 914 2016 ct
938 1943 1143 2016 haereditate
1157 1948 1359 2043 accepimus,
1386 1957 1420 2018 et
1442 1970 1488 2018 cx
1505 1945 1597 2038 ligno
1612 1950 1716 2035 vitae,
1744 1951 1837 2041 cujus
1861 1968 1973 2042 appo-

603 2065 718 2135 titione
745 2083 851 2153 genus
877 2059 1086 2133 humanitatis
1111 2069 1250 2133 nostrae
1277 2062 1454 2159 expulsum
1479 2062 1604 2145 lucrat,
1637 2086 1700 2160 per
1732 2060 1829 2153 illud,
1864 2061 1974 2134 Acci-

603 2181 690 2275 pite,
725 2176 814 2249 edite
845 2196 967 2272 corpus
1000 2199 1127 2265 meum,
1158 2186 1193 2248 et
1226 2174 1329 2249 bibite
1365 2180 1561 2270 sanguinem
1593 2200 1722 2269 meum,
1756 2175 1902 2264 edimus,
1941 2184 1975 2248 et

605 2293 726 2390 epulati
753 2314 876 2365 sumus.
931 2294 994 2378 Qui
1021 2301 1057 2364 ut
1083 2293 1127 2364 dii
1154 2314 1306 2367 essemus
1341 2304 1492 2390 tempore
1524 2316 1591 2366 non
1623 2314 1774 2387 congruo
1806 2292 1974 2381 volentes,

553 2462 555 2465 ψ
602 2432 689 2482 nunc
715 2408 802 2480 idem
829 2410 1000 2481 consecuti
1027 2430 1139 2480 sumus
1165 2431 1227 2504 per
1253 2408 1351 2499 illud,
1377 2412 1532 2505 Accipite
1559 2410 1715 2507 Spiritum
1741 2419 1901 2496 sanctum,
1929 2408 1973 2480 dii

604 2535 638 2596 et
664 2525 765 2597 divini
790 2523 878 2595 iacti.
933 2526 996 2610 Qui
1023 2523 1112 2596 illam
1139 2529 1354 2614 sententiam,
1390 2523 1567 2618 Egrcdere
1599 2526 1640 2598 ad
1672 2536 1794 2599 terram
1827 2525 1973 2597 maledi-

603 2644 765 2731 ctionum,
791 2663 881 2713 nova
907 2640 970 2712 hac
996 2643 1145 2729 mutasti,
1172 2640 1262 2714 Volo
1290 2651 1325 2713 ut
1351 2639 1406 2714 ubi
1433 2664 1500 2735 ego
1529 2665 1619 2733 snm,
1645 2641 1712 2712 illic
1745 2649 1779 2712 et
1810 2643 1874 2736 ipsi
1909 2644 1974 2714 sint

602 2779 752 2829 mecum:
779 2761 882 2829 etita
910 2766 1031 2828 tcrram
1059 2759 1167 2849 vitae,
1194 2779 1280 2851 quae
1308 2760 1464 2828 mentium
1491 2768 1679 2831 creatarum
1705 2767 1838 2854 captum
1864 2780 1973 2854 supo-

602 2882 674 2963 rat,
705 2871 911 2946 haereditate
946 2883 1119 2970 acceptam
1151 2873 1371 2969 possidemus.
1427 2873 1512 2960 Quid
1547 2872 1645 2947 nobis
1685 2877 1845 2970 suppetit,
1885 2874 1974 2970 quod

601 2988 821 3061 retribuamus
850 2989 925 3080 tibi,
952 3010 1014 3083 pro
1043 2972 1253 3084 amplissimis
1281 3011 1365 3081 erga
1391 3012 1455 3061 nos
1481 2989 1651 3063 beneficiis
1678 2993 1760 3078 tuis,
1796 2993 1870 3086 quia
1896 2988 1976 3061 nihil
2056 3077 2068 3089 ἢ

600 3125 706 3201 penes
745 3126 808 3177 nos
842 3114 893 3175 est
920 3104 1055 3198 quoda
1083 3114 1115 3175 te
1142 3127 1212 3176 non
1244 3107 1286 3178 sit
1319 3116 1503 3201 acceptum.
1556 3105 1705 3179 Gloriam
1736 3087 1801 3177 tibi
1829 3129 1875 3177 ex
1908 3108 1973 3178 tuis

603 3217 788 3293 referemus
816 3219 889 3308 tibi,
916 3242 977 3314 pro
1005 3221 1188 3312 gratiarum
1215 3224 1347 3294 actione
1380 3232 1514 3311 nostra,
1550 3222 1800 3312 adorationem,
1837 3220 1972 3293 exalta-

604 3337 729 3408 tionem
764 3345 798 3407 ct
829 3334 962 3407 laudem
997 3334 1178 3409 secundum
1221 3336 1475 3432 possibilitatem
1508 3338 1702 3413 infirmitatis
1741 3347 1879 3410 nostrae
1915 3335 1974 3410 tibi

603 3451 791 3539 offerimus,
819 3462 853 3523 ct
877 3453 1048 3544 unigenito
1074 3451 1160 3524 Filio
1188 3460 1263 3545 tuo,
1291 3464 1325 3525 et
1350 3452 1487 3550 Spiritui
1512 3465 1569 3527 tuo
1596 3457 1817 3530 sanctissimo.

712 3568 875 3661 Populus.
927 3568 1047 3640 Amen.

705 3682 890 3755 Sacerdos.
943 3682 1027 3755 Pax.

705 3798 866 3893 Populus.
919 3799 1064 3873 Etcum
1092 3802 1208 3896 spiritu
1234 3811 1302 3875 tuo.

705 3913 893 3987 Diaconos.
946 3916 1037 3988 Post.
1078 3998 1085 4013 x

704 4030 865 4125 Populus.
919 4031 1043 4104 Coram
1069 4041 1113 4103 tc.

704 4145 889 4219 Sacerdos.
942 4149 1042 4219 Panis
1070 4149 1228 4223 coelestis
1257 4146 1388 4225 Christe
1414 4150 1526 4237 Dens,
1555 4150 1611 4244 qui
1632 4171 1678 4219 ex
1694 4147 1888 4223 abscondita
1902 4173 1970 4222 na·-

601 4272 675 4335 tura
700 4262 808 4335 Patris
836 4266 882 4334 tui
909 4262 1049 4356 gloriosi
1077 4275 1170 4339 ortus
1198 4290 1236 4340 es
1256 4266 1342 4362 apud
1369 4264 1519 4338 thronum
1536 4268 1719 4358 majestatis
1736 4286 1835 4357 suae,
1861 4265 1969 4341 lactus

602 4377 916 4471 cibus-Angelorum
946 4401 1011 4474 quo
1039 4380 1222 4454 confirmati
1248 4381 1395 4454 luerunt:
1423 4384 1478 4477 qni
1504 4378 1623 4452 deinde
1650 4380 1815 4455 advolasti
1841 4405 1861 4455 o
1887 4384 1970 4455 sede

601 4493 731 4586 gloriae
758 4498 849 4586 ejus,
876 4517 943 4566 non
971 4505 1081 4568 tamen
1108 4495 1150 4568 ab
1179 4520 1221 4570 eo
1249 4497 1394 4571 divisus:
1420 4497 1593 4593 iactusque
1621 4520 1658 4571 cs
1685 4500 1780 4594 panis
1802 4497 1969 4571 hominnm

600 4612 826 4701 terrestrium,
854 4632 919 4706 quo
947 4610 1070 4706 epulati
1097 4616 1181 4703 sint,
1218 4614 1485 4708 descendistique
1520 4616 1554 4684 in
1588 4612 1750 4710 abyssum
1785 4610 1968 4684 mortalium

600 4722 788 4812 hominum,
816 4728 891 4820 quia
918 4725 975 4797 tibi
1002 4729 1047 4798 ita
1074 4731 1183 4800 visum
1214 4741 1283 4801 est:
1317 4729 1404 4801 unde
1437 4728 1575 4802 odorem
1607 4733 1699 4801 vitae
1732 4739 1967 4827 perceperunt,

600 4841 695 4931 cujus
721 4838 884 4914 benelicio
911 4845 1059 4914 suscitati
1086 4855 1171 4917 sunt.
1223 4846 1332 4918 Visita
1358 4847 1501 4920 Domine
1532 4857 1567 4919 et
1598 4844 1734 4919 vivifica
1766 4867 1828 4941 per
1859 4848 1968 4919 misc-

599 4956 776 5028 ricordiam
803 4956 862 5028 tibi
887 4963 1121 5051 congenitam,
1147 4961 1233 5034 filios
1259 4960 1436 5035 Ecclesiae
1462 4972 1538 5034 tuae
1565 4967 1702 5036 sanctae
1729 4982 1825 5055 quam
1845 4966 1966 5057 acqui-

601 5073 709 5145 sivisti
737 5076 898 5163 sanguine
924 5083 981 5145 tuo
1009 5075 1160 5165 salutari,
1189 5086 1222 5148 et
1248 5080 1339 5149 mitte
1365 5099 1467 5176 super
1483 5099 1544 5149 eos
1561 5076 1826 5149 benedictionem
1849 5077 1966 5151 ascdo

600 5186 732 5279 gloriae
758 5199 855 5279 tuae,
883 5192 958 5284 quia
985 5194 1017 5262 in
1044 5196 1159 5287 spiritu
1185 5191 1365 5266 hnmilitato
1393 5204 1427 5266 et
1453 5193 1556 5269 cordo
1581 5194 1746 5283 contrito,
1771 5188 1868 5265 flexis
1894 5213 1965 5285 ge-

600 5301 698 5378 nibus
725 5304 944 5401 deprecamur
969 5315 1020 5399 te,
1047 5318 1083 5379 ut
1114 5312 1198 5381 sicut
1231 5332 1292 5412 eos
1320 5310 1460 5403 creasti,
1493 5307 1649 5403 salvasti,
1685 5318 1720 5382 et
1750 5312 1966 5405 acquisivisti,
