5150 6534
591 848 618 921 2
976 848 1583 979 ono-oletuutuls

593 1039 642 1109 tui
668 1040 794 1111 sancti:
821 1035 941 1108 munda
967 1058 1022 1109 me
1049 1061 1069 1109 a
1095 1023 1243 1133 peccatis
1269 1040 1366 1111 meis:
1393 1037 1478 1109 hanc
1505 1037 1706 1111 oblationem
1733 1037 1909 1125 sanctifica,
1929 1047 1964 1110 et

504 1232 506 1237 ¹
593 1175 655 1247 per
682 1175 756 1225 earn
782 1163 916 1249 praesta
943 1154 1172 1225 remissionem
1198 1161 1412 1247 peccatorum
1438 1163 1473 1225 et
1498 1157 1670 1226 criminum
1706 1153 1961 1243 abstersionem,

593 1266 658 1342 illis
685 1291 746 1363 pro
775 1267 892 1361 quibus
921 1269 1076 1358 offertur,
1101 1266 1178 1339 nribi
1205 1276 1239 1339 et
1263 1273 1350 1363 patri
1375 1290 1471 1360 meo,
1504 1281 1538 1341 et
1571 1269 1828 1365 quibuscumque
1864 1292 1963 1342 com-

593 1387 705 1455 munio
732 1406 861 1455 mecum
885 1384 1074 1472 intercedit,
1100 1393 1169 1455 tam
1194 1386 1285 1455 vivis
1313 1406 1409 1479 quam
1437 1384 1600 1459 defunctis
1626 1385 1785 1460 fidelibus.
1822 1384 1962 1457 Praesta
2045 1426 2049 1432 -

593 1500 657 1571 illis
685 1503 878 1585 memoriam
903 1500 1027 1572 bonam
1053 1503 1087 1571 in
1112 1522 1220 1592 regno
1247 1509 1304 1571 tuo
1338 1500 1498 1590 coelesti,
1531 1524 1607 1574 cum
1635 1504 1734 1593 justis
1770 1512 1804 1573 et
1837 1503 1961 1574 sanctis

593 1618 675 1703 tuis,
703 1618 759 1710 qui
784 1638 845 1711 per
870 1613 959 1687 bona
986 1638 1091 1712 opera
1118 1637 1179 1687 sua
1205 1614 1264 1687 tibi
1290 1615 1503 1710 placuerrmt,
1536 1626 1571 1689 et
1601 1640 1662 1711 per
1687 1621 1962 1691 intercessionem
2022 1658 2028 1667 ·

500 1791 507 1799 .
594 1729 758 1803 llomirlae
784 1734 898 1820 matris
923 1732 1073 1818 luminis,
1100 1733 1207 1803 sancti
1234 1730 1373 1804 loannis
1398 1731 1570 1827 Baptistae
1596 1741 1631 1803 et
1657 1737 1801 1806 omnium
1822 1743 1962 1806 saneto-

594 1868 685 1935 rum,
712 1848 832 1919 Amen.
1383 1930 1393 1963 Ι

702 1964 782 2036 ann
808 1963 901 2036 dicit.
954 1961 1118 2036 Miserere
1143 1966 1210 2035 mei
1235 1963 1339 2036 Dens.

697 2078 745 2148 Et
770 2101 952 2150 conversas
978 2078 1025 2149 ad
1045 2080 1205 2172 popnlnm
1230 2082 1366 2151 neniam
1385 2083 1476 2174 petit
1502 2084 1536 2149 ct
1558 2081 1651 2150 dicit.

698 2191 801 2265 Orate
826 2217 888 2289 pro
915 2217 969 2266 me
995 2204 1132 2290 propter
1158 2195 1345 2267 Dominum.

697 2309 874 2402 inprecatus
900 2317 1012 2382 antem
1039 2310 1086 2381 ad
1110 2311 1224 2382 altare
1249 2312 1344 2381 dicit.

697 2425 844 2499 introibo
873 2426 915 2499 ad
942 2427 1046 2499 altare
1061 2427 1135 2515 Dei,
1163 2426 1205 2498 ad
1221 2426 1330 2500 Deum
1357 2430 1413 2521 qui
1437 2427 1592 2499 laetificat
1614 2430 1820 2519 juventutem
1846 2447 1963 2497 meam.

697 2540 745 2612 El
765 2550 963 2634 prostratas
989 2565 1106 2613 coram
1132 2542 1238 2612 attari
1264 2543 1357 2613 dicit.

696 2656 734 2727 ln
761 2656 893 2729 domum
919 2667 1007 2730 tuam
1033 2663 1214 2750 ingressus
1242 2680 1336 2748 sum,
1366 2657 1559 2753 procidique
1594 2680 1710 2729 coram
1725 2657 1858 2730 throno
1893 2667 1962 2748 tuo,

593 2770 673 2844 Rex
699 2774 870 2846 coelestis:
897 2778 1026 2846 remitte
1052 2772 1129 2845 mihi
1156 2776 1267 2871 omnia
1293 2795 1380 2869 qnae
1406 2778 1440 2845 in
1467 2783 1500 2845 te
1525 2775 1678 2869 peccavi.

698 2890 745 2960 nt
769 2888 913 2960 inclinat
942 2912 999 2959 se:
1033 2894 1068 2959 et
1099 2889 1283 2961 oacnlando
1317 2889 1446 2979 altare,
1486 2889 1754 2960 benedictionem
1787 2893 1907 2982 captat
1940 2910 1964 2958 a

595 3004 737 3093 dextra,
765 3030 789 3074 a
814 3008 955 3076 sinislra
981 3011 1015 3076 ct
1040 3008 1076 3076 in
1101 3006 1211 3076 medio
1239 3006 1376 3077 dicens:

697 3120 811 3212 Albiga
837 3122 980 3192 Domine
1006 3121 1206 3195 festivitates
1232 3126 1376 3211 catenis,
1402 3142 1508 3217 nsque
1536 3120 1578 3192 ad
1604 3142 1730 3192 cornua
1757 3120 1880 3192 altaris.

697 3235 876 3330 Imponena
901 3242 1073 3309 incensam
1097 3239 1191 3309 dicii.

695 3352 752 3424 Ad
777 3353 920 3444 gloriam
947 3363 981 3424 et
1005 3352 1166 3425 honorem
1194 3362 1330 3425 sanctae
1365 3362 1399 3421 et
1432 3349 1617 3423 laudandae
1653 3351 1844 3439 Trinitatis,
1878 3349 1963 3421 haec

592 3467 687 3539 thura
714 3468 864 3540 manibus
891 3470 974 3540 meis
1000 3464 1243 3563 peccatricibus
1269 3468 1490 3561 imponuntur.
1545 3466 1686 3539 Oremus
1702 3488 1831 3556 omnes,
1854 3470 1963 3538 mise-

592 3582 836 3676 ricordiamque
863 3593 896 3653 et
922 3585 1065 3674 gratiam
1091 3606 1111 3653 a
1137 3581 1281 3654 Domino
1307 3582 1522 3677 postulemus.

695 3697 874 3768 Diaconos
901 3704 1005 3789 capnt
1030 3698 1255 3791 discooperit,
1284 3705 1319 3768 et
1343 3698 1503 3770 accendit
1528 3721 1662 3769 ceream
1688 3702 1723 3769 in
1738 3698 1849 3769 latere
1869 3699 1962 3768 den-

593 3820 648 3885 tro
682 3814 820 3901 altaris,
848 3813 981 3885 dicens:

695 3930 849 4002 Adeluia.
903 3930 941 4001 ln
967 3929 1091 4001 lumine
1115 3938 1171 4002 luo
1198 3930 1350 4003 videmus
1375 3930 1497 4002 lumen.

695 4047 867 4117 Accendit
892 4046 1035 4116 allernm
1060 4049 1097 4116 in
1122 4045 1234 4117 latere
1258 4049 1418 4135 sinistro,
1446 4047 1580 4118 dicens:

695 4162 793 4232 Alme
820 4171 854 4232 et
880 4171 1012 4250 sancte,
1040 4164 1096 4256 qai
1121 4160 1249 4234 habitas
1275 4164 1309 4232 in
1335 4160 1530 4235 habitaculis
1556 4163 1659 4251 lucis,
1685 4182 1825 4231 remove
1852 4183 1960 4233 ano-

592 4276 645 4350 bis
678 4281 859 4372 ·passiones
898 4277 1019 4365 malas,
1053 4286 1087 4348 et
1119 4281 1341 4370 cogitationes
1377 4275 1534 4371 odibiles,
1573 4286 1607 4349 et
1643 4286 1778 4370 praesta
1812 4285 1848 4346 ut
1884 4300 1960 4348 cum

592 4396 736 4488 puritate
763 4392 874 4464 cordis
901 4414 1078 4487 operemur
1105 4416 1209 4489 opera
1232 4395 1388 4484 justitiae.
1447 4393 1561 4464 Gloria
1596 4392 1687 4463 Patri
1723 4401 1757 4462 et
1787 4390 1893 4479 Filio,
1928 4399 1962 4462 et

593 4507 728 4604 Spiritui
755 4517 882 4584 sancto.
932 4509 1095 4597 Alleluia,
1123 4518 1187 4581 etc.

697 4623 871 4695 Sacerdos
897 4624 986 4694 tollit
1009 4624 1117 4694 celncn
1142 4646 1208 4720 qno
1234 4627 1396 4717 mysteria
1422 4627 1638 4717 operiantnr,
1667 4628 1834 4718 ponitque
1859 4646 1960 4692 man-

594 4740 653 4810 tile
680 4739 940 4826 abalnaoninm,
968 4745 1003 4809 ct
1028 4740 1190 4810 cocblear
1215 4743 1251 4810 in
1277 4740 1388 4811 latere
1414 4740 1556 4827 dentre,
1593 4745 1627 4811 ei
1658 4741 1767 4812 aelam
1792 4744 1899 4829 majia
1925 4741 1961 4806 in

594 4857 704 4928 latere
729 4859 886 4945 sinistro,
914 4877 1030 4925 coram
1056 4856 1160 4926 disco.
1218 4857 1299 4927 Tum
1323 4859 1422 4926 annnil
1446 4855 1625 4927 Diaconne
1642 4879 1766 4947 panem
1779 4853 1960 4923 ldncltnri-

516 4999 518 5003 ⁴
594 4976 726 5061 sticum,
755 4978 790 5043 et
816 4976 918 5066 offert
942 4970 1147 5042 Sacerdoti:
1172 4976 1230 5065 qni
1251 4994 1376 5066 panem
1402 4994 1504 5042 ornae
1529 4974 1657 5067 signat,
1695 4977 1729 5041 et
1755 4971 1838 5040 dicit
1872 4968 1961 5037 tanc

597 5088 812 5159 Orationem:

639 5218 643 5224 “
698 5204 791 5277 Deus
829 5226 950 5297 magne
991 5213 1025 5276 ei
1062 5201 1220 5277 mirabilis
1257 5226 1363 5299 usque
1396 5208 1431 5276 in
1465 5213 1649 5289 aeternum,
1696 5203 1750 5296 qui
1783 5201 1960 5295 suscepisti

596 5319 775 5411 sacrificia,
816 5331 916 5409 vota,
958 5323 1116 5417 primitias
1158 5330 1193 5394 et
1233 5321 1377 5396 decimas
1413 5341 1589 5397 servorum
1630 5328 1758 5393 tuorum
1801 5318 1961 5393 fidelium:
