<?xml version="1.0" encoding="UTF-8"?>
<!DOCTYPE html PUBLIC "-//W3C//DTD XHTML 1.0 Transitional//EN"
    "http://www.w3.org/TR/xhtml1/DTD/xhtml1-transitional.dtd">
<html xmlns="http://www.w3.org/1999/xhtml" xml:lang="en" lang="en">
 <head>
  <title>
</title>
<meta http-equiv="Content-Type" content="text/html;charset=utf-8" />
  <meta name='ocr-system' content='tesseract 3.04.00' />
  <meta name='ocr-capabilities' content='ocr_page ocr_carea ocr_par ocr_line ocrx_word'/>
</head>
<body>
  <div class='ocr_page' id='page_1' title='image "./liturgiarumorie00renagoog_0155.png"; bbox 0 0 5150 6534; ppageno 0'>
   <div class='ocr_carea' id='block_1_1' title="bbox 942 866 1976 959">
    <p class='ocr_par' dir='ltr' id='par_1_1' title="bbox 942 866 1976 959">
     <span class='ocr_line' id='line_1_1' title="bbox 942 866 1976 959; baseline 0.003 -5"><span class='ocrx_word' id='word_1_1' title='bbox 942 866 1330 956; x_wconf 68' lang='lat' dir='ltr'><strong>lh&#39;hlttllthlns</strong></span> <span class='ocrx_word' id='word_1_2' title='bbox 1366 880 1646 959; x_wconf 82' lang='lat' dir='ltr'><strong>SYthChS.</strong></span> <span class='ocrx_word' id='word_1_3' title='bbox 1903 885 1976 958; x_wconf 78' lang='lat'><strong>117</strong></span> 
     </span>
    </p>
   </div>
   <div class='ocr_carea' id='block_1_2' title="bbox 605 1053 1976 1544">
    <p class='ocr_par' dir='ltr' id='par_1_2' title="bbox 605 1053 1976 1544">
     <span class='ocr_line' id='line_1_2' title="bbox 606 1053 1976 1149; baseline 0.005 -25"><span class='ocrx_word' id='word_1_4' title='bbox 606 1060 793 1124; x_wconf 83' lang='lat' dir='ltr'><strong>Eucharistia</strong></span> <span class='ocrx_word' id='word_1_5' title='bbox 814 1060 937 1138; x_wconf 89' lang='lat' dir='ltr'><strong>dicitur,</strong></span> <span class='ocrx_word' id='word_1_6' title='bbox 961 1062 1030 1141; x_wconf 91' lang='lat' dir='ltr'><strong>quia</strong></span> <span class='ocrx_word' id='word_1_7' title='bbox 1052 1062 1133 1123; x_wconf 91' lang='lat' dir='ltr'><strong>illam</strong></span> <span class='ocrx_word' id='word_1_8' title='bbox 1155 1080 1225 1125; x_wconf 92' lang='lat' dir='ltr'><strong>esse</strong></span> <span class='ocrx_word' id='word_1_9' title='bbox 1247 1061 1375 1125; x_wconf 91' lang='lat' dir='ltr'><strong>eredunt</strong></span> <span class='ocrx_word' id='word_1_10' title='bbox 1396 1053 1469 1125; x_wconf 72' lang='lat' dir='ltr'><strong>rem&#39;</strong></span> <span class='ocrx_word' id='word_1_11' title='bbox 1489 1066 1724 1145; x_wconf 88' lang='lat' dir='ltr'><strong>sanctissimam,</strong></span> <span class='ocrx_word' id='word_1_12' title='bbox 1764 1086 1872 1149; x_wconf 82' lang='lat' dir='ltr'>nempe</span> <span class='ocrx_word' id='word_1_13' title='bbox 1901 1086 1976 1131; x_wconf 91' lang='lat' dir='ltr'><strong>cor-</strong></span> 
     </span>
     <span class='ocr_line' id='line_1_3' title="bbox 605 1158 1974 1246; baseline 0.007 -25"><span class='ocrx_word' id='word_1_14' title='bbox 605 1160 663 1241; x_wconf 91' lang='lat' dir='ltr'><strong>pus</strong></span> <span class='ocrx_word' id='word_1_15' title='bbox 693 1168 725 1223; x_wconf 90' lang='lat' dir='ltr'><strong>et</strong></span> <span class='ocrx_word' id='word_1_16' title='bbox 753 1160 931 1241; x_wconf 79' lang='lat' dir='ltr'><strong>sanquinem</strong></span> <span class='ocrx_word' id='word_1_17' title='bbox 959 1158 1087 1239; x_wconf 87' lang='lat' dir='ltr'><strong>Christi,</strong></span> <span class='ocrx_word' id='word_1_18' title='bbox 1122 1161 1230 1241; x_wconf 88' lang='lat' dir='ltr'><strong>quibus</strong></span> <span class='ocrx_word' id='word_1_19' title='bbox 1259 1161 1332 1223; x_wconf 91' lang='lat' dir='ltr'><strong>nihil</strong></span> <span class='ocrx_word' id='word_1_20' title='bbox 1361 1163 1503 1226; x_wconf 87' lang='lat' dir='ltr'><strong>sanetius.</strong></span> <span class='ocrx_word' id='word_1_21' title='bbox 1549 1162 1706 1245; x_wconf 80' lang='lat' dir='ltr'><strong>Nunquam</strong></span> <span class='ocrx_word' id='word_1_22' title='bbox 1738 1183 1833 1246; x_wconf 92' lang='lat' dir='ltr'><strong>porro</strong></span> <span class='ocrx_word' id='word_1_23' title='bbox 1859 1185 1974 1230; x_wconf 86' lang='lat' dir='ltr'><strong>vocare</strong></span> 
     </span>
     <span class='ocr_line' id='line_1_4' title="bbox 606 1257 1976 1346; baseline 0.008 -28"><span class='ocrx_word' id='word_1_24' title='bbox 606 1257 684 1319; x_wconf 89' lang='lat' dir='ltr'><strong>dona</strong></span> <span class='ocrx_word' id='word_1_25' title='bbox 710 1265 888 1321; x_wconf 86' lang='lat' dir='ltr'><strong>consecrata</strong></span> <span class='ocrx_word' id='word_1_26' title='bbox 910 1258 1011 1321; x_wconf 82' lang='lat' dir='ltr'><strong>solent</strong></span> <span class='ocrx_word' id='word_1_27' title='bbox 1029 1278 1139 1338; x_wconf 82' lang='lat' dir='ltr'><strong>panem</strong></span> <span class='ocrx_word' id='word_1_28' title='bbox 1162 1267 1298 1322; x_wconf 78' lang='lat' dir='ltr'><strong>sanctam</strong></span> <span class='ocrx_word' id='word_1_29' title='bbox 1320 1268 1349 1321; x_wconf 83' lang='lat' dir='ltr'><strong>et</strong></span> <span class='ocrx_word' id='word_1_30' title='bbox 1369 1262 1470 1321; x_wconf 82' lang='lat' dir='ltr'><strong>einum</strong></span> <span class='ocrx_word' id='word_1_31' title='bbox 1492 1269 1645 1339; x_wconf 73' lang='lat' dir='ltr'><strong>concnam,</strong></span> <span class='ocrx_word' id='word_1_32' title='bbox 1675 1264 1730 1326; x_wconf 89' lang='lat' dir='ltr'><strong>sed</strong></span> <span class='ocrx_word' id='word_1_33' title='bbox 1760 1284 1866 1346; x_wconf 89' lang='lat' dir='ltr'><strong>panem</strong></span> <span class='ocrx_word' id='word_1_34' title='bbox 1896 1268 1976 1329; x_wconf 87' lang='lat' dir='ltr'><strong>vitae</strong></span> 
     </span>
     <span class='ocr_line' id='line_1_5' title="bbox 606 1356 1973 1439; baseline 0.007 -21"><span class='ocrx_word' id='word_1_35' title='bbox 606 1356 779 1437; x_wconf 83' lang='lat' dir='ltr'><strong>aliquando,</strong></span> <span class='ocrx_word' id='word_1_36' title='bbox 803 1375 890 1436; x_wconf 90' lang='lat' dir='ltr'><strong>quern</strong></span> <span class='ocrx_word' id='word_1_37' title='bbox 905 1356 1041 1420; x_wconf 89' lang='lat' dir='ltr'><strong>Christus</strong></span> <span class='ocrx_word' id='word_1_38' title='bbox 1064 1359 1186 1439; x_wconf 87' lang='lat' dir='ltr'><strong>ipsese</strong></span> <span class='ocrx_word' id='word_1_39' title='bbox 1209 1377 1278 1421; x_wconf 92' lang='lat' dir='ltr'><strong>esse</strong></span> <span class='ocrx_word' id='word_1_40' title='bbox 1302 1358 1390 1420; x_wconf 90' lang='lat' dir='ltr'><strong>dixit:</strong></span> <span class='ocrx_word' id='word_1_41' title='bbox 1415 1367 1496 1422; x_wconf 92' lang='lat' dir='ltr'><strong>tanta</strong></span> <span class='ocrx_word' id='word_1_42' title='bbox 1519 1368 1566 1422; x_wconf 89' lang='lat' dir='ltr'><strong>est</strong></span> <span class='ocrx_word' id='word_1_43' title='bbox 1589 1360 1785 1427; x_wconf 71' lang='lat' dir='ltr'><strong>Orientalium</strong></span> <span class='ocrx_word' id='word_1_44' title='bbox 1800 1382 1861 1426; x_wconf 93' lang='lat' dir='ltr'><strong>non</strong></span> <span class='ocrx_word' id='word_1_45' title='bbox 1885 1364 1973 1427; x_wconf 88' lang='lat' dir='ltr'><strong>modo</strong></span> 
     </span>
     <span class='ocr_line' id='line_1_6' title="bbox 606 1455 1906 1544; baseline 0.005 -26"><span class='ocrx_word' id='word_1_46' title='bbox 606 1458 637 1518; x_wconf 93' lang='lat' dir='ltr'><strong>in</strong></span> <span class='ocrx_word' id='word_1_47' title='bbox 659 1457 751 1519; x_wconf 88' lang='lat' dir='ltr'><strong>rebus</strong></span> <span class='ocrx_word' id='word_1_48' title='bbox 772 1455 989 1519; x_wconf 86' lang='lat' dir='ltr'><strong>Eucharistiam</strong></span> <span class='ocrx_word' id='word_1_49' title='bbox 1012 1458 1233 1537; x_wconf 75' lang='lat' dir='ltr'><strong>spectantibus,</strong></span> <span class='ocrx_word' id='word_1_50' title='bbox 1256 1458 1310 1520; x_wconf 89' lang='lat' dir='ltr'><strong>sed</strong></span> <span class='ocrx_word' id='word_1_51' title='bbox 1333 1461 1423 1520; x_wconf 90' lang='lat' dir='ltr'><strong>etiam</strong></span> <span class='ocrx_word' id='word_1_52' title='bbox 1445 1462 1475 1521; x_wconf 89' lang='lat' dir='ltr'><strong>in</strong></span> <span class='ocrx_word' id='word_1_53' title='bbox 1497 1459 1555 1521; x_wconf 90' lang='lat' dir='ltr'><strong>illis</strong></span> <span class='ocrx_word' id='word_1_54' title='bbox 1578 1460 1765 1542; x_wconf 83' lang='lat' dir='ltr'><strong>explicandis</strong></span> <span class='ocrx_word' id='word_1_55' title='bbox 1787 1463 1906 1544; x_wconf 80' lang='lat' dir='ltr'><strong>religio.</strong></span> 
     </span>
    </p>
   </div>
   <div class='ocr_carea' id='block_1_3' title="bbox 1047 1733 2210 1835">
    <p class='ocr_par' dir='ltr' id='par_1_3' title="bbox 1047 1733 2210 1835">
     <span class='ocr_line' id='line_1_7' title="bbox 1047 1733 2210 1835; baseline -0.009 -30"><span class='ocrx_word' id='word_1_56' title='bbox 1047 1734 1138 1805; x_wconf 80' lang='lat' dir='ltr'><strong>Unus</strong></span> <span class='ocrx_word' id='word_1_57' title='bbox 1163 1733 1274 1804; x_wconf 86' lang='lat' dir='ltr'><strong>Pater</strong></span> <span class='ocrx_word' id='word_1_58' title='bbox 1301 1742 1448 1824; x_wconf 79' lang='lat' dir='ltr'><strong>sunctae,</strong></span> <span class='ocrx_word' id='word_1_59' title='bbox 1476 1744 1539 1808; x_wconf 83' lang='lat' dir='ltr'><strong>ete.</strong></span> <span class='ocrx_word' id='word_1_60' title='bbox 1701 1830 1705 1835; x_wconf 81' lang='lat'><strong>.</strong></span> <span class='ocrx_word' id='word_1_61' title='bbox 2023 1743 2052 1796; x_wconf 80' lang='lat' dir='ltr'><strong>r.</strong></span> <span class='ocrx_word' id='word_1_62' title='bbox 2069 1744 2113 1796; x_wconf 79' lang='lat' dir='ltr'><strong>to.</strong></span> <span class='ocrx_word' id='word_1_63' title='bbox 2132 1745 2148 1795; x_wconf 83' lang='lat' dir='ltr'><strong>t</strong></span> <span class='ocrx_word' id='word_1_64' title='bbox 2168 1746 2210 1795; x_wconf 82' lang='lat' dir='ltr'><strong>ts.</strong></span> 
     </span>
    </p>
   </div>
   <div class='ocr_carea' id='block_1_4' title="bbox 703 1895 2294 2022">
    <p class='ocr_par' dir='ltr' id='par_1_4' title="bbox 703 1895 2294 2022">
     <span class='ocr_line' id='line_1_8' title="bbox 703 1895 2294 2022; baseline 0.001 -22"><span class='ocrx_word' id='word_1_65' title='bbox 703 1922 841 2017; x_wconf 77' lang='lat' dir='ltr'><strong>Osarene</strong></span> <span class='ocrx_word' id='word_1_66' title='bbox 865 1935 1070 1998; x_wconf 85' lang='lat' dir='ltr'><strong>Orientalibus</strong></span> <span class='ocrx_word' id='word_1_67' title='bbox 1092 1937 1257 1999; x_wconf 88' lang='lat' dir='ltr'><strong>communis</strong></span> <span class='ocrx_word' id='word_1_68' title='bbox 1281 1945 1328 2000; x_wconf 89' lang='lat' dir='ltr'><strong>est</strong></span> <span class='ocrx_word' id='word_1_69' title='bbox 1348 1939 1407 2001; x_wconf 91' lang='lat' dir='ltr'><strong>hoc</strong></span> <span class='ocrx_word' id='word_1_70' title='bbox 1428 1895 1498 2002; x_wconf 87' lang='lat' dir='ltr'><strong>loeo</strong></span> <span class='ocrx_word' id='word_1_71' title='bbox 1519 1938 1584 2001; x_wconf 85' lang='lat' dir='ltr'><strong>heri</strong></span> <span class='ocrx_word' id='word_1_72' title='bbox 1606 1941 1694 2002; x_wconf 86' lang='lat' dir='ltr'><strong>solita</strong></span> <span class='ocrx_word' id='word_1_73' title='bbox 1723 1957 1740 2002; x_wconf 90' lang='lat' dir='ltr'><strong>a</strong></span> <span class='ocrx_word' id='word_1_74' title='bbox 1764 1941 1879 2022; x_wconf 91' lang='lat' dir='ltr'><strong>populo</strong></span> <span class='ocrx_word' id='word_1_75' title='bbox 1902 1943 1974 2004; x_wconf 81' lang='lat' dir='ltr'><strong>Tri-</strong></span> <span class='ocrx_word' id='word_1_76' title='bbox 2022 1948 2087 2001; x_wconf 71' lang='lat' dir='ltr'><strong>coa.</strong></span> <span class='ocrx_word' id='word_1_77' title='bbox 2114 1950 2151 2000; x_wconf 69' lang='grc' dir='ltr'><strong><em>νιν</em></strong></span> <span class='ocrx_word' id='word_1_78' title='bbox 2171 1949 2217 2003; x_wconf 68' lang='lat' dir='ltr'><strong>tat.</strong></span> <span class='ocrx_word' id='word_1_79' title='bbox 2235 1949 2294 2002; x_wconf 66' lang='lat' dir='ltr'><strong>aaa</strong></span> 
     </span>
    </p>
   </div>
   <div class='ocr_carea' id='block_1_5' title="bbox 600 2036 2170 5385">
    <p class='ocr_par' dir='ltr' id='par_1_5' title="bbox 600 2036 2170 5385">
     <span class='ocr_line' id='line_1_9' title="bbox 603 2036 2090 2121; baseline 0.004 -22"><span class='ocrx_word' id='word_1_80' title='bbox 603 2039 705 2100; x_wconf 89' lang='lat' dir='ltr'><strong>nitatis</strong></span> <span class='ocrx_word' id='word_1_81' title='bbox 729 2038 903 2115; x_wconf 85' lang='lat' dir='ltr'><strong>Confessio,</strong></span> <span class='ocrx_word' id='word_1_82' title='bbox 926 2040 1042 2101; x_wconf 90' lang='lat' dir='ltr'><strong>scilicet</strong></span> <span class='ocrx_word' id='word_1_83' title='bbox 1064 2047 1098 2101; x_wconf 91' lang='lat' dir='ltr'><strong>ut</strong></span> <span class='ocrx_word' id='word_1_84' title='bbox 1120 2047 1278 2120; x_wconf 87' lang='lat' dir='ltr'><strong>autequam</strong></span> <span class='ocrx_word' id='word_1_85' title='bbox 1302 2041 1502 2121; x_wconf 36' lang='lat' dir='ltr'><strong>admittantur·</strong></span> <span class='ocrx_word' id='word_1_86' title='bbox 1516 2041 1677 2105; x_wconf 82' lang='lat' dir='ltr'><strong>Christiani</strong></span> <span class='ocrx_word' id='word_1_87' title='bbox 1705 2044 1742 2105; x_wconf 92' lang='lat' dir='ltr'><strong>ad</strong></span> <span class='ocrx_word' id='word_1_88' title='bbox 1765 2044 1973 2108; x_wconf 88' lang='lat' dir='ltr'><strong>Eucharistiae</strong></span> <span class='ocrx_word' id='word_1_89' title='bbox 1982 2054 2009 2105; x_wconf 80' lang='grc' dir='ltr'><strong><em>ν·</em></strong></span> <span class='ocrx_word' id='word_1_90' title='bbox 2028 2036 2090 2086; x_wconf 70' lang='lat'><strong>²⁴⁴·</strong></span> 
     </span>
     <span class='ocr_line' id='line_1_10' title="bbox 603 2137 1971 2223; baseline 0.006 -24"><span class='ocrx_word' id='word_1_91' title='bbox 603 2138 880 2219; x_wconf 89' lang='lat' dir='ltr'><strong>participationem;</strong></span> <span class='ocrx_word' id='word_1_92' title='bbox 911 2137 1035 2200; x_wconf 90' lang='lat' dir='ltr'><strong>brevem</strong></span> <span class='ocrx_word' id='word_1_93' title='bbox 1064 2138 1103 2200; x_wconf 91' lang='lat' dir='ltr'><strong>de</strong></span> <span class='ocrx_word' id='word_1_94' title='bbox 1132 2138 1285 2200; x_wconf 81' lang='lat' dir='ltr'><strong>Trinitatis</strong></span> <span class='ocrx_word' id='word_1_95' title='bbox 1321 2142 1466 2220; x_wconf 81' lang='lat' dir='ltr'><strong>mysterio</strong></span> <span class='ocrx_word' id='word_1_96' title='bbox 1499 2139 1726 2204; x_wconf 77' lang='lat' dir='ltr'><strong>Confessionem</strong></span> <span class='ocrx_word' id='word_1_97' title='bbox 1762 2145 1971 2223; x_wconf 88' lang='lat' dir='ltr'><strong>pronuncient.</strong></span> 
     </span>
     <span class='ocr_line' id='line_1_11' title="bbox 603 2236 1971 2319; baseline 0.004 -20"><span class='ocrx_word' id='word_1_98' title='bbox 603 2237 686 2300; x_wconf 91' lang='lat' dir='ltr'><strong>lllius</strong></span> <span class='ocrx_word' id='word_1_99' title='bbox 709 2239 906 2299; x_wconf 90' lang='lat' dir='ltr'><strong>meminerunt</strong></span> <span class='ocrx_word' id='word_1_100' title='bbox 927 2236 1060 2300; x_wconf 84' lang='lat' dir='ltr'><strong>lacobus</strong></span> <span class='ocrx_word' id='word_1_101' title='bbox 1082 2237 1267 2316; x_wconf 87' lang='lat' dir='ltr'><strong>Edessenus,</strong></span> <span class='ocrx_word' id='word_1_102' title='bbox 1290 2237 1445 2319; x_wconf 88' lang='lat' dir='ltr'><strong>Barsalibi,</strong></span> <span class='ocrx_word' id='word_1_103' title='bbox 1463 2238 1617 2301; x_wconf 91' lang='lat' dir='ltr'><strong>Canonum</strong></span> <span class='ocrx_word' id='word_1_104' title='bbox 1631 2240 1834 2303; x_wconf 80' lang='lat' dir='ltr'><strong>collectiones</strong></span> <span class='ocrx_word' id='word_1_105' title='bbox 1857 2244 1971 2319; x_wconf 88' lang='lat' dir='ltr'><strong>variae,</strong></span> 
     </span>
     <span class='ocr_line' id='line_1_12' title="bbox 605 2335 2170 2423; baseline 0.003 -24"><span class='ocrx_word' id='word_1_106' title='bbox 605 2343 635 2399; x_wconf 89' lang='lat' dir='ltr'><strong>et</strong></span> <span class='ocrx_word' id='word_1_107' title='bbox 661 2336 780 2397; x_wconf 86' lang='lat' dir='ltr'><strong>Rituum</strong></span> <span class='ocrx_word' id='word_1_108' title='bbox 808 2337 1002 2423; x_wconf 81' lang='lat' dir='ltr'><strong>Interpretes.</strong></span> <span class='ocrx_word' id='word_1_109' title='bbox 1054 2335 1087 2397; x_wconf 93' lang='lat' dir='ltr'><strong>ln</strong></span> <span class='ocrx_word' id='word_1_110' title='bbox 1117 2336 1253 2418; x_wconf 87' lang='lat' dir='ltr'><strong>Liturgia</strong></span> <span class='ocrx_word' id='word_1_111' title='bbox 1283 2337 1407 2419; x_wconf 84' lang='lat' dir='ltr'><strong>Coptica</strong></span> <span class='ocrx_word' id='word_1_112' title='bbox 1436 2338 1553 2401; x_wconf 91' lang='lat' dir='ltr'><strong>Graece</strong></span> <span class='ocrx_word' id='word_1_113' title='bbox 1584 2339 1706 2417; x_wconf 89' lang='lat' dir='ltr'><strong>dicitur,</strong></span> <span class='ocrx_word' id='word_1_114' title='bbox 1737 2348 1767 2402; x_wconf 91' lang='lat' dir='ltr'><strong>ut</strong></span> <span class='ocrx_word' id='word_1_115' title='bbox 1795 2340 1972 2421; x_wconf 89' lang='lat' dir='ltr'><strong>plerumque</strong></span> <span class='ocrx_word' id='word_1_116' title='bbox 2020 2342 2065 2393; x_wconf 80' lang='lat' dir='ltr'><strong>ta.</strong></span> <span class='ocrx_word' id='word_1_117' title='bbox 2080 2362 2107 2411; x_wconf 74' lang='lat' dir='ltr'><strong>P·</strong></span> <span class='ocrx_word' id='word_1_118' title='bbox 2127 2344 2170 2396; x_wconf 81' lang='lat'><strong>79.</strong></span> 
     </span>
     <span class='ocr_line' id='line_1_13' title="bbox 602 2422 1971 2521; baseline 0.002 -24"><span class='ocrx_word' id='word_1_119' title='bbox 602 2434 771 2497; x_wconf 87' lang='lat' dir='ltr'><strong>solennium</strong></span> <span class='ocrx_word' id='word_1_120' title='bbox 794 2436 961 2497; x_wconf 91' lang='lat' dir='ltr'><strong>orationum</strong></span> <span class='ocrx_word' id='word_1_121' title='bbox 983 2433 1139 2499; x_wconf 79' lang='lat' dir='ltr'><strong>formulae.</strong></span> <span class='ocrx_word' id='word_1_122' title='bbox 1174 2422 1232 2509; x_wconf 82' lang='grc' dir='ltr'><strong>Εἷς</strong></span> <span class='ocrx_word' id='word_1_123' title='bbox 1253 2425 1362 2521; x_wconf 74' lang='grc' dir='ltr'><strong><em>πατὴρ</em></strong></span> <span class='ocrx_word' id='word_1_124' title='bbox 1384 2426 1492 2520; x_wconf 73' lang='grc' dir='ltr'><strong><em>ἅγιος,</em></strong></span> <span class='ocrx_word' id='word_1_125' title='bbox 1520 2425 1569 2510; x_wconf 80' lang='grc' dir='ltr'><strong>εἷς</strong></span> <span class='ocrx_word' id='word_1_126' title='bbox 1591 2427 1662 2511; x_wconf 77' lang='grc' dir='ltr'><strong>υἱός</strong></span> <span class='ocrx_word' id='word_1_127' title='bbox 1683 2428 1789 2520; x_wconf 74' lang='grc' dir='ltr'><em>ἅγιος·</em></span> <span class='ocrx_word' id='word_1_128' title='bbox 1811 2430 1846 2500; x_wconf 69' lang='grc' dir='ltr'><strong><em>ἓν</em></strong></span> <span class='ocrx_word' id='word_1_129' title='bbox 1867 2436 1971 2502; x_wconf 83' lang='grc' dir='ltr'><strong><em>πνεῦ-</em></strong></span> 
     </span>
     <span class='ocr_line' id='line_1_14' title="bbox 601 2523 1971 2616; baseline 0.004 -23"><span class='ocrx_word' id='word_1_130' title='bbox 601 2552 651 2610; x_wconf 84' lang='grc' dir='ltr'><strong>μα</strong></span> <span class='ocrx_word' id='word_1_131' title='bbox 673 2523 772 2616; x_wconf 73' lang='grc' dir='ltr'><strong><em>ἅγιον.</em></strong></span> <span class='ocrx_word' id='word_1_132' title='bbox 819 2532 901 2595; x_wconf 83' lang='lat' dir='ltr'><strong>Unas</strong></span> <span class='ocrx_word' id='word_1_133' title='bbox 922 2534 1016 2595; x_wconf 84' lang='lat' dir='ltr'><strong>Pater</strong></span> <span class='ocrx_word' id='word_1_134' title='bbox 1037 2540 1182 2608; x_wconf 50' lang='lat' dir='ltr'><strong>sanctam</strong></span> <span class='ocrx_word' id='word_1_135' title='bbox 1203 2554 1281 2596; x_wconf 83' lang='lat' dir='ltr'><strong>anus</strong></span> <span class='ocrx_word' id='word_1_136' title='bbox 1303 2537 1397 2597; x_wconf 77' lang='lat' dir='ltr'><strong>Filius</strong></span> <span class='ocrx_word' id='word_1_137' title='bbox 1418 2544 1560 2597; x_wconf 81' lang='lat' dir='ltr'><strong>sanctas:</strong></span> <span class='ocrx_word' id='word_1_138' title='bbox 1587 2554 1665 2598; x_wconf 82' lang='lat' dir='ltr'><strong>anas</strong></span> <span class='ocrx_word' id='word_1_139' title='bbox 1686 2537 1817 2616; x_wconf 74' lang='lat' dir='ltr'><strong>Spiritus</strong></span> <span class='ocrx_word' id='word_1_140' title='bbox 1840 2547 1971 2601; x_wconf 70' lang='lat' dir='ltr'><strong>ranem.</strong></span> 
     </span>
     <span class='ocr_line' id='line_1_15' title="bbox 603 2632 1971 2717; baseline 0.004 -23"><span class='ocrx_word' id='word_1_141' title='bbox 603 2632 707 2694; x_wconf 81' lang='lat' dir='ltr'><strong>Amen.</strong></span> <span class='ocrx_word' id='word_1_142' title='bbox 751 2632 795 2694; x_wconf 88' lang='lat' dir='ltr'><strong>lta</strong></span> <span class='ocrx_word' id='word_1_143' title='bbox 816 2634 847 2695; x_wconf 90' lang='lat' dir='ltr'><strong>in</strong></span> <span class='ocrx_word' id='word_1_144' title='bbox 869 2632 1074 2694; x_wconf 81' lang='lat' dir='ltr'><strong>Alexandrina</strong></span> <span class='ocrx_word' id='word_1_145' title='bbox 1097 2632 1213 2694; x_wconf 89' lang='lat' dir='ltr'><strong>Graeca</strong></span> <span class='ocrx_word' id='word_1_146' title='bbox 1237 2634 1353 2696; x_wconf 87' lang='lat' dir='ltr'><strong>Basilii:</strong></span> <span class='ocrx_word' id='word_1_147' title='bbox 1376 2635 1406 2695; x_wconf 92' lang='lat' dir='ltr'><strong>in</strong></span> <span class='ocrx_word' id='word_1_148' title='bbox 1430 2632 1572 2715; x_wconf 84' lang='lat' dir='ltr'><strong>Coptica,</strong></span> <span class='ocrx_word' id='word_1_149' title='bbox 1602 2635 1763 2716; x_wconf 92' lang='lat' dir='ltr'><strong>aliquando</strong></span> <span class='ocrx_word' id='word_1_150' title='bbox 1787 2636 1852 2699; x_wconf 89' lang='lat' dir='ltr'><strong>sola</strong></span> <span class='ocrx_word' id='word_1_151' title='bbox 1876 2639 1971 2717; x_wconf 92' lang='lat' dir='ltr'><strong>prima</strong></span> 
     </span>
     <span class='ocr_line' id='line_1_16' title="bbox 602 2730 1971 2813; baseline 0.005 -21"><span class='ocrx_word' id='word_1_152' title='bbox 602 2731 697 2794; x_wconf 88' lang='lat' dir='ltr'><strong>verba</strong></span> <span class='ocrx_word' id='word_1_153' title='bbox 719 2734 927 2812; x_wconf 87' lang='lat' dir='ltr'><strong>reperiuntur,</strong></span> <span class='ocrx_word' id='word_1_154' title='bbox 950 2730 1004 2793; x_wconf 88' lang='lat' dir='ltr'><strong>sed</strong></span> <span class='ocrx_word' id='word_1_155' title='bbox 1027 2730 1165 2813; x_wconf 86' lang='lat' dir='ltr'><strong>plerique</strong></span> <span class='ocrx_word' id='word_1_156' title='bbox 1190 2730 1319 2795; x_wconf 89' lang='lat' dir='ltr'><strong>Codices</strong></span> <span class='ocrx_word' id='word_1_157' title='bbox 1342 2732 1475 2795; x_wconf 88' lang='lat' dir='ltr'><strong>melioris</strong></span> <span class='ocrx_word' id='word_1_158' title='bbox 1498 2741 1598 2810; x_wconf 88' lang='lat' dir='ltr'><strong>notae,</strong></span> <span class='ocrx_word' id='word_1_159' title='bbox 1620 2733 1701 2796; x_wconf 90' lang='lat' dir='ltr'><strong>illam</strong></span> <span class='ocrx_word' id='word_1_160' title='bbox 1724 2734 1847 2796; x_wconf 90' lang='lat' dir='ltr'><strong>totidem</strong></span> <span class='ocrx_word' id='word_1_161' title='bbox 1869 2736 1971 2799; x_wconf 85' lang='lat' dir='ltr'><strong>verbis</strong></span> 
     </span>
     <span class='ocr_line' id='line_1_17' title="bbox 602 2829 1971 2912; baseline 0.004 -20"><span class='ocrx_word' id='word_1_162' title='bbox 602 2838 842 2911; x_wconf 87' lang='lat' dir='ltr'><strong>repraesentant.</strong></span> <span class='ocrx_word' id='word_1_163' title='bbox 888 2829 969 2893; x_wconf 83' lang='lat' dir='ltr'><strong>Talis</strong></span> <span class='ocrx_word' id='word_1_164' title='bbox 992 2836 1039 2892; x_wconf 88' lang='lat' dir='ltr'><strong>est</strong></span> <span class='ocrx_word' id='word_1_165' title='bbox 1062 2831 1254 2911; x_wconf 78' lang='lat' dir='ltr'><strong>syriacorum</strong></span> <span class='ocrx_word' id='word_1_166' title='bbox 1276 2833 1406 2894; x_wconf 90' lang='lat' dir='ltr'><strong>omnium</strong></span> <span class='ocrx_word' id='word_1_167' title='bbox 1428 2833 1534 2911; x_wconf 84' lang='lat' dir='ltr'><strong>lectio,</strong></span> <span class='ocrx_word' id='word_1_168' title='bbox 1563 2833 1678 2912; x_wconf 90' lang='lat' dir='ltr'><strong>absque</strong></span> <span class='ocrx_word' id='word_1_169' title='bbox 1707 2833 1767 2895; x_wconf 93' lang='lat' dir='ltr'><strong>ullo</strong></span> <span class='ocrx_word' id='word_1_170' title='bbox 1790 2833 1971 2898; x_wconf 89' lang='lat' dir='ltr'><strong>discrimine.</strong></span> 
     </span>
     <span class='ocr_line' id='line_1_18' title="bbox 601 2921 1972 3015; baseline 0.004 -24"><span class='ocrx_word' id='word_1_171' title='bbox 601 2929 637 2991; x_wconf 91' lang='lat' dir='ltr'><strong>ln</strong></span> <span class='ocrx_word' id='word_1_172' title='bbox 659 2929 775 2992; x_wconf 87' lang='lat' dir='ltr'><strong>Graeca</strong></span> <span class='ocrx_word' id='word_1_173' title='bbox 798 2938 898 2992; x_wconf 90' lang='lat' dir='ltr'><strong>tamen</strong></span> <span class='ocrx_word' id='word_1_174' title='bbox 918 2929 1041 3008; x_wconf 86' lang='lat' dir='ltr'><strong>Jacobi,</strong></span> <span class='ocrx_word' id='word_1_175' title='bbox 1071 2937 1132 2991; x_wconf 91' lang='lat' dir='ltr'><strong>tota</strong></span> <span class='ocrx_word' id='word_1_176' title='bbox 1161 2931 1257 2992; x_wconf 92' lang='lat' dir='ltr'><strong>oratio</strong></span> <span class='ocrx_word' id='word_1_177' title='bbox 1285 2930 1323 2992; x_wconf 90' lang='lat' dir='ltr'><strong>ad</strong></span> <span class='ocrx_word' id='word_1_178' title='bbox 1346 2930 1497 2993; x_wconf 90' lang='lat' dir='ltr'><strong>Christum</strong></span> <span class='ocrx_word' id='word_1_179' title='bbox 1520 2930 1660 2994; x_wconf 81' lang='lat' dir='ltr'><strong>retertur.</strong></span> <span class='ocrx_word' id='word_1_180' title='bbox 1706 2921 1766 3005; x_wconf 84' lang='grc' dir='ltr'><strong>Εἷς</strong></span> <span class='ocrx_word' id='word_1_181' title='bbox 1787 2921 1895 3015; x_wconf 73' lang='grc' dir='ltr'><strong><em>ἅγιος,</em></strong></span> <span class='ocrx_word' id='word_1_182' title='bbox 1924 2923 1972 3007; x_wconf 81' lang='grc' dir='ltr'><strong>εἷς</strong></span> 
     </span>
     <span class='ocr_line' id='line_1_19' title="bbox 602 3014 1971 3116; baseline 0.004 -28"><span class='ocrx_word' id='word_1_183' title='bbox 602 3019 714 3115; x_wconf 81' lang='grc' dir='ltr'><strong><em>κύριος</em></strong></span> <span class='ocrx_word' id='word_1_184' title='bbox 731 3015 856 3113; x_wconf 72' lang='grc' dir='ltr'><em>Ἰησοῦς</em></span> <span class='ocrx_word' id='word_1_185' title='bbox 870 3014 1026 3116; x_wconf 78' lang='grc' dir='ltr'><strong><em>Χριστός,</em></strong></span> <span class='ocrx_word' id='word_1_186' title='bbox 1050 3021 1097 3102; x_wconf 81' lang='grc' dir='ltr'><strong>εἷς</strong></span> <span class='ocrx_word' id='word_1_187' title='bbox 1110 3018 1209 3107; x_wconf 80' lang='grc' dir='ltr'><strong><em>δόξαν</em></strong></span> <span class='ocrx_word' id='word_1_188' title='bbox 1226 3028 1316 3091; x_wconf 83' lang='grc' dir='ltr'><em>Θεοῦ</em></span> <span class='ocrx_word' id='word_1_189' title='bbox 1330 3017 1464 3115; x_wconf 82' lang='grc' dir='ltr'><strong><em>πατρός,</em></strong></span> <span class='ocrx_word' id='word_1_190' title='bbox 1486 3017 1516 3112; x_wconf 77' lang='grc' dir='ltr'><em>ᾦ</em></span> <span class='ocrx_word' id='word_1_191' title='bbox 1534 3021 1555 3116; x_wconf 79' lang='grc' dir='ltr'><em>ἦ</em></span> <span class='ocrx_word' id='word_1_192' title='bbox 1573 3018 1655 3109; x_wconf 80' lang='grc' dir='ltr'><strong><em>δόξα</em></strong></span> <span class='ocrx_word' id='word_1_193' title='bbox 1677 3024 1725 3103; x_wconf 82' lang='grc' dir='ltr'><strong>εἷς</strong></span> <span class='ocrx_word' id='word_1_194' title='bbox 1745 3020 1825 3104; x_wconf 73' lang='grc' dir='ltr'><strong>τούς</strong></span> <span class='ocrx_word' id='word_1_195' title='bbox 1849 3026 1971 3102; x_wconf 79' lang='grc' dir='ltr'><strong><em>αἰῶνας</em></strong></span> 
     </span>
     <span class='ocr_line' id='line_1_20' title="bbox 600 3117 1972 3210; baseline 0.001 -21"><span class='ocrx_word' id='word_1_196' title='bbox 600 3117 822 3191; x_wconf 71' lang='lat' dir='ltr'><strong>aviculariam.</strong></span> <span class='ocrx_word' id='word_1_197' title='bbox 870 3129 953 3191; x_wconf 79' lang='lat' dir='ltr'><strong>Unus</strong></span> <span class='ocrx_word' id='word_1_198' title='bbox 974 3138 1108 3205; x_wconf 82' lang='lat' dir='ltr'><strong>sanctur,</strong></span> <span class='ocrx_word' id='word_1_199' title='bbox 1131 3149 1208 3191; x_wconf 82' lang='lat' dir='ltr'><strong>anus</strong></span> <span class='ocrx_word' id='word_1_200' title='bbox 1228 3129 1376 3192; x_wconf 73' lang='lat' dir='ltr'><strong>Dorrdnas</strong></span> <span class='ocrx_word' id='word_1_201' title='bbox 1396 3129 1488 3192; x_wconf 73' lang='lat' dir='ltr'><strong>demas</strong></span> <span class='ocrx_word' id='word_1_202' title='bbox 1510 3129 1664 3206; x_wconf 75' lang='lat' dir='ltr'><strong>Christus,</strong></span> <span class='ocrx_word' id='word_1_203' title='bbox 1693 3132 1725 3191; x_wconf 83' lang='lat' dir='ltr'><strong>ia</strong></span> <span class='ocrx_word' id='word_1_204' title='bbox 1752 3132 1883 3210; x_wconf 76' lang='lat' dir='ltr'><strong>pluriam</strong></span> <span class='ocrx_word' id='word_1_205' title='bbox 1912 3128 1972 3190; x_wconf 81' lang='lat' dir='ltr'><strong>llet&#39;</strong></span> 
     </span>
     <span class='ocr_line' id='line_1_21' title="bbox 602 3227 1971 3310; baseline -0.001 -20"><span class='ocrx_word' id='word_1_206' title='bbox 602 3228 715 3304; x_wconf 61' lang='lat' dir='ltr'><strong>Patras,</strong></span> <span class='ocrx_word' id='word_1_207' title='bbox 738 3230 788 3290; x_wconf 73' lang='grc' dir='ltr'><strong>σαί</strong></span> <span class='ocrx_word' id='word_1_208' title='bbox 806 3230 908 3307; x_wconf 69' lang='lat' dir='ltr'><strong>plotio</strong></span> <span class='ocrx_word' id='word_1_209' title='bbox 930 3231 961 3290; x_wconf 84' lang='lat' dir='ltr'><strong>in</strong></span> <span class='ocrx_word' id='word_1_210' title='bbox 983 3229 1107 3290; x_wconf 80' lang='lat' dir='ltr'><strong>soeculo</strong></span> <span class='ocrx_word' id='word_1_211' title='bbox 1129 3230 1325 3291; x_wconf 75' lang='lat' dir='ltr'><strong>saeetalcmm.</strong></span> <span class='ocrx_word' id='word_1_212' title='bbox 1370 3227 1412 3290; x_wconf 88' lang='lat' dir='ltr'><strong>lt&#39;a</strong></span> <span class='ocrx_word' id='word_1_213' title='bbox 1436 3245 1556 3309; x_wconf 91' lang='lat' dir='ltr'><strong>quoque</strong></span> <span class='ocrx_word' id='word_1_214' title='bbox 1580 3229 1692 3310; x_wconf 81' lang='lat' dir='ltr'><strong>legitur</strong></span> <span class='ocrx_word' id='word_1_215' title='bbox 1713 3231 1743 3290; x_wconf 94' lang='lat' dir='ltr'><strong>in</strong></span> <span class='ocrx_word' id='word_1_216' title='bbox 1767 3228 1891 3291; x_wconf 87' lang='lat' dir='ltr'><strong>Graecis</strong></span> <span class='ocrx_word' id='word_1_217' title='bbox 1908 3228 1971 3289; x_wconf 81' lang='lat' dir='ltr'><strong>aa·</strong></span> 
     </span>
     <span class='ocr_line' id='line_1_22' title="bbox 602 3325 1970 3411; baseline -0.002 -22"><span class='ocrx_word' id='word_1_218' title='bbox 602 3328 668 3404; x_wconf 91' lang='lat' dir='ltr'><strong>silii,</strong></span> <span class='ocrx_word' id='word_1_219' title='bbox 693 3327 961 3408; x_wconf 78' lang='lat' dir='ltr'><strong>chrysostomique</strong></span> <span class='ocrx_word' id='word_1_220' title='bbox 983 3325 1136 3409; x_wconf 79' lang='lat' dir='ltr'><strong>biturgiis.</strong></span> <span class='ocrx_word' id='word_1_221' title='bbox 1181 3327 1303 3390; x_wconf 77' lang='lat' dir='ltr'><strong>Addunt</strong></span> <span class='ocrx_word' id='word_1_222' title='bbox 1326 3328 1395 3408; x_wconf 81' lang='lat' dir='ltr'><strong>Syri</strong></span> <span class='ocrx_word' id='word_1_223' title='bbox 1417 3327 1618 3411; x_wconf 82' lang='lat' dir='ltr'><strong>Doxologiam</strong></span> <span class='ocrx_word' id='word_1_224' title='bbox 1642 3328 1781 3403; x_wconf 90' lang='lat' dir='ltr'><strong>brevem,</strong></span> <span class='ocrx_word' id='word_1_225' title='bbox 1812 3344 1899 3406; x_wconf 89' lang='lat' dir='ltr'><strong>quam</strong></span> <span class='ocrx_word' id='word_1_226' title='bbox 1929 3345 1970 3387; x_wconf 93' lang='lat' dir='ltr'><strong>ex</strong></span> 
     </span>
     <span class='ocr_line' id='line_1_23' title="bbox 601 3423 1970 3508; baseline -0.001 -21"><span class='ocrx_word' id='word_1_227' title='bbox 601 3426 693 3488; x_wconf 83' lang='lat' dir='ltr'><strong>Libro</strong></span> <span class='ocrx_word' id='word_1_228' title='bbox 723 3425 881 3488; x_wconf 85' lang='lat' dir='ltr'><strong>Ministerii</strong></span> <span class='ocrx_word' id='word_1_229' title='bbox 909 3426 1064 3489; x_wconf 88' lang='lat' dir='ltr'><strong>Diacouiei</strong></span> <span class='ocrx_word' id='word_1_230' title='bbox 1094 3428 1307 3489; x_wconf 86' lang='lat' dir='ltr'><strong>transtulimus.</strong></span> <span class='ocrx_word' id='word_1_231' title='bbox 1360 3427 1526 3508; x_wconf 91' lang='lat' dir='ltr'><strong>Subjiciunt</strong></span> <span class='ocrx_word' id='word_1_232' title='bbox 1554 3423 1693 3508; x_wconf 91' lang='lat' dir='ltr'><strong>Coptitae</strong></span> <span class='ocrx_word' id='word_1_233' title='bbox 1727 3428 1864 3488; x_wconf 87' lang='lat' dir='ltr'><strong>eximiam</strong></span> <span class='ocrx_word' id='word_1_234' title='bbox 1891 3424 1970 3487; x_wconf 90' lang='lat' dir='ltr'><strong>illam</strong></span> 
     </span>
     <span class='ocr_line' id='line_1_24' title="bbox 602 3524 2128 3607; baseline 0 -21"><span class='ocrx_word' id='word_1_235' title='bbox 602 3524 671 3587; x_wconf 91' lang='lat' dir='ltr'><strong>lidei</strong></span> <span class='ocrx_word' id='word_1_236' title='bbox 695 3524 732 3587; x_wconf 92' lang='lat' dir='ltr'><strong>de</strong></span> <span class='ocrx_word' id='word_1_237' title='bbox 750 3524 936 3587; x_wconf 81' lang='lat' dir='ltr'><strong>Eucharistia</strong></span> <span class='ocrx_word' id='word_1_238' title='bbox 955 3524 1195 3601; x_wconf 78' lang='lat' dir='ltr'><strong>Confessionem,</strong></span> <span class='ocrx_word' id='word_1_239' title='bbox 1218 3526 1256 3589; x_wconf 92' lang='lat' dir='ltr'><strong>de</strong></span> <span class='ocrx_word' id='word_1_240' title='bbox 1279 3544 1338 3607; x_wconf 86' lang='lat' dir='ltr'><strong>qua</strong></span> <span class='ocrx_word' id='word_1_241' title='bbox 1361 3525 1490 3588; x_wconf 88' lang='lat' dir='ltr'><strong>videnda</strong></span> <span class='ocrx_word' id='word_1_242' title='bbox 1506 3534 1585 3604; x_wconf 90' lang='lat' dir='ltr'><strong>sunt,</strong></span> <span class='ocrx_word' id='word_1_243' title='bbox 1610 3544 1687 3606; x_wconf 90' lang='lat' dir='ltr'><strong>quae</strong></span> <span class='ocrx_word' id='word_1_244' title='bbox 1703 3528 1733 3587; x_wconf 93' lang='lat' dir='ltr'><strong>in</strong></span> <span class='ocrx_word' id='word_1_245' title='bbox 1747 3524 1968 3588; x_wconf 86' lang='lat' dir='ltr'><strong>Commentario</strong></span> <span class='ocrx_word' id='word_1_246' title='bbox 2040 3580 2047 3595; x_wconf 85' lang='grc'><em>,</em></span> <span class='ocrx_word' id='word_1_247' title='bbox 2120 3580 2128 3595; x_wconf 84' lang='grc'><strong><em>,</em></strong></span> 
     </span>
     <span class='ocr_line' id='line_1_25' title="bbox 603 3622 1970 3707; baseline 0.001 -22"><span class='ocrx_word' id='word_1_248' title='bbox 603 3623 640 3685; x_wconf 95' lang='lat' dir='ltr'><strong>ad</strong></span> <span class='ocrx_word' id='word_1_249' title='bbox 664 3623 783 3687; x_wconf 90' lang='lat' dir='ltr'><strong>illorum</strong></span> <span class='ocrx_word' id='word_1_250' title='bbox 805 3622 970 3705; x_wconf 77' lang='lat' dir='ltr'><strong>liturgiam</strong></span> <span class='ocrx_word' id='word_1_251' title='bbox 993 3623 1231 3690; x_wconf 87' lang='lat' dir='ltr'><strong>observavimus.</strong></span> <span class='ocrx_word' id='word_1_252' title='bbox 1261 3625 1404 3698; x_wconf 82' lang='lat' dir='ltr'><strong>Quamvis</strong></span> <span class='ocrx_word' id='word_1_253' title='bbox 1427 3627 1505 3686; x_wconf 89' lang='lat' dir='ltr'><strong>enim</strong></span> <span class='ocrx_word' id='word_1_254' title='bbox 1528 3627 1608 3688; x_wconf 92' lang='lat' dir='ltr'><strong>nulla</strong></span> <span class='ocrx_word' id='word_1_255' title='bbox 1631 3624 1781 3707; x_wconf 89' lang='lat' dir='ltr'><strong>prolessio</strong></span> <span class='ocrx_word' id='word_1_256' title='bbox 1803 3625 1873 3687; x_wconf 85' lang='lat' dir='ltr'><strong>fidei</strong></span> <span class='ocrx_word' id='word_1_257' title='bbox 1895 3624 1970 3686; x_wconf 88' lang='lat' dir='ltr'><strong>sim-</strong></span> 
     </span>
     <span class='ocr_line' id='line_1_26' title="bbox 602 3722 1970 3803; baseline -0.001 -19"><span class='ocrx_word' id='word_1_258' title='bbox 602 3722 713 3803; x_wconf 91' lang='lat' dir='ltr'><strong>plicior</strong></span> <span class='ocrx_word' id='word_1_259' title='bbox 735 3730 764 3784; x_wconf 88' lang='lat' dir='ltr'><strong>et</strong></span> <span class='ocrx_word' id='word_1_260' title='bbox 788 3742 804 3784; x_wconf 89' lang='lat' dir='ltr'><strong>a</strong></span> <span class='ocrx_word' id='word_1_261' title='bbox 828 3722 1011 3803; x_wconf 88' lang='lat' dir='ltr'><strong>metaphoris</strong></span> <span class='ocrx_word' id='word_1_262' title='bbox 1027 3725 1171 3787; x_wconf 87' lang='lat' dir='ltr'><strong>remotior</strong></span> <span class='ocrx_word' id='word_1_263' title='bbox 1187 3725 1314 3787; x_wconf 91' lang='lat' dir='ltr'><strong>inveniri</strong></span> <span class='ocrx_word' id='word_1_264' title='bbox 1336 3736 1435 3803; x_wconf 90' lang='lat' dir='ltr'><strong>queat,</strong></span> <span class='ocrx_word' id='word_1_265' title='bbox 1459 3728 1489 3788; x_wconf 90' lang='lat' dir='ltr'><strong>in</strong></span> <span class='ocrx_word' id='word_1_266' title='bbox 1507 3725 1642 3803; x_wconf 88' lang='lat' dir='ltr'><strong>Graecis,</strong></span> <span class='ocrx_word' id='word_1_267' title='bbox 1658 3724 1770 3786; x_wconf 85' lang='lat' dir='ltr'><strong>Latinis</strong></span> <span class='ocrx_word' id='word_1_268' title='bbox 1792 3723 1841 3785; x_wconf 89' lang='lat' dir='ltr'><strong>vel</strong></span> <span class='ocrx_word' id='word_1_269' title='bbox 1857 3722 1970 3785; x_wconf 88' lang='lat' dir='ltr'><strong>Orien-</strong></span> 
     </span>
     <span class='ocr_line' id='line_1_27' title="bbox 603 3820 1970 3903; baseline -0.003 -19"><span class='ocrx_word' id='word_1_270' title='bbox 603 3821 711 3885; x_wconf 89' lang='lat' dir='ltr'><strong>talibus</strong></span> <span class='ocrx_word' id='word_1_271' title='bbox 719 3820 840 3899; x_wconf 74' lang='lat' dir='ltr'><strong>obtatis,</strong></span> <span class='ocrx_word' id='word_1_272' title='bbox 863 3839 923 3884; x_wconf 93' lang='lat' dir='ltr'><strong>non</strong></span> <span class='ocrx_word' id='word_1_273' title='bbox 946 3830 1044 3884; x_wconf 89' lang='lat' dir='ltr'><strong>tamen</strong></span> <span class='ocrx_word' id='word_1_274' title='bbox 1068 3824 1271 3903; x_wconf 89' lang='lat' dir='ltr'><strong>antiquissima</strong></span> <span class='ocrx_word' id='word_1_275' title='bbox 1288 3832 1346 3900; x_wconf 88' lang='lat' dir='ltr'><strong>est,</strong></span> <span class='ocrx_word' id='word_1_276' title='bbox 1369 3831 1401 3885; x_wconf 90' lang='lat' dir='ltr'><strong>ut</strong></span> <span class='ocrx_word' id='word_1_277' title='bbox 1416 3841 1471 3885; x_wconf 88' lang='lat' dir='ltr'><strong>suo</strong></span> <span class='ocrx_word' id='word_1_278' title='bbox 1483 3824 1552 3887; x_wconf 89' lang='lat' dir='ltr'><strong>loeo</strong></span> <span class='ocrx_word' id='word_1_279' title='bbox 1568 3825 1743 3899; x_wconf 91' lang='lat' dir='ltr'><strong>monuimus,</strong></span> <span class='ocrx_word' id='word_1_280' title='bbox 1766 3841 1833 3883; x_wconf 90' lang='lat' dir='ltr'><strong>cum</strong></span> <span class='ocrx_word' id='word_1_281' title='bbox 1847 3828 1970 3902; x_wconf 90' lang='lat' dir='ltr'><strong>praeter</strong></span> 
     </span>
     <span class='ocr_line' id='line_1_28' title="bbox 603 3906 1969 4003; baseline -0.002 -22"><span class='ocrx_word' id='word_1_282' title='bbox 603 3919 836 3999; x_wconf 79' lang='lat' dir='ltr'><strong>confessionem,</strong></span> <span class='ocrx_word' id='word_1_283' title='bbox 859 3938 937 4001; x_wconf 91' lang='lat' dir='ltr'><strong>quae</strong></span> <span class='ocrx_word' id='word_1_284' title='bbox 959 3906 1069 3982; x_wconf 65' lang='lat' dir='ltr'><strong>veram&#39;</strong></span> <span class='ocrx_word' id='word_1_285' title='bbox 1087 3924 1224 4003; x_wconf 87' lang='lat' dir='ltr'><strong>corporis</strong></span> <span class='ocrx_word' id='word_1_286' title='bbox 1248 3930 1278 3984; x_wconf 91' lang='lat' dir='ltr'><strong>et</strong></span> <span class='ocrx_word' id='word_1_287' title='bbox 1301 3923 1456 4003; x_wconf 77' lang='lat' dir='ltr'><strong>sanguinis</strong></span> <span class='ocrx_word' id='word_1_288' title='bbox 1471 3922 1579 3984; x_wconf 89' lang='lat' dir='ltr'><strong>Christi</strong></span> <span class='ocrx_word' id='word_1_289' title='bbox 1596 3923 1795 4002; x_wconf 91' lang='lat' dir='ltr'><strong>praesentiam</strong></span> <span class='ocrx_word' id='word_1_290' title='bbox 1809 3917 1969 4001; x_wconf 83' lang='lat' dir='ltr'><strong>significat,</strong></span> 
     </span>
     <span class='ocr_line' id='line_1_29' title="bbox 602 4016 1970 4102; baseline -0.002 -22"><span class='ocrx_word' id='word_1_291' title='bbox 602 4018 701 4081; x_wconf 87' lang='lat' dir='ltr'><strong>addita</strong></span> <span class='ocrx_word' id='word_1_292' title='bbox 724 4020 783 4081; x_wconf 94' lang='lat' dir='ltr'><strong>sint</strong></span> <span class='ocrx_word' id='word_1_293' title='bbox 804 4020 947 4083; x_wconf 91' lang='lat' dir='ltr'><strong>nonnulla</strong></span> <span class='ocrx_word' id='word_1_294' title='bbox 969 4038 1047 4101; x_wconf 92' lang='lat' dir='ltr'><strong>quae</strong></span> <span class='ocrx_word' id='word_1_295' title='bbox 1068 4021 1346 4102; x_wconf 79' lang='lat' dir='ltr'><strong>Monopbysitarum</strong></span> <span class='ocrx_word' id='word_1_296' title='bbox 1369 4022 1534 4083; x_wconf 89' lang='lat' dir='ltr'><strong>doctrinam</strong></span> <span class='ocrx_word' id='word_1_297' title='bbox 1557 4022 1720 4098; x_wconf 91' lang='lat' dir='ltr'><strong>continent,</strong></span> <span class='ocrx_word' id='word_1_298' title='bbox 1747 4036 1805 4099; x_wconf 94' lang='lat' dir='ltr'><strong>qua</strong></span> <span class='ocrx_word' id='word_1_299' title='bbox 1827 4016 1892 4080; x_wconf 91' lang='lat' dir='ltr'><strong>sola</strong></span> <span class='ocrx_word' id='word_1_300' title='bbox 1915 4034 1970 4077; x_wconf 91' lang='lat' dir='ltr'><strong>ra-</strong></span> 
     </span>
     <span class='ocr_line' id='line_1_30' title="bbox 602 4115 1969 4202; baseline -0.003 -24"><span class='ocrx_word' id='word_1_301' title='bbox 602 4120 684 4180; x_wconf 89' lang='lat' dir='ltr'><strong>tione</strong></span> <span class='ocrx_word' id='word_1_302' title='bbox 706 4120 825 4181; x_wconf 88' lang='lat' dir='ltr'><strong>novitas</strong></span> <span class='ocrx_word' id='word_1_303' title='bbox 848 4135 952 4182; x_wconf 83' lang='lat' dir='ltr'><strong>eomm</strong></span> <span class='ocrx_word' id='word_1_304' title='bbox 975 4117 1221 4200; x_wconf 91' lang='lat' dir='ltr'><strong>deprehenditur,</strong></span> <span class='ocrx_word' id='word_1_305' title='bbox 1244 4122 1330 4201; x_wconf 86' lang='lat' dir='ltr'><strong>cujus</strong></span> <span class='ocrx_word' id='word_1_306' title='bbox 1353 4120 1499 4200; x_wconf 79' lang='lat' dir='ltr'><strong>originem</strong></span> <span class='ocrx_word' id='word_1_307' title='bbox 1523 4119 1754 4202; x_wconf 84' lang='lat' dir='ltr'><strong>designavimus.</strong></span> <span class='ocrx_word' id='word_1_308' title='bbox 1784 4115 1871 4189; x_wconf 81' lang='lat' dir='ltr'><strong>Quod</strong></span> <span class='ocrx_word' id='word_1_309' title='bbox 1894 4130 1969 4175; x_wconf 88' lang='lat' dir='ltr'><strong>vero</strong></span> 
     </span>
     <span class='ocr_line' id='line_1_31' title="bbox 602 4213 1968 4298; baseline -0.001 -22"><span class='ocrx_word' id='word_1_310' title='bbox 602 4215 640 4277; x_wconf 90' lang='lat' dir='ltr'><strong>ad</strong></span> <span class='ocrx_word' id='word_1_311' title='bbox 669 4216 867 4296; x_wconf 89' lang='lat' dir='ltr'><strong>profitendam</strong></span> <span class='ocrx_word' id='word_1_312' title='bbox 895 4217 1102 4281; x_wconf 89' lang='lat' dir='ltr'><strong>Eucharistiae</strong></span> <span class='ocrx_word' id='word_1_313' title='bbox 1132 4218 1220 4281; x_wconf 90' lang='lat' dir='ltr'><strong>tidem</strong></span> <span class='ocrx_word' id='word_1_314' title='bbox 1250 4226 1385 4298; x_wconf 86' lang='lat' dir='ltr'><strong>spectat,</strong></span> <span class='ocrx_word' id='word_1_315' title='bbox 1408 4222 1529 4298; x_wconf 89' lang='lat' dir='ltr'><strong>antiqua</strong></span> <span class='ocrx_word' id='word_1_316' title='bbox 1552 4219 1672 4280; x_wconf 90' lang='lat' dir='ltr'><strong>omniuo</strong></span> <span class='ocrx_word' id='word_1_317' title='bbox 1696 4226 1759 4295; x_wconf 91' lang='lat' dir='ltr'><strong>est,</strong></span> <span class='ocrx_word' id='word_1_318' title='bbox 1788 4234 1888 4296; x_wconf 90' lang='lat' dir='ltr'><strong>neque</strong></span> <span class='ocrx_word' id='word_1_319' title='bbox 1910 4213 1968 4275; x_wconf 89' lang='lat' dir='ltr'><strong>alia</strong></span> 
     </span>
     <span class='ocr_line' id='line_1_32' title="bbox 603 4315 1968 4397; baseline -0.003 -21"><span class='ocrx_word' id='word_1_320' title='bbox 603 4330 620 4375; x_wconf 89' lang='lat' dir='ltr'><strong>a</strong></span> <span class='ocrx_word' id='word_1_321' title='bbox 643 4315 769 4396; x_wconf 90' lang='lat' dir='ltr'><strong>simplici</strong></span> <span class='ocrx_word' id='word_1_322' title='bbox 791 4316 842 4379; x_wconf 88' lang='lat' dir='ltr'><strong>illa</strong></span> <span class='ocrx_word' id='word_1_323' title='bbox 866 4323 897 4380; x_wconf 94' lang='lat' dir='ltr'><strong>et</strong></span> <span class='ocrx_word' id='word_1_324' title='bbox 918 4317 1121 4380; x_wconf 89' lang='lat' dir='ltr'><strong>vetustissima</strong></span> <span class='ocrx_word' id='word_1_325' title='bbox 1144 4316 1287 4395; x_wconf 84' lang='lat' dir='ltr'><strong>formula,</strong></span> <span class='ocrx_word' id='word_1_326' title='bbox 1317 4334 1375 4397; x_wconf 90' lang='lat' dir='ltr'><strong>qua</strong></span> <span class='ocrx_word' id='word_1_327' title='bbox 1404 4316 1509 4378; x_wconf 87' lang='lat' dir='ltr'><strong>lideles</strong></span> <span class='ocrx_word' id='word_1_328' title='bbox 1530 4315 1746 4378; x_wconf 88' lang='lat' dir='ltr'><strong>Eucharistiam</strong></span> <span class='ocrx_word' id='word_1_329' title='bbox 1769 4315 1968 4394; x_wconf 87' lang='lat' dir='ltr'><strong>suscipientes</strong></span> 
     </span>
     <span class='ocr_line' id='line_1_33' title="bbox 601 4408 1968 4496; baseline -0.001 -23"><span class='ocrx_word' id='word_1_330' title='bbox 601 4408 772 4479; x_wconf 74' lang='lat' dir='ltr'><strong>utebantur.</strong></span> <span class='ocrx_word' id='word_1_331' title='bbox 796 4414 914 4496; x_wconf 76' lang='lat' dir='ltr'><strong>Corpus</strong></span> <span class='ocrx_word' id='word_1_332' title='bbox 928 4411 1058 4479; x_wconf 72' lang='lat' dir='ltr'><strong>&#39;Christi</strong></span> <span class='ocrx_word' id='word_1_333' title='bbox 1081 4414 1184 4479; x_wconf 81' lang='lat' dir='ltr'><strong>Amen.</strong></span> <span class='ocrx_word' id='word_1_334' title='bbox 1221 4415 1281 4477; x_wconf 89' lang='lat' dir='ltr'><strong>lllis</strong></span> <span class='ocrx_word' id='word_1_335' title='bbox 1305 4414 1383 4477; x_wconf 88' lang='lat' dir='ltr'><strong>enim</strong></span> <span class='ocrx_word' id='word_1_336' title='bbox 1406 4415 1501 4476; x_wconf 92' lang='lat' dir='ltr'><strong>trihus</strong></span> <span class='ocrx_word' id='word_1_337' title='bbox 1523 4414 1626 4476; x_wconf 85' lang='lat' dir='ltr'><strong>verbis</strong></span> <span class='ocrx_word' id='word_1_338' title='bbox 1649 4413 1727 4476; x_wconf 90' lang='lat' dir='ltr'><strong>idem</strong></span> <span class='ocrx_word' id='word_1_339' title='bbox 1749 4410 1968 4494; x_wconf 83' lang='lat' dir='ltr'><strong>intelligebant,</strong></span> 
     </span>
     <span class='ocr_line' id='line_1_34' title="bbox 601 4511 1968 4594; baseline -0.001 -21"><span class='ocrx_word' id='word_1_340' title='bbox 601 4511 682 4590; x_wconf 89' lang='lat' dir='ltr'><strong>quod</strong></span> <span class='ocrx_word' id='word_1_341' title='bbox 705 4519 812 4593; x_wconf 89' lang='lat' dir='ltr'><strong>postea</strong></span> <span class='ocrx_word' id='word_1_342' title='bbox 833 4514 969 4594; x_wconf 86' lang='lat' dir='ltr'><strong>pluribus</strong></span> <span class='ocrx_word' id='word_1_343' title='bbox 993 4513 1173 4593; x_wconf 86' lang='lat' dir='ltr'><strong>explicatam</strong></span> <span class='ocrx_word' id='word_1_344' title='bbox 1202 4513 1265 4577; x_wconf 87' lang='lat' dir='ltr'><strong>luit.</strong></span> <span class='ocrx_word' id='word_1_345' title='bbox 1319 4513 1437 4593; x_wconf 73' lang='lat' dir='ltr'><strong>Corpus</strong></span> <span class='ocrx_word' id='word_1_346' title='bbox 1465 4522 1616 4589; x_wconf 83' lang='lat' dir='ltr'><strong>sanctam,</strong></span> <span class='ocrx_word' id='word_1_347' title='bbox 1642 4516 1824 4592; x_wconf 79' lang='lat' dir='ltr'><strong>pretiosam,</strong></span> <span class='ocrx_word' id='word_1_348' title='bbox 1855 4529 1968 4584; x_wconf 84' lang='lat' dir='ltr'><strong>oerum,</strong></span> 
     </span>
     <span class='ocr_line' id='line_1_35' title="bbox 600 4606 1968 4694; baseline -0.005 -21"><span class='ocrx_word' id='word_1_349' title='bbox 600 4609 805 4675; x_wconf 78' lang='lat' dir='ltr'><strong>Ernmanuelis</strong></span> <span class='ocrx_word' id='word_1_350' title='bbox 824 4614 886 4692; x_wconf 73' lang='lat' dir='ltr'><strong>filii</strong></span> <span class='ocrx_word' id='word_1_351' title='bbox 904 4613 964 4674; x_wconf 84' lang='lat' dir='ltr'><strong>Dei</strong></span> <span class='ocrx_word' id='word_1_352' title='bbox 983 4614 1042 4675; x_wconf 86' lang='lat' dir='ltr'><strong>boc</strong></span> <span class='ocrx_word' id='word_1_353' title='bbox 1063 4621 1110 4675; x_wconf 83' lang='lat' dir='ltr'><strong>est</strong></span> <span class='ocrx_word' id='word_1_354' title='bbox 1129 4633 1209 4677; x_wconf 84' lang='lat' dir='ltr'><strong>aere.</strong></span> <span class='ocrx_word' id='word_1_355' title='bbox 1233 4613 1340 4678; x_wconf 81' lang='lat' dir='ltr'><strong>Amen.</strong></span> <span class='ocrx_word' id='word_1_356' title='bbox 1371 4613 1503 4694; x_wconf 60' lang='lat' dir='ltr'><strong>Sanprtasss</strong></span> <span class='ocrx_word' id='word_1_357' title='bbox 1520 4615 1676 4691; x_wconf 65' lang='lat' dir='ltr'><strong>metiente</strong></span> <span class='ocrx_word' id='word_1_358' title='bbox 1692 4630 1793 4687; x_wconf 73' lang='lat' dir='ltr'><strong>verra,</strong></span> <span class='ocrx_word' id='word_1_359' title='bbox 1815 4618 1870 4671; x_wconf 84' lang='lat' dir='ltr'><strong>ete.</strong></span> <span class='ocrx_word' id='word_1_360' title='bbox 1893 4606 1968 4668; x_wconf 87' lang='lat' dir='ltr'><strong>Nam</strong></span> 
     </span>
     <span class='ocr_line' id='line_1_36' title="bbox 601 4706 1967 4792; baseline -0.004 -21"><span class='ocrx_word' id='word_1_361' title='bbox 601 4727 668 4771; x_wconf 90' lang='lat' dir='ltr'><strong>cum</strong></span> <span class='ocrx_word' id='word_1_362' title='bbox 691 4709 766 4773; x_wconf 92' lang='lat' dir='ltr'><strong>haec</strong></span> <span class='ocrx_word' id='word_1_363' title='bbox 787 4709 881 4773; x_wconf 83' lang='lat' dir='ltr'><strong>verba</strong></span> <span class='ocrx_word' id='word_1_364' title='bbox 904 4710 1022 4773; x_wconf 88' lang='lat' dir='ltr'><strong>Graece</strong></span> <span class='ocrx_word' id='word_1_365' title='bbox 1045 4712 1203 4774; x_wconf 89' lang='lat' dir='ltr'><strong>etiamnum</strong></span> <span class='ocrx_word' id='word_1_366' title='bbox 1227 4712 1364 4774; x_wconf 91' lang='lat' dir='ltr'><strong>dicantur</strong></span> <span class='ocrx_word' id='word_1_367' title='bbox 1392 4711 1471 4792; x_wconf 88' lang='lat' dir='ltr'><strong>apud</strong></span> <span class='ocrx_word' id='word_1_368' title='bbox 1495 4710 1647 4791; x_wconf 83' lang='lat' dir='ltr'><strong>Coptitas3</strong></span> <span class='ocrx_word' id='word_1_369' title='bbox 1677 4709 1858 4791; x_wconf 86' lang='lat' dir='ltr'><strong>antiquitatis</strong></span> <span class='ocrx_word' id='word_1_370' title='bbox 1889 4706 1967 4767; x_wconf 92' lang='lat' dir='ltr'><strong>ultra</strong></span> 
     </span>
     <span class='ocr_line' id='line_1_37' title="bbox 600 4806 1968 4892; baseline -0.004 -22"><span class='ocrx_word' id='word_1_371' title='bbox 600 4806 819 4872; x_wconf 88' lang='lat' dir='ltr'><strong>bluhamedana</strong></span> <span class='ocrx_word' id='word_1_372' title='bbox 840 4818 987 4891; x_wconf 88' lang='lat' dir='ltr'><strong>tempora,</strong></span> <span class='ocrx_word' id='word_1_373' title='bbox 1009 4809 1086 4873; x_wconf 87' lang='lat' dir='ltr'><strong>haee</strong></span> <span class='ocrx_word' id='word_1_374' title='bbox 1107 4818 1180 4873; x_wconf 88' lang='lat' dir='ltr'><strong>nota</strong></span> <span class='ocrx_word' id='word_1_375' title='bbox 1202 4818 1284 4873; x_wconf 90' lang='lat' dir='ltr'><strong>certa</strong></span> <span class='ocrx_word' id='word_1_376' title='bbox 1309 4820 1366 4873; x_wconf 90' lang='lat' dir='ltr'><strong>est.</strong></span> <span class='ocrx_word' id='word_1_377' title='bbox 1398 4812 1467 4892; x_wconf 82' lang='lat' dir='ltr'><strong>Syri</strong></span> <span class='ocrx_word' id='word_1_378' title='bbox 1482 4827 1499 4872; x_wconf 90' lang='lat' dir='ltr'><strong>a</strong></span> <span class='ocrx_word' id='word_1_379' title='bbox 1517 4811 1706 4891; x_wconf 90' lang='lat' dir='ltr'><strong>simplicitate</strong></span> <span class='ocrx_word' id='word_1_380' title='bbox 1728 4825 1788 4871; x_wconf 92' lang='lat' dir='ltr'><strong>non</strong></span> <span class='ocrx_word' id='word_1_381' title='bbox 1812 4806 1968 4871; x_wconf 87' lang='lat' dir='ltr'><strong>discesse-</strong></span> 
     </span>
     <span class='ocr_line' id='line_1_38' title="bbox 600 4909 1967 4991; baseline -0.002 -24"><span class='ocrx_word' id='word_1_382' title='bbox 600 4915 681 4985; x_wconf 89' lang='lat' dir='ltr'><strong>runt,</strong></span> <span class='ocrx_word' id='word_1_383' title='bbox 704 4924 805 4988; x_wconf 88' lang='lat' dir='ltr'><strong>neque</strong></span> <span class='ocrx_word' id='word_1_384' title='bbox 826 4910 922 4972; x_wconf 88' lang='lat' dir='ltr'><strong>minus</strong></span> <span class='ocrx_word' id='word_1_385' title='bbox 945 4917 1043 4971; x_wconf 87' lang='lat' dir='ltr'><strong>tamen</strong></span> <span class='ocrx_word' id='word_1_386' title='bbox 1065 4909 1222 4989; x_wconf 89' lang='lat' dir='ltr'><strong>praeclara</strong></span> <span class='ocrx_word' id='word_1_387' title='bbox 1252 4912 1282 4973; x_wconf 92' lang='lat' dir='ltr'><strong>in</strong></span> <span class='ocrx_word' id='word_1_388' title='bbox 1306 4911 1491 4991; x_wconf 84' lang='lat' dir='ltr'><strong>orationihus</strong></span> <span class='ocrx_word' id='word_1_389' title='bbox 1516 4916 1585 4971; x_wconf 88' lang='lat' dir='ltr'><strong>ante</strong></span> <span class='ocrx_word' id='word_1_390' title='bbox 1608 4916 1731 4990; x_wconf 90' lang='lat' dir='ltr'><strong>etpost</strong></span> <span class='ocrx_word' id='word_1_391' title='bbox 1753 4909 1967 4971; x_wconf 85' lang='lat' dir='ltr'><strong>Sacramentu-</strong></span> 
     </span>
     <span class='ocr_line' id='line_1_39' title="bbox 600 4989 1966 5089; baseline -0.003 -22"><span class='ocrx_word' id='word_1_392' title='bbox 600 4989 667 5067; x_wconf 81' lang='lat' dir='ltr'><strong>rum</strong></span> <span class='ocrx_word' id='word_1_393' title='bbox 688 5008 926 5087; x_wconf 88' lang='lat' dir='ltr'><strong>perceptionem,</strong></span> <span class='ocrx_word' id='word_1_394' title='bbox 952 5006 1086 5089; x_wconf 88' lang='lat' dir='ltr'><strong>ejusdem</strong></span> <span class='ocrx_word' id='word_1_395' title='bbox 1108 5007 1178 5070; x_wconf 89' lang='lat' dir='ltr'><strong>fidei</strong></span> <span class='ocrx_word' id='word_1_396' title='bbox 1207 5010 1373 5073; x_wconf 90' lang='lat' dir='ltr'><strong>testimonia</strong></span> <span class='ocrx_word' id='word_1_397' title='bbox 1396 5013 1425 5072; x_wconf 92' lang='lat' dir='ltr'><strong>in</strong></span> <span class='ocrx_word' id='word_1_398' title='bbox 1449 5008 1632 5071; x_wconf 91' lang='lat' dir='ltr'><strong>orationihus</strong></span> <span class='ocrx_word' id='word_1_399' title='bbox 1654 5009 1767 5088; x_wconf 90' lang='lat' dir='ltr'><strong>passim</strong></span> <span class='ocrx_word' id='word_1_400' title='bbox 1790 5009 1966 5068; x_wconf 87' lang='lat' dir='ltr'><strong>occurrunt:</strong></span> 
     </span>
     <span class='ocr_line' id='line_1_40' title="bbox 600 5103 1967 5190; baseline -0.001 -25"><span class='ocrx_word' id='word_1_401' title='bbox 600 5111 734 5185; x_wconf 88' lang='lat' dir='ltr'><strong>atquae</strong></span> <span class='ocrx_word' id='word_1_402' title='bbox 757 5113 861 5167; x_wconf 82' lang='lat' dir='ltr'><strong>extant</strong></span> <span class='ocrx_word' id='word_1_403' title='bbox 883 5108 911 5168; x_wconf 94' lang='lat' dir='ltr'><strong>in</strong></span> <span class='ocrx_word' id='word_1_404' title='bbox 936 5105 1047 5169; x_wconf 83' lang='lat' dir='ltr'><strong>Codice</strong></span> <span class='ocrx_word' id='word_1_405' title='bbox 1071 5105 1257 5187; x_wconf 87' lang='lat' dir='ltr'><strong>Colbertino,</strong></span> <span class='ocrx_word' id='word_1_406' title='bbox 1281 5116 1312 5170; x_wconf 88' lang='lat' dir='ltr'><strong>et</strong></span> <span class='ocrx_word' id='word_1_407' title='bbox 1334 5111 1363 5171; x_wconf 90' lang='lat' dir='ltr'><strong>in</strong></span> <span class='ocrx_word' id='word_1_408' title='bbox 1386 5108 1437 5172; x_wconf 88' lang='lat' dir='ltr'><strong>illo</strong></span> <span class='ocrx_word' id='word_1_409' title='bbox 1460 5126 1548 5190; x_wconf 91' lang='lat' dir='ltr'><strong>quern</strong></span> <span class='ocrx_word' id='word_1_410' title='bbox 1563 5114 1686 5169; x_wconf 88' lang='lat' dir='ltr'><strong>secutus</strong></span> <span class='ocrx_word' id='word_1_411' title='bbox 1709 5113 1756 5169; x_wconf 91' lang='lat' dir='ltr'><strong>est</strong></span> <span class='ocrx_word' id='word_1_412' title='bbox 1770 5103 1967 5177; x_wconf 90' lang='lat' dir='ltr'><strong>Boderianus,</strong></span> 
     </span>
     <span class='ocr_line' id='line_1_41' title="bbox 600 5202 1967 5289; baseline 0.001 -26"><span class='ocrx_word' id='word_1_413' title='bbox 600 5210 726 5282; x_wconf 87' lang='lat' dir='ltr'><strong>praeter</strong></span> <span class='ocrx_word' id='word_1_414' title='bbox 748 5204 822 5267; x_wconf 91' lang='lat' dir='ltr'><strong>alias</strong></span> <span class='ocrx_word' id='word_1_415' title='bbox 845 5223 923 5286; x_wconf 87' lang='lat' dir='ltr'><strong>quae</strong></span> <span class='ocrx_word' id='word_1_416' title='bbox 945 5206 1090 5289; x_wconf 81' lang='lat' dir='ltr'><strong>leguntur</strong></span> <span class='ocrx_word' id='word_1_417' title='bbox 1111 5204 1142 5267; x_wconf 94' lang='lat' dir='ltr'><strong>in</strong></span> <span class='ocrx_word' id='word_1_418' title='bbox 1163 5207 1256 5268; x_wconf 85' lang='lat' dir='ltr'><strong>variis</strong></span> <span class='ocrx_word' id='word_1_419' title='bbox 1287 5209 1417 5288; x_wconf 89' lang='lat' dir='ltr'><strong>optimae</strong></span> <span class='ocrx_word' id='word_1_420' title='bbox 1438 5216 1529 5270; x_wconf 90' lang='lat' dir='ltr'><strong>notae</strong></span> <span class='ocrx_word' id='word_1_421' title='bbox 1551 5205 1624 5269; x_wconf 85' lang='lat' dir='ltr'><strong>llss.</strong></span> <span class='ocrx_word' id='word_1_422' title='bbox 1669 5204 1776 5285; x_wconf 88' lang='lat' dir='ltr'><strong>Neque</strong></span> <span class='ocrx_word' id='word_1_423' title='bbox 1804 5202 1835 5265; x_wconf 93' lang='lat' dir='ltr'><strong>id</strong></span> <span class='ocrx_word' id='word_1_424' title='bbox 1856 5202 1967 5265; x_wconf 85' lang='lat' dir='ltr'><strong>laetum</strong></span> 
     </span>
     <span class='ocr_line' id='line_1_42' title="bbox 600 5301 1969 5385; baseline -0.001 -23"><span class='ocrx_word' id='word_1_425' title='bbox 600 5301 667 5363; x_wconf 89' lang='lat' dir='ltr'><strong>siue</strong></span> <span class='ocrx_word' id='word_1_426' title='bbox 690 5303 848 5384; x_wconf 88' lang='lat' dir='ltr'><strong>exemplo,</strong></span> <span class='ocrx_word' id='word_1_427' title='bbox 879 5320 946 5366; x_wconf 86' lang='lat' dir='ltr'><strong>cam</strong></span> <span class='ocrx_word' id='word_1_428' title='bbox 975 5302 1082 5367; x_wconf 79' lang='lat' dir='ltr'><strong>Graeci</strong></span> <span class='ocrx_word' id='word_1_429' title='bbox 1112 5305 1223 5367; x_wconf 88' lang='lat' dir='ltr'><strong>similes</strong></span> <span class='ocrx_word' id='word_1_430' title='bbox 1253 5306 1407 5369; x_wconf 88' lang='lat' dir='ltr'><strong>orationes</strong></span> <span class='ocrx_word' id='word_1_431' title='bbox 1437 5307 1500 5369; x_wconf 90' lang='lat' dir='ltr'><strong>suis</strong></span> <span class='ocrx_word' id='word_1_432' title='bbox 1529 5304 1672 5385; x_wconf 81' lang='lat' dir='ltr'><strong>biturgiis</strong></span> <span class='ocrx_word' id='word_1_433' title='bbox 1703 5302 1908 5384; x_wconf 83' lang='lat' dir='ltr'><strong>adjunxerint:</strong></span> <span class='ocrx_word' id='word_1_434' title='bbox 1937 5306 1969 5361; x_wconf 92' lang='lat' dir='ltr'><strong>et</strong></span> 
     </span>
    </p>
   </div>
   <div class='ocr_carea' id='block_1_6' title="bbox 1688 5419 1761 5496">
    <p class='ocr_par' dir='ltr' id='par_1_6' title="bbox 1688 5419 1761 5496">
     <span class='ocr_line' id='line_1_43' title="bbox 1688 5419 1761 5496; baseline 0.041 -3"><span class='ocrx_word' id='word_1_435' title='bbox 1688 5419 1761 5496; x_wconf 79' lang='lat'><strong>18*</strong></span> 
     </span>
    </p>
   </div>
   <div class='ocr_carea' id='block_1_7' title="bbox 0 0 2580 6534">
    <p class='ocr_par' dir='ltr' id='par_1_7' title="bbox 0 0 2580 6534">
     <span class='ocr_line' id='line_1_44' title="bbox 0 0 2580 6534; baseline 0 1"><span class='ocrx_word' id='word_1_436' title='bbox 0 0 2580 6534; x_wconf 95' lang='lat' dir='ltr'><strong> </strong></span> 
     </span>
    </p>
   </div>
  </div>
 </body>
</html>
