5150 6534
740 835 814 909 596
1310 838 1540 917 NOTAE

739 1018 953 1085 catechumeni
982 1023 1154 1104 publioique
1183 1023 1391 1103 poenitentes,
1424 1026 1552 1088 statione
1581 1035 1613 1088 ιιι
1635 1028 1797 1109 antiquitus
1828 1045 1887 1091 non
1915 1028 2110 1110 distinguun-

737 1128 804 1199 tur,
843 1122 920 1200 qun'e
951 1124 1079 1206 vestigia
1111 1123 1197 1204 hujus
1228 1125 1454 1186 consuetudinis
1490 1135 1655 1206 supersunt
1685 1128 1714 1189 in
1744 1127 1906 1190 Codicibus
1934 1128 2109 1210 hitorpius,

738 1227 788 1281 aut
810 1221 841 1280 in
863 1219 1020 1284 llitualiam
1043 1221 1275 1302 interpretibus,
1299 1241 1336 1284 ea
1366 1231 1527 1285 servantur
1556 1225 1594 1287 ad
1622 1228 1805 1307 antiquitatis
1836 1228 2024 1305 memoriam,
2053 1227 2111 1290 sed

743 1337 829 1380 usum
850 1338 911 1382 non
934 1321 1063 1399 babent,
1093 1329 1126 1382 ut
1154 1321 1329 1383 observavit
1356 1321 1466 1384 dudam
1493 1323 1627 1386 lacobus
1654 1325 1841 1389 Edessenus.
1891 1326 1998 1406 Neque
2031 1328 2111 1388 euim

736 1419 898 1482 infidelium
930 1421 1118 1484 dominorum
1157 1422 1292 1502 tyrannis
1320 1423 1447 1502 patitur,
1484 1430 1516 1484 ut
1546 1422 1621 1485 hacc
1650 1425 1747 1486 omnia
1777 1425 1875 1487 locum
1905 1425 2050 1500 habeant,
2079 1427 2111 1487 in

738 1518 939 1583 Orientalibus
961 1521 1117 1585 Eccleslis.

935 1783 971 1851 7.
1013 1783 1141 1874 Incipit
1166 1780 1343 1852 Sacerdos
1373 1783 1641 1874 Responaoriurn
1666 1788 1911 1876 atpateriorurn.

847 1973 1005 2050 lnrsunror
1028 1984 1118 2047 debet
1132 1984 1236 2049 Oratio
1251 1986 1454 2066 subsequens,
1479 2005 1495 2046 a
1511 2006 1569 2067 qua
1584 1986 1687 2067 incipit
1698 1985 1861 2068 Arraphora
1872 1989 1996 2069 proprio
2018 1988 2107 2068 diota,

735 2109 794 2152 seu
815 2096 847 2151 ut
870 2090 992 2168 antiquo
1015 2106 1099 2151 moro
1122 2088 1293 2169 loquamur,
1323 2088 1418 2150 Missa
1447 2092 1609 2152 Fideliorn:
1641 2092 1688 2152 cui
1716 2099 1816 2152 tauron
1843 2110 1903 2154 non
1926 2092 2107 2155 adscribitur

735 2189 807 2253 illud
830 2189 1082 2268 Responsorium,
1116 2204 1175 2266 quo
1207 2188 1331 2249 intentio
1354 2189 1493 2251 sacrificii
1521 2189 1668 2251 offerendi
1690 2189 1854 2251 secundum
1878 2190 1989 2253 Christi
2011 2210 2106 2272 prae-

736 2296 856 2370 ceptum
880 2288 1067 2367 exprimitur,
1091 2288 1159 2367 quia
1184 2305 1342 2349 commune
1365 2295 1411 2347 est
1434 2288 1498 2350 aliis
1522 2289 1674 2369 Liturgiis.
1708 2288 1878 2351 Inleruntur
1900 2298 1997 2352 autem
2020 2292 2106 2371 panis

736 2398 767 2451 ct
788 2388 865 2449 calix
888 2405 905 2446 a
928 2385 1091 2449 Saeellario
1114 2394 1144 2447 et
1166 2386 1317 2463 Diacono,
1342 2393 1373 2446 et
1395 2403 1488 2465 super
1511 2388 1604 2449 altare
1628 2387 1827 2450 collocantur:
1849 2408 1887 2450 an
1906 2408 1980 2451 vero
2004 2391 2032 2452 id
2056 2390 2107 2453 [iat

736 2488 841 2550 eadem
865 2504 985 2567 pompa,
1010 2504 1068 2565 qua
1091 2504 1217 2567 magnus
1241 2486 1395 2563 Introitus,
1419 2505 1436 2546 a
1460 2487 1595 2563 Graecis,
1618 2487 1780 2567 Aegyptiis
1804 2496 1835 2548 et
1858 2488 1939 2563 aliis,
1962 2491 2106 2569 ignorare

735 2605 792 2650 nos
815 2587 916 2648 sinunt
938 2585 1059 2646 codices
1087 2586 1299 2665 manuscripti,
1329 2587 1380 2665 qni
1412 2586 1450 2647 dc
1480 2604 1516 2647 ea
1545 2585 2001 2665 nihilomninopraescribunt.
2046 2589 2106 2651 Sed

734 2706 834 2769 neque
857 2706 897 2748 ex
919 2684 1137 2764 Diamperanac
1160 2684 1274 2764 Synodi
1297 2684 1436 2745 Decretis
1460 2685 1606 2767 colligere
1631 2684 1710 2762 licet,
1734 2703 1928 2765 suppressam
1951 2686 2045 2750 fuisse
2067 2689 2105 2751 ab

734 2787 843 2851 Alexio
860 2786 997 2847 blenesio
1013 2784 1090 2845 hanc
1113 2783 1369 2860 consuetudinem,
1394 2783 1431 2845 de
1456 2802 1514 2864 qua
1537 2784 1616 2846 torte
1639 2802 1698 2845 non
1722 2784 1810 2846 aliter
1827 2785 1994 2865 judicasset
2016 2806 2104 2868 quam

733 2894 778 2950 tot
801 2885 964 2967 theologi,
989 2886 1039 2964 qui
1062 2902 1127 2946 eam
1150 2883 1371 2963 superstitionis
1394 2891 1425 2945 et
1446 2884 1606 2964 impietatis
1629 2883 1854 2959 damnaverunt,
1878 2903 1944 2946 cum
1968 2888 2025 2948 etsi
2047 2906 2105 2968 per

734 3006 768 3049 so
791 2984 985 3062 indifferens,
1009 2992 1151 3046 nascatur
1175 2991 1271 3044 tamen
1296 3001 1335 3043 cx
1358 2999 1471 3043 summa
1495 3000 1570 3063 erga
1591 2982 1807 3045 Eucharistiam
1829 2986 2041 3062 veneratione,
2071 2994 2104 3047 ut
2123 3041 2127 3052 .

733 3084 803 3148 alibi
827 3086 1028 3164 exposuimus.
1073 3083 1120 3144 Ex
1143 3081 1247 3144 eadem
1270 3082 1359 3144 animi
1382 3082 1591 3161 dispositione,
1614 3084 1712 3144 statim
1735 3092 1824 3163 atque
1846 3083 1995 3147 elementa
2018 3085 2104 3148 altari

733 3185 934 3264 imponuntur,
962 3190 1052 3245 vocat
1075 3201 1111 3244 ea
1134 3181 1279 3243 sacerdos
1302 3185 1447 3263 mysteria
1469 3189 1587 3256 sarecto,
1607 3183 1774 3260 praeclara
1796 3190 1827 3243 et
1845 3184 1981 3262 vivifiea,
2005 3184 2105 3263 qualia

733 3293 831 3346 tamon
847 3284 978 3345 nondum
998 3289 1077 3357 sunt,
1100 3280 1154 3343 sed
1174 3282 1235 3362 jam
1258 3282 1297 3342 ita
1321 3289 1468 3343 vocantur
1490 3289 1521 3342 ct
1543 3281 1739 3355 honorantur,
1763 3283 1831 3361 quia
1854 3282 1924 3343 talia
1946 3301 2002 3363 per
2026 3300 2105 3344 eon-

733 3386 933 3447 secrationom
962 3382 1061 3445 sartura
1090 3389 1169 3443 sunt.
1213 3381 1320 3442 hlirum
1351 3387 1398 3442 est
1428 3381 1565 3441 intactam
1596 3398 1612 3440 a
1637 3378 1772 3441 Censura
1795 3381 1871 3441 hanc
1894 3380 2050 3444 formulam
2072 3385 2104 3445 iu

732 3483 1017 3545 blissahlalabaricu
1033 3482 1225 3557 remansisse,
1250 3498 1317 3541 eum
1333 3479 1525 3541 aliasmultas
1549 3479 1702 3540 orationes
1726 3482 1915 3558 mutaverint,
1939 3483 1969 3543 in
1993 3481 2100 3561 quibus

733 3582 771 3644 do
794 3601 924 3662 corpore
947 3589 977 3643 et
1000 3581 1147 3661 sanguine
1171 3580 1281 3642 Christi
1304 3578 1422 3640 Domini
1444 3597 1544 3640 sermo
1568 3585 1648 3654 erat,
1680 3586 1749 3640 ante
1774 3582 2046 3642 consecrationem:
2070 3588 2103 3643 ut

730 3681 782 3743 illa
806 3684 969 3762 praecipuo
992 3679 1161 3741 lrenedictio
1185 3697 1251 3740 earn
1275 3678 1362 3738 calici
1383 3679 1483 3738 vinum
1498 3678 1670 3755 infunditur,
1694 3678 1859 3742 hliseeatur
1881 3684 2006 3760 scrupetis
2024 3702 2102 3760 pre-

426 3791 518 3858 Spuod
526 3791 719 3862 Barpana.
733 3784 829 3843 tiosos
850 3784 881 3842 in
904 3781 999 3841 aulice
1021 3779 1058 3841 D.
1083 3778 1119 3839 N.
1141 3779 1216 3839 Jesu
1239 3775 1361 3852 Christi,
1385 3795 1462 3855 quae
1486 3779 1524 3839 ita
1547 3786 1656 3839 niutata
1680 3787 1735 3839 est.
1762 3779 1927 3841 Miscentur
1948 3783 2050 3841 ninrun
2072 3784 2104 3842 in

409 3879 435 3929 5.
449 3877 522 3930 Dear.
535 3877 558 3928 1.

733 3882 829 3944 calice
850 3881 887 3943 D.
911 3879 947 3940 N.
973 3878 1047 3939 Jesu
1070 3876 1198 3951 Christi,
1220 3896 1258 3937 ne
1280 3879 1397 3936 erroris
1418 3877 1506 3936 detur
1528 3879 1666 3950 occasio,
1688 3879 1828 3939 coeundo
1849 3881 1951 3939 einum
1972 3881 2104 3940 ramrdurn

732 3987 950 4054 cortseeratunr,
971 3980 1136 4057 pretiosum
1158 3977 1351 4055 sanquinem:
1374 3977 1464 4054 qrrasi
1484 3976 1653 4036 alluderent
1672 3978 1714 4036 nd
1736 3979 1978 4038 cmrsuetudiuenr
2000 3979 2103 4040 Grae-

732 4101 846 4155 corum,
870 4081 1057 4151 durnrurtom,
1084 4078 1137 4156 qui
1153 4094 1264 4154 ponem
1287 4082 1317 4134 et
1337 4076 1438 4135 einmn
1460 4073 1631 4153 offerentes,
1658 4077 1790 4136 adorant
1810 4085 1970 4156 antequam
1991 4098 2103 4139 conse·

732 4187 865 4256 crentur,
887 4179 921 4238 id
943 4197 975 4239 se
994 4177 1102 4255 facere
1123 4175 1323 4253 affirmantes,
1346 4175 1418 4252 qaia
1439 4192 1512 4232 rnoae
1535 4176 1741 4235 consecranda
1753 4182 1828 4236 serrat.
1856 4174 1897 4235 nt
1911 4176 1967 4236 ista
1982 4175 2102 4256 quidem

732 4281 778 4341 vis
802 4286 862 4340 cst:
886 4296 975 4339 oraro
998 4293 1058 4336 non
1080 4282 1207 4355 possunt
1230 4281 1261 4334 ut
1284 4273 1446 4334 misceatur
1468 4274 1568 4333 vinum
1593 4275 1623 4334 iu
1645 4275 1757 4349 calice,
1782 4273 1859 4335 istud
1883 4275 1960 4336 enim
1983 4275 2013 4335 in
2036 4276 2101 4355 ipsa

731 4379 880 4442 inlusione
902 4377 1010 4438 lae-trun
1035 4383 1092 4452 est,
1115 4374 1169 4435 sed
1192 4391 1232 4435 ex
1254 4372 1312 4434 sule
1334 4374 1548 4452 promissorum
1569 4372 1678 4435 Christi
1692 4374 1899 4435 Eucharistiae
1921 4375 2101 4436 sacrificium

731 4479 927 4553 instituentis,
959 4482 1060 4550 oront,
1090 4482 1122 4534 ιιι
1151 4475 1181 4533 in
1210 4471 1304 4534 calice
1327 4472 1488 4533 misceatur
1511 4474 1634 4552 sanguis
1658 4472 1784 4550 Christi,
1815 4473 1872 4534 hoe
1902 4480 1949 4534 est
1978 4481 2011 4535 ιιι
2039 4475 2101 4535 vini

731 4577 921 4641 consecratio
950 4576 1000 4637 hat
1028 4576 1057 4635 in
1088 4574 1263 4653 sanguinem
1288 4571 1409 4633 Christi.
1453 4571 1517 4632 Nee
1547 4572 1633 4632 aliter
1663 4573 1789 4655 intelligi
1813 4573 1923 4634 debent
1946 4574 2101 4634 orationes

730 4676 978 4758 praeparatoriae
997 4675 1126 4753 aliquot,
1158 4690 1281 4752 quarum
1305 4671 1452 4732 sententia
1471 4678 1528 4730 tarn
1552 4673 1711 4751 perspicua
1735 4681 1797 4746 est,
1821 4681 1852 4733 ut
1875 4673 1989 4752 absque
2013 4672 2100 4733 calu-

732 4779 810 4837 mnia
834 4775 1007 4855 detorqueri
1037 4772 1073 4834 ad
1105 4789 1280 4851 perversam
1313 4771 1441 4848 aliquam
1464 4769 1636 4849 opinionem
1660 4779 1820 4850 nequeant.
1866 4772 1947 4833 Talis
1971 4779 2018 4833 est
2041 4771 2102 4848 illa,

729 4876 920 4954 Respectans
949 4873 1126 4952 exspectaui
1152 4871 1321 4933 Domirruar.
1368 4868 1486 4948 Corprrs
1508 4867 1622 4930 Christi
1649 4878 1678 4930 et
1704 4874 1879 4950 sarrpuinem
1901 4874 1966 4950 qus
1983 4873 2104 4951 pretio-

730 4995 795 5035 surn
818 4993 909 5053 super·
930 4981 1066 5034 sonaturn
1088 4974 1187 5032 altare
1210 4968 1380 5049 offeramus.
1425 4969 1462 5029 Et
1485 4967 1570 5031 inlra.
1616 4968 1714 5030 Edant
1736 4989 1890 5049 proruperes
1918 4978 1948 5032 et
1974 4977 2102 5031 satrrra-

730 5071 854 5146 burrtnr,
888 5090 999 5150 corpus
1030 5070 1144 5132 Christi
1171 5076 1201 5130 et
1227 5070 1402 5148 sanquinem
1432 5070 1496 5146 qaas
1521 5069 1688 5146 pretiosum
1717 5089 1808 5148 srrper
1833 5071 1932 5131 altare
1964 5077 2101 5131 sanatum

732 5169 909 5250 offeramus,
942 5188 1019 5249 quac
1049 5190 1112 5232 rem
1143 5170 1289 5244 loturam,
1319 5186 1379 5228 non
1409 5185 1483 5229 vero
1514 5167 1621 5228 sactum
1650 5168 1828 5247 significant.
1875 5169 2001 5232 Graecis
2023 5186 2099 5230 vcro

732 5269 894 5331 attribuere
926 5269 1006 5350 quod
1037 5270 1185 5331 elementa
1216 5268 1388 5347 priusquam
1417 5274 1593 5327 crrrrsecrata
1623 5268 1696 5344 sint,
1728 5269 1871 5346 aalorent,
1901 5269 2100 5331 excusatione

734 5377 833 5443 earet,
863 5388 930 5432 cum
960 5369 1091 5451 quinque
1120 5369 1206 5433 annis
1237 5374 1395 5447 antequam
1418 5366 1548 5428 Decreta
1570 5367 1769 5448 Diamperana
1793 5369 2001 5431 Coniurbricac
2024 5366 2102 5430 ede-
