5150 6534
773 829 804 902 11
1203 787 1706 911 Dissertatio

775 1041 842 1090 non
869 1018 968 1091 modo
995 1018 1184 1111 Theologi,
1199 1020 1261 1091 sed
1286 1020 1444 1115 Synodus
1480 1029 1578 1092 sexta
1605 1030 1809 1092 statuerunt
1850 1020 1949 1093 Nulla
1975 1020 2028 1094 hic
2054 1026 2141 1096 inter

776 1132 989 1207 Ortbodoxos
1016 1147 1049 1207 et
1075 1136 1273 1209 Haereticos
1301 1139 1488 1231 opinionum
1516 1136 1681 1209 dissensio
1710 1147 1770 1208 est.
1805 1134 1849 1207 Et
1874 1159 1913 1208 re
1939 1160 2023 1210 vera
2050 1139 2139 1211 nulla

772 1254 960 1343 intereos,
988 1255 1168 1323 autetiam
1194 1256 1279 1323 inter
1306 1250 1457 1323 Graecos
1492 1260 1526 1323 et
1551 1252 1672 1348 Syros,
1708 1274 1786 1324 esse
1819 1257 1942 1347 potuit3
1982 1256 2141 1350 quaudo-

774 1365 904 1458 quidem
933 1389 978 1437 ex
1005 1367 1155 1438 codicum
1180 1370 1350 1462 utriusque
1376 1368 1510 1459 linguae
1544 1370 1794 1464 comparatione
1820 1367 1996 1466 Sqriacam
2021 1370 2140 1442 Litur-

774 1483 863 1572 giam
888 1482 1007 1555 Jacobi
1035 1506 1080 1554 ex
1107 1480 1238 1555 Graeca
1265 1483 1371 1555 brisso
1397 1504 1604 1577 expressam,
1632 1487 1742 1556 statim
1758 1482 1958 1577 intelligitur.
1986 1485 2139 1559 Graecae

504 1619 558 1674 car.
577 1623 682 1691 nysae,
701 1620 759 1674 cru.
773 1620 867 1669 usum
895 1621 1101 1670 communem
1127 1601 1160 1669 in
1187 1598 1341 1670 Ecclesia
1366 1597 1673 1695 Hierosolymitana
1700 1599 1820 1688 fuisse,
1847 1604 2031 1675 certissimo
2060 1604 2138 1700 cy-

447 1712 521 1760 '00’2'
536 1709 551 1762 t
569 1709 589 1761 ¹·
608 1726 630 1761 ⁶·
647 1710 673 1763 3·
773 1714 836 1784 rilli
864 1714 1012 1805 ejusdem
1038 1714 1198 1810 Episcopi
1223 1717 1410 1787 testimonio
1438 1715 1692 1803 demonstratur,
1719 1717 1812 1806 cujus
1848 1721 2053 1790 autoritatem
2080 1719 2138 1790 la-

775 1829 945 1901 befactare
972 1830 1048 1902 dum
1074 1838 1213 1902 conatus
1239 1830 1463 1903 estAndreas
1490 1831 1630 1903 Rivetus
1646 1831 1843 1920 Criticonrm
1873 1832 2138 1924 infelicissimus3

773 1947 970 2040 imperitiam
995 1949 1069 2041 ipse
1096 1968 1200 2032 suam,
1227 1968 1295 2017 non
1322 1943 1553 2020 catecheseon
1585 1944 1894 2043 Mystagogicarum
1929 1952 2138 2045 suppositio-

740 2157 742 2161 *
771 2083 847 2131 nem
874 2062 1124 2150 demonstravit,
1151 2072 1186 2132 ut
1210 2061 1316 2134 fusius
1344 2062 1422 2134 alibi
1447 2061 1674 2158 probavimus.
1709 2061 1805 2135 Unde
1830 2086 1898 2136 non
1924 2065 2023 2137 modo
2050 2066 2140 2138 Hie-

771 2177 962 2274 rosolymis,
989 2178 1050 2249 sed
1076 2180 1108 2248 in
1122 2176 1321 2250 Palaestinis
1337 2175 1501 2250 Ecclesiis
1528 2188 1719 2273 usurpatam
1744 2177 1849 2252 luisse
1874 2180 1995 2254 Jacobi
2021 2182 2140 2254 Litur-

771 2295 862 2385 giam
888 2293 1061 2364 evidenter
1087 2293 1264 2365 conficitur.
1294 2294 1379 2366 Cum
1404 2316 1489 2366 vero
1516 2294 1657 2390 Syriaca
1683 2294 1795 2385 lingua
1820 2299 1861 2367 iis
1892 2299 1926 2367 in
1957 2301 2138 2392 provinciis

771 2410 952 2481 vernacula
985 2408 1090 2495 soret,
1127 2412 1325 2504 pracsertim
1361 2411 1394 2479 in
1426 2412 1522 2503 pagis
1550 2419 1585 2480 et
1611 2419 1707 2480 extra
1733 2410 1846 2497 urbes,
1874 2414 2035 2502 originem
2064 2414 2138 2485 inde

772 2524 885 2597 babuit
909 2525 1059 2617 Liturgia
1086 2524 1248 2620 Syriaca,
1284 2546 1384 2618 quam
1411 2523 1597 2596 Orthodoxi
1630 2534 1664 2595 et
1688 2525 1863 2597 Jacobitae
1889 2536 2043 2620 tanquam
2070 2552 2138 2601 an-

772 2644 905 2735 tiquitus
933 2641 1102 2728 traditam,
1129 2640 1192 2712 huc
1217 2663 1325 2736 usque
1351 2650 1593 2728 servavemnt,
1621 2651 1655 2711 et
1680 2640 1761 2735 Syri
1787 2664 1924 2731 omnes,
1952 2646 1981 2714 si
2007 2642 2140 2717 Nesto-

773 2760 888 2828 rianos
915 2759 1112 2851 excipimus,
1139 2758 1194 2851 qui
1219 2756 1275 2828 illa
1293 2778 1456 2849 nunquam
1483 2759 1534 2828 usi
1549 2756 1702 2827 videntur
1728 2755 1839 2831 luisse.
1867 2758 1972 2848 Hujus
1990 2762 2023 2828 in
2039 2783 2139 2830 com-

771 2874 861 2944 muni
891 2870 1119 2943 Ecclesiarum
1155 2872 1393 2943 consuetudine
1434 2873 1634 2945 diversitatis
1668 2894 1792 2945 causae
1827 2873 2024 2945 verisimiles
2060 2875 2140 2948 for-

772 2991 872 3060 tassis
899 2988 1020 3060 multae
1046 2992 1080 3059 in
1105 2998 1247 3059 mentem
1274 2991 1429 3077 veniunt3
1456 2998 1547 3059 certa
1574 2992 1740 3080 assignari
1765 2986 1854 3059 nulla
1880 2998 2001 3084 potest
2054 2989 2140 3062 Nam

774 3105 862 3198 quod
889 3104 966 3176 odio
1000 3102 1270 3177 Ortbodoxorum
1296 3104 1329 3176 id
1361 3104 1515 3194 iecerint,
1550 3129 1594 3177 ne
1626 3107 1810 3177 communia
1842 3128 1939 3175 sacra
1970 3103 2141 3196 haberent,

730 3248 734 3256 ·
773 3222 879 3293 inanis
907 3223 1097 3311 conjectura
1125 3232 1192 3310 est,
1220 3245 1318 3316 quam
1350 3221 1575 3292 Jacobitamm
1611 3219 1801 3313 exemplum
1827 3224 1908 3289 satis
1935 3219 2065 3291 relellit.
2092 3222 2143 3293 llli

775 3340 896 3431 quippe
922 3359 995 3408 cum
1022 3340 1056 3407 in
1082 3338 1243 3433 Aegypto
1271 3336 1487 3408 Ortbodoxos
1515 3357 1652 3406 numero
1670 3344 1882 3428 superarent,
1915 3331 2037 3430 talique
2064 3337 2142 3409 odio

773 3464 1073 3547 prosequerentur,
1099 3463 1135 3523 ut
1170 3474 1208 3525 se
1234 3453 1321 3524 ultro
1348 3454 1498 3524 servituti
1528 3449 1844 3521 Muhamedanorum
1872 3449 2016 3537 tradere,
2045 3476 2143 3545 quam

775 3566 835 3638 sub
869 3566 1144 3664 Imperatorihus,
1178 3572 1232 3664 qui
1268 3566 1551 3640 Calchedonensis
1587 3565 1708 3661 synodi
1742 3564 1840 3637 iidem
1873 3566 2142 3667 propugnabant,

777 3687 898 3754 vivere
933 3684 1123 3756 maluerint:
1158 3687 1192 3755 in
1219 3688 1325 3757 sacris
1361 3682 1487 3756 Officiis
1522 3682 1598 3753 nihil
1629 3690 1855 3769 mutavemnt,
1891 3681 1950 3754 sed
1977 3687 2141 3755 communi

778 3795 928 3891 Liturgia
956 3804 1002 3870 uti
1028 3810 1345 3896 perseveraverunt.
1380 3800 1428 3871 lta
1456 3803 1488 3869 in
1515 3799 1616 3894 Syria
1642 3796 1802 3884 fecerunt,
1830 3820 1904 3867 oum
1930 3795 1997 3867 illic
2022 3802 2140 3890 ingens

776 3937 907 4010 quoque
933 3914 1158 3987 Jacobitamm
1185 3914 1354 3987 multitudo
1380 3914 1476 3987 foret.
1517 3915 1595 3986 Alia
1627 3916 1726 4005 igitur
1761 3914 1937 4004 singularis
1969 3913 2064 4003 hujus
2090 3916 2140 3985 rei

773 4033 858 4103 ratio
886 4032 1076 4125 quaerenda
1103 4042 1164 4104 est.

474 4145 762 4216 ouaeaunenepo-
877 4148 931 4219 lll.
969 4149 1129 4233 Quamvis
1166 4171 1185 4219 a
1218 4147 1368 4219 Diodoro
1404 4146 1574 4232 Tarsensi,
1611 4143 1856 4237 Theodoroque
1890 4143 2140 4238 Mopsuesteno,

454 4235 534 4285 ‘¹¹⁰⁶‘
559 4233 763 4372 cuquepornm
779 4265 939 4355 originem
981 4261 1138 4335 habuisse
1172 4261 1326 4334 haeresin
1361 4286 1459 4357 quam
1501 4272 1621 4356 postea
1652 4260 1828 4331 Nestorius
1866 4258 2039 4353 amplexus
2077 4270 2140 4348 est,

452 4335 484 4372 θ’
503 4335 555 4372 non
573 4337 590 4372 η
617 4336 711 4372 m
779 4376 901 4449 Graeci
926 4377 1100 4473 Latinique
1126 4379 1230 4471 vulgo
1257 4379 1411 4466 doceant,
1437 4384 1471 4448 in
1498 4399 1563 4470 quo
1591 4377 1838 4447 consentientes
1864 4374 1986 4447 habent
2012 4375 2137 4446 Orien-

776 4493 860 4565 tales
888 4516 1020 4582 omnes;
1047 4505 1156 4565 tamen
1182 4493 1238 4565 illa
1263 4498 1298 4565 in
1318 4493 1681 4586 Constantinopolitano
1708 4494 1818 4585 potius
1843 4490 2014 4580 Dioecesi,
2041 4513 2138 4585 quam

774 4612 808 4679 in
835 4609 906 4680 aliis
932 4610 1114 4703 provinciis
1140 4611 1377 4681 incrementum
1403 4613 1542 4703 accepit.
1568 4608 1605 4679 ln
1632 4607 1732 4702 Syria
1763 4618 1950 4702 propagata
1981 4611 2042 4678 vix
2066 4604 2137 4692 luit,

773 4727 836 4797 nisi
862 4733 1038 4819 postquam
1064 4724 1319 4819 Mesopotamia,
1346 4729 1378 4796 in
1406 4747 1470 4818 qua
1497 4724 1654 4819 deinceps
1679 4726 1826 4794 maxime
1852 4726 1966 4814 viguit,
2002 4743 2022 4791 a
2048 4721 2138 4791 Per-

774 4863 886 4915 sarum
913 4840 1064 4931 Regibus
1091 4850 1252 4935 occupata
1279 4851 1339 4912 est.
1376 4841 1428 4913 Eo
1460 4840 1587 4913 scilicet
1616 4837 1847 4911 confluxerunt
1878 4836 2066 4909 Nestoriani
2092 4858 2139 4908 ex

776 4966 848 5029 toto
876 4957 1028 5028 Romano
1054 4954 1208 5052 Imperio,
1242 4981 1317 5029 cum
1346 4955 1478 5050 legibus
1504 4959 1698 5053 proscripti,
1732 4953 1960 5045 Ecclesiisque
1995 4950 2138 5047 spoliati,

777 5073 864 5167 apud
888 5073 1060 5145 Barbaros
1095 5078 1259 5165 integram
1290 5074 1475 5146 libertatem
1500 5077 1779 5146 nanciscerentur.
1813 5067 1887 5140 Nec
1915 5090 1955 5139 ea
1982 5070 2139 5155 contenti,

781 5189 923 5263 Cosrois
936 5189 1155 5261 Nuschiruani
1181 5199 1347 5285 potestate
1373 5189 1558 5280 abutentes,
1572 5188 1786 5262 0rtbodoxos
1799 5184 1997 5281 expuderunt
2022 5181 2137 5254 Edes-

774 5326 857 5377 sena
890 5304 1004 5379 schola
1041 5316 1075 5378 et
1107 5304 1279 5396 Ecclesia,
1316 5331 1414 5405 quam
1449 5306 1632 5379 Heraclius·
1657 5324 1743 5399 pace
1780 5323 1854 5372 cum
1887 5302 2002 5373 Persis
2036 5298 2136 5387 laeta,
2253 5369 2256 5373 r
