5150 6534
511 885 516 893 .
595 828 672 903 tto
972 859 979 871 ³
1169 825 1401 904 NOTAE

684 1013 772 1086 Quod
795 1030 888 1094 porro
904 1012 1068 1093 liturgiam
1092 1011 1257 1092 scripserit,
1279 1011 1376 1093 potuit
1399 1012 1429 1074 id
1441 1010 1608 1076 secandam
1621 1012 1829 1077 lacebitarum
1851 1031 1975 1092 morem,

596 1113 626 1173 in
656 1115 752 1192 prima
779 1120 849 1200 post
879 1111 1099 1174 Antiochenam
1128 1110 1330 1172 Patriareham
1358 1110 1575 1175 Ecclesiastioa
1603 1110 1748 1194 dignitate
1778 1113 1975 1177 constitutus:

597 1230 664 1272 curn
692 1230 733 1273 ex
763 1211 923 1273 multorum
952 1209 1092 1291 exemplo
1116 1212 1235 1272 'constet
1256 1209 1486 1291 Metropolitas,
1515 1213 1577 1274 imo
1606 1218 1638 1273 et
1665 1210 1841 1293 Episcopos
1872 1229 1975 1277 sacras

596 1327 717 1390 preces,
741 1317 773 1372 et
797 1327 849 1372 eas
872 1329 949 1390 quae
973 1310 1011 1372 ad
1034 1308 1214 1371 sacrificium
1236 1308 1476 1371 Eucharisticum
1503 1317 1642 1389 spectant
1670 1309 1762 1391 pleno
1788 1311 1864 1392 jure
1892 1312 1976 1376 ordi-

595 1424 695 1468 nasse.
741 1408 826 1470 Unde
849 1410 928 1471 inter
951 1416 1009 1470 tam
1037 1407 1143 1469 mullas
1173 1406 1313 1488 Syriacas
1340 1406 1493 1490 liturgias
1523 1427 1563 1470 ne
1589 1427 1648 1471 una
1680 1408 1802 1489 quidem
1830 1413 1975 1491 occurrit,

597 1506 634 1567 ab
659 1505 725 1568 aliis
748 1525 836 1587 quam
860 1507 1039 1569 Patriarchis
1062 1514 1114 1569 aut
1135 1506 1296 1587 Episcopis
1326 1507 1457 1587 scripta,
1487 1524 1566 1588 quae
1594 1508 1769 1572 observatio
1792 1511 1917 1574 maximi
1938 1510 1975 1574 ad

596 1604 713 1666 illarum
736 1607 872 1687 origines
895 1605 1114 1687 agnoscendas,
1137 1607 1278 1667 momenti
1302 1612 1360 1667 est.
1731 1628 1733 1632 ⁴

684 1703 773 1766 lslam
803 1721 896 1785 porro
926 1706 1088 1785 genuinam
1115 1722 1186 1767 essa
1208 1712 1239 1766 et
1261 1722 1278 1765 a
1303 1704 1388 1784 Syris
1410 1703 1555 1767 Jacobitis
1577 1692 1731 1787 r'eceptam
1753 1704 1869 1786 probat
1890 1703 1973 1768 llSS.

598 1802 694 1865 Codd.
718 1821 884 1865 consensus
909 1806 938 1865 in
962 1820 1089 1883 quorum
1111 1802 1266 1882 plerisque
1293 1810 1340 1864 sat
1367 1803 1494 1865 vetustis
1517 1804 1681 1884 reperitur.
1733 1802 1833 1866 llabet
1864 1802 1916 1866 illa
1942 1812 1973 1866 ut

596 1901 759 1963 nonnullae
781 1902 894 1964 similes
918 1921 936 1963 a
958 1901 1179 1963 recentioribus
1210 1902 1365 1963 autoribus
1387 1902 1530 1982 scriptae,
1553 1902 1690 1965 lloridum
1718 1901 1802 1965 illum
1825 1904 1973 1965 orationis

597 2000 743 2077 colorem,
767 2019 784 2061 a
808 2018 868 2081 quo
891 2008 1013 2063 veteres
1038 1999 1146 2061 absunt
1168 1999 1363 2083 longissime,
1393 2018 1459 2061 cum
1489 2001 1727 2081 simplicissimus
1749 2000 1866 2081 ubique
1888 2002 1973 2064 stilus

596 2107 750 2179 appareat.
787 2098 846 2163 Sed
871 2118 937 2161 cum
961 2098 1130 2180 Gregorius
1153 2099 1297 2179 Syriacae
1319 2098 1441 2180 linguae
1464 2116 1538 2160 suae
1557 2100 1756 2182 peritissimus
1779 2098 1873 2175 foret,
1894 2099 1973 2162 illins

598 2197 714 2259 divitias
742 2198 772 2258 in
802 2216 898 2278 opere
928 2214 1017 2259 sacro
1041 2196 1216 2277 impendere
1239 2197 1307 2259 dum
1336 2199 1461 2278 satagit,
1493 2196 1641 2261 obscurus
1670 2216 1765 2279 saepe
1794 2204 1862 2277 est,
1895 2198 1973 2261 unde

596 2297 743 2378 quaedam
767 2298 903 2377 pressius
927 2297 1109 2377 exprimere,
1132 2294 1379 2377 quodquantum
1409 2296 1439 2356 in
1462 2296 1550 2359 nobis
1573 2296 1629 2358 luit
1650 2297 1750 2359 conati
1774 2316 1891 2376 sunaus,
1913 2297 1973 2359 dil·

596 2396 674 2459 hcile
698 2402 778 2458 erat:
802 2397 979 2457 sententiam
1003 2394 1203 2481 reddidimus,
1227 2413 1306 2476 quae
1329 2412 1396 2456 cum
1419 2395 1553 2475 ejusdem
1590 2397 1714 2479 generis
1744 2393 1858 2458 Officiis
1881 2414 1973 2458 accu-

595 2503 662 2556 rate
686 2496 849 2556 convenire
873 2493 1128 2574 deprehendetur.
1182 2492 1273 2558 Stilus
1302 2510 1396 2573 porro
1419 2494 1470 2555 ille
1499 2496 1550 2574 qui
1580 2493 1735 2574 plerisque
1767 2493 1971 2557 Orientalibus

595 2593 740 2675 Liturgiis
764 2594 928 2655 communis
951 2601 1016 2654 est:
1039 2594 1069 2653 in
1092 2593 1148 2654 ista
1170 2593 1336 2672 praecipue
1359 2593 1548 2673 agnoscitur:
1577 2592 1694 2655 sedita
1717 2601 1818 2655 tamen
1842 2602 1875 2655 ut
1895 2593 1972 2655 inter

596 2710 734 2775 magnam
766 2692 926 2753 verborum
956 2691 1166 2754 abundantiam
1197 2700 1227 2754 et
1253 2692 1429 2752 varietatem
1459 2709 1553 2753 verae
1582 2691 1769 2773 Theologiae
1795 2691 1971 2771 simplicitas

596 2797 791 2872 agnoscatur.
838 2791 942 2851 Omnia
966 2792 1046 2852 enim
1068 2791 1213 2853 orationis
1242 2791 1352 2852 lumina
1380 2789 1488 2869 quibus
1512 2790 1682 2872 Orientales
1704 2791 1894 2870 potissimum
1916 2789 1970 2851 da-

595 2889 756 2965 lectantur,
779 2909 820 2950 ex
842 2890 992 2969 scriptura
1015 2906 1104 2951 sacra
1126 2890 1261 2951 desumta
1291 2896 1377 2965 sunt,
1407 2897 1457 2950 aut
1480 2888 1516 2950 ad
1539 2888 1625 2952 locos
1648 2890 1713 2970 ejus
1744 2891 1861 2971 aliquot
1887 2887 1970 2951 rele-

598 2996 720 3049 runtur:
745 2996 774 3049 et
798 2990 827 3048 in
850 2988 909 3049 illis
933 2987 1136 3068 exprimendis
1152 2988 1269 3050 divitias
1286 3006 1390 3051 omnes
1404 2988 1547 3070 Syriacae
1570 2989 1701 3072 linguae,
1724 3007 1804 3070 quae
1820 2988 1970 3051 uberrima

596 3096 653 3163 cst,
677 3086 875 3166 profundunt:
906 3087 986 3165 quod
1015 3088 1145 3168 majores
1174 3094 1296 3149 nostros
1320 3088 1348 3148 in
1372 3086 1478 3148 Latina
1500 3087 1638 3150 Ecclesia
1668 3086 1831 3168 aliquando
1861 3087 1968 3150 iecisse

594 3186 742 3264 videmus,
766 3194 825 3249 tum
850 3187 879 3246 in
901 3187 994 3248 variis
1008 3185 1245 3248 Praelationibus
1270 3203 1347 3264 quae
1371 3194 1474 3247 extant
1496 3187 1527 3247 in
1546 3186 1717 3249 blissahbus
1733 3187 1876 3264 Gothico,
1898 3183 1968 3246 Gal-

593 3285 692 3347 licano
716 3292 747 3347 et
768 3284 902 3346 Romano
926 3286 1034 3358 veteri,
1058 3293 1118 3346 tum
1140 3285 1171 3346 in
1194 3283 1372 3364 quibusdam
1394 3286 1597 3367 singularibus
1621 3293 1880 3347 sacramentorum
1895 3282 1966 3345 Offi-

596 3386 660 3460 ciis,
685 3392 715 3445 et
738 3385 768 3445 in
790 3383 1003 3445 Benedictione
1019 3381 1172 3445 Paschalis
1196 3384 1288 3445 cerei.
1313 3382 1386 3444 Erat
1397 3400 1519 3464 quoque
1534 3384 1612 3464 apud
1626 3383 1800 3447 Orientales
1823 3382 1966 3466 quaedam

596 3502 636 3544 ex
659 3483 804 3544 orationis
829 3480 979 3563 elegantia
1002 3481 1129 3543 utililas:
1152 3481 1204 3544 illo
1229 3483 1307 3544 enim
1330 3481 1520 3561 eloquentiae
1541 3482 1646 3545 colore
1661 3483 1785 3545 mirifice
1811 3485 1967 3564 capiuntur

594 3580 725 3658 Arabes,
749 3581 799 3660 qni
823 3588 913 3641 totam
926 3582 1028 3642 Asiam
1052 3581 1141 3640 armis
1165 3580 1378 3642 obtinuerunt:
1400 3589 1430 3642 ct
1453 3599 1523 3642 esse
1546 3582 1624 3643 inter
1648 3581 1837 3644 Christianos
1861 3582 1911 3662 qui
1932 3577 1967 3640 ad

595 3679 677 3740 illum
701 3679 870 3759 elegantiae
887 3679 1013 3761 gradum
1028 3680 1232 3759 pervenirent,
1257 3679 1435 3762 satagebant
1448 3680 1590 3759 Episcopi
1607 3698 1673 3741 cum
1689 3680 1788 3743 aditus
1812 3680 1851 3743 ad
1873 3678 1966 3745 aulas

595 3778 759 3837 ministeria
782 3795 875 3856 saepe
904 3778 943 3837 ita
974 3778 1143 3857 aperiretur
1176 3778 1240 3839 suis
1274 3777 1459 3855 hominibus,
1494 3780 1544 3858 qui
1571 3788 1679 3860 postea
1712 3782 1875 3842 autoritate
1903 3794 1964 3852 sua,

594 3875 740 3937 Ecclesiis
764 3894 853 3955 opem
875 3876 1059 3938 allerebant:
1091 3893 1183 3956 saepe
1213 3885 1311 3938 tamen
1334 3878 1526 3938 maximarum
1550 3878 1702 3940 turbarum
1726 3897 1850 3941 causam
1872 3873 1965 3937 dede-

594 3980 663 4033 runt
685 3982 717 4033 ut
740 3975 852 4053 passim
875 3976 904 4034 in
928 3974 1058 4036 Historia
1082 3973 1286 4036 Alexandrina
1309 3975 1474 4038 observare
1497 3977 1576 4039 licet.

682 4073 711 4135 2.
748 4072 780 4134 ln
811 4072 955 4134 Oratione
985 4091 1073 4152 qnam
1096 4072 1246 4136 Sacerdos
1269 4075 1448 4154 pronunciat
1478 4081 1547 4136 ante
1575 4074 1715 4155 hymnum
1747 4073 1963 4156 triumphalem,

594 4173 685 4253 longa
709 4179 738 4234 et
762 4172 892 4233 obscura
916 4179 962 4232 est
985 4171 1128 4233 Ordinum
1163 4171 1339 4233 coelestium
1371 4191 1437 4233 cum
1460 4171 1681 4236 Ecclesiasticis
1704 4174 1909 4253 comparatio,
1936 4171 1964 4231 in

595 4289 653 4349 qua
677 4269 744 4350 plus
767 4270 934 4331 rhetorices
959 4269 1123 4332 Orientalis
1146 4280 1203 4348 est,
1227 4289 1315 4349 quam
1340 4270 1537 4354 Theologiae.
1582 4271 1654 4332 Eam
1678 4289 1755 4352 quae
1780 4273 1820 4333 de
1842 4268 1964 4352 angela

594 4376 652 4444 est,
675 4368 845 4430 Orientales
868 4367 1033 4430 hauserunt
1056 4387 1095 4430 ex
1118 4368 1201 4430 libris
1224 4369 1262 4431 de
1286 4368 1411 4431 coelesti
1424 4369 1600 4432 hierarchia
1623 4368 1965 4450 quosDionysiiAreo-

586 4469 716 4548 ,pagitae
740 4484 893 4528 essenon
918 4467 1062 4531 dubitant.
1092 4466 1241 4546 Quidquid
1264 4475 1423 4546 praeterea
1447 4470 1477 4529 in
1499 4470 1657 4551 scripturis
1681 4475 1766 4531 extat
1788 4468 1827 4531 de
1850 4467 1964 4529 visione

592 4567 698 4640 lsaiae,
723 4573 753 4626 et
776 4565 956 4642 Ezechielis,
980 4582 1018 4627 eo
1041 4566 1110 4628 loco
1133 4584 1305 4646 congerere
1328 4565 1643 4630 solentutheatorum
1658 4566 1824 4647 spirituum
1847 4565 1964 4628 diversa

592 4665 722 4739 nomina,
746 4662 948 4743 sublimesque
972 4665 1164 4744 operationes
1194 4665 1375 4745 exprimant,
1397 4674 1430 4728 ut
1452 4666 1489 4728 ad
1513 4667 1668 4748 hymnum,
1698 4673 1826 4727 sanctam
1853 4680 1965 4745 perve-

592 4765 699 4824 niatur.
746 4761 851 4823 Omnia
882 4762 975 4845 igitur
1004 4762 1079 4825 haec
1103 4772 1133 4825 et
1155 4763 1260 4826 similia
1283 4779 1362 4843 quae
1384 4766 1495 4844 passim
1525 4772 1689 4828 occurrunt
1717 4763 1847 4845 figurate
1878 4762 1964 4838 dicta

593 4878 651 4922 neo
674 4860 762 4923 aliter
784 4869 853 4923 sunt
876 4861 1080 4943 intelligenda.

873 5051 908 5121 3.
950 5051 1082 5123 Panem
1108 5055 1166 5146 qni
1188 5056 1305 5145 sactae
1332 5058 1410 5124 erat
1437 5075 1562 5145 corpus
1587 5076 1690 5124 sauna

684 5186 810 5271 Annua
833 5197 881 5261 bic
900 5167 1068 5262 nbsEnritas
1097 5208 1145 5263 est
1167 5202 1198 5263 in
1220 5204 1358 5265 oratione
1380 5202 1520 5284 Syriaca:
1543 5220 1610 5264 cum
1632 5200 1712 5263 enim
1734 5198 1821 5283 Syri,
1844 5207 1878 5264 et
1898 5199 1966 5282 ple-

594 5302 682 5378 rique
705 5300 876 5363 0rientales
900 5301 1018 5364 modum
1050 5305 1195 5384 temporis
1225 5304 1513 5387 plusquamperfecti
1533 5321 1594 5366 non
1626 5304 1774 5384 habeant,
1806 5305 1887 5367 verti
1907 5321 1967 5385 po·
