5150 6534
723 831 798 906 593
1291 831 1520 909 Notus

722 1017 778 1078 bus
799 1016 1000 1091 Putriarcbis‚
1014 1016 1185 1096 Episcopis,
1199 1016 1389 1098 Presbyteris
1411 1026 1440 1078 et
1459 1018 1617 1096 Dicemus,
1642 1026 1671 1079 et
1688 1038 1748 1098 pro
1769 1017 1818 1079 bis
1839 1019 1891 1097 qui
1911 1020 1974 1079 rim
1994 1018 2094 1096 surrcti

721 1137 762 1178 eu
783 1117 842 1178 bac
862 1117 1020 1179 Ecclesiae
1042 1118 1272 1195 conprepotione
1294 1119 1452 1178 exierunt:
1482 1117 1540 1191 (Et
1557 1138 1617 1196 pro
1640 1116 1821 1179 Beatissimo
1851 1117 1940 1196 Papo
1967 1122 2090 1191 nostro)

721 1232 798 1295 quae
821 1212 931 1277 additio
955 1223 1003 1275 est
1025 1233 1042 1275 a
1064 1214 1214 1276 Lusitanis
1237 1212 1331 1276 sacta:
1358 1234 1474 1294 proque
1503 1218 1608 1278 mundi
1632 1235 1712 1295 poce
1741 1226 1770 1278 et
1792 1217 1866 1277 unni
1894 1234 2027 1289 corono,
2057 1224 2092 1277 ut

720 1314 835 1374 scilicet
856 1313 1051 1375 benedicatur
1072 1321 1101 1374 et
1121 1315 1333 1375 misericordia
1357 1323 1408 1375 triu
1431 1316 1648 1394 adimplentur:
1668 1335 1726 1394 pro
1748 1318 1845 1377 ontuis
1867 1318 1956 1375 etium
1978 1315 2091 1376 Eccle-

720 1414 786 1473 siae
805 1413 939 1491 permina
960 1413 1041 1492 ‹preod
1062 1414 1183 1492 dipuum
1204 1416 1372 1492 reperitur,
1402 1413 1581 1477 oblationem
1603 1415 1682 1476 ituree
1703 1435 1781 1495 qrrue
1803 1418 1833 1474 in
1857 1420 2016 1492 cmrspectu
2039 1422 2090 1475 tuo

721 1519 767 1572 est
787 1513 916 1590 suscipe,
939 1520 994 1574 etc.
1039 1511 1217 1573 versionem
1247 1512 1325 1573 illam
1355 1530 1414 1573 non
1438 1530 1597 1591 possumus
1627 1514 1741 1594 absque
1772 1513 1902 1593 Syriacis
1934 1512 2089 1574 codicibus

720 1609 899 1687 reformare,
922 1610 976 1671 scd
1000 1611 1030 1671 in
1053 1629 1088 1671 ea
1112 1630 1172 1674 non
1195 1630 1290 1692 praeca
1313 1618 1392 1688 sunt,
1416 1629 1493 1691 quae
1516 1613 1628 1673 erroris
1652 1613 1824 1693 suspicione
1845 1630 1906 1673 nou
1930 1618 2044 1673 curent.

930 1871 990 1941 10.
1027 1870 1205 1942 Diaconos
1232 1872 1316 1942 dicii
1343 1873 1390 1941 nd
1416 1877 1686 1946 ciremusiuuicm
1709 1861 1878 1966 populum.

819 2064 975 2148 Priamus,
999 2073 1197 2151 cmtfiteamur
1227 2082 1256 2136 ct
1277 2075 1468 2137 obsecremus
1490 2096 1592 2138 omnes
1620 2079 1651 2137 in
1683 2078 1774 2138 ebore
1804 2076 1982 2136 Domimtm:
2012 2082 2091 2134 stote

716 2199 794 2258 pure
817 2185 845 2238 et
867 2178 1009 2238 attendite
1030 2176 1078 2237 bis
1100 2198 1176 2257 quine
1204 2187 1354 2257 optentum
1385 2181 1547 2240 tremendis
1576 2181 1726 2261 mysteriis
1754 2197 1831 2257 queue
1861 2184 2088 2241 corrsecruntur.

719 2278 874 2339 Sacerdos
895 2278 1025 2338 accessit
1051 2285 1084 2336 ut
1105 2286 1180 2352 oret,
1202 2286 1236 2339 ut
1263 2280 1327 2356 ejus
1356 2280 1571 2339 intercessione
1597 2298 1665 2356 pon
1691 2278 1902 2356 multiplicetur
1931 2277 1962 2336 iu
1992 2275 2088 2339 cobis.

720 2376 832 2438 Oculos
861 2384 978 2438 nestros
1007 2377 1146 2437 deorsum
1175 2377 1334 2450 demittite,
1369 2385 1398 2437 et
1426 2386 1551 2438 merrtem
1580 2386 1712 2438 cestram
1740 2378 1897 2455 diiipenter
1925 2383 2030 2435 crrrnte
2057 2377 2090 2436 iu

721 2476 834 2537 coelum
856 2476 976 2536 iecore:
1004 2477 1097 2554 petite
1126 2484 1157 2536 et
1177 2475 1335 2537 obsecrate
1364 2477 1421 2537 buc
1443 2484 1594 2554 tempure:
1624 2495 1767 2555 nemoque
1795 2475 1876 2554 ioqui
1902 2474 2031 2534 credent:
2061 2484 2091 2536 et

720 2576 772 2654 qui
802 2583 873 2635 orci
895 2576 988 2635 corde
1011 2582 1086 2652 orei,
1110 2576 1141 2634 iu
1164 2576 1282 2635 silentio
1305 2584 1334 2634 et
1357 2582 1487 2634 beurere
1505 2584 1699 2653 permanete:
1719 2594 1786 2652 pun
1799 2573 1963 2634 nobiscum.
1992 2573 2035 2633 lta
2058 2573 2089 2634 in

719 2674 812 2736 Missa
833 2673 1023 2748 Marmarica,
1047 2673 1119 2734 sutis
1144 2673 1283 2735 obscure.
1318 2671 1351 2734 ln
1374 2672 1431 2734 iilis
1455 2673 1556 2734 verbis
1580 2673 1671 2735 latent
1694 2673 1838 2734 sortitulae
1862 2680 1983 2733 veteres
2006 2671 2089 2731 hor-

721 2774 862 2834 tationum
886 2794 903 2835 a
925 2773 1066 2835 Diaconis
1091 2772 1149 2834 uita
1173 2790 1249 2834 voce
1272 2773 1464 2852 pronunciari
1493 2772 1657 2836 solitarum.
1705 2768 1836 2850 Στώμει·
1858 2767 1974 2849 καλῶς,
1997 2756 2089 2854 πρό-

719 2890 856 2951 σχωμεν.

1124 3132 1182 3205 11.
1209 3132 1433 3225 Discooperii
1458 3139 1684 3204 merome-niu.

814 3326 906 3404 Aren
931 3335 1100 3399 Orientaics
1125 3335 1322 3413 Christianos,
1345 3344 1377 3398 ut
1400 3337 1477 3397 inter
1495 3336 1628 3399 Graecos
1651 3337 1715 3397 sieri
1738 3336 1827 3411 solet,
1850 3334 1935 3415 panis
1959 3340 1989 3396 et
2012 3333 2091 3395 calix

719 3451 841 3522 practer
863 3440 1017 3522 singulare
1040 3438 1139 3500 velum
1162 3457 1222 3519 quo
1246 3447 1373 3519 uterque
1405 3440 1526 3519 tegitur,
1549 3440 1654 3521 niujori
1684 3439 1765 3519 qtretd
1793 3439 1990 3517 Arrupbornm
2020 3437 2090 3517 Syri

719 3541 769 3602 ulii
791 3549 911 3617 vocant,
934 3541 1086 3619 operitur3
1117 3538 1230 3599 tollitur
1253 3546 1352 3599 autem
1381 3541 1475 3619 trrajus
1506 3540 1587 3615 illud,
1619 3558 1685 3601 cum
1714 3540 1855 3619 incipitur
1884 3555 1971 3599 sacra
1993 3538 2087 3597 actio:

720 3648 752 3701 ct
774 3639 811 3701 de
834 3639 885 3700 ilio
909 3638 983 3699 haec
1007 3637 1135 3699 Rubrica
1158 3636 1353 3718 intelligenda
1377 3646 1439 3714 est,
1470 3656 1530 3700 non
1553 3638 1591 3699 de
1615 3640 1789 3714 minoribus,
1823 3637 2006 3699 Graecorum
2031 3637 2086 3698 hnc

719 3740 748 3801 in
772 3745 857 3818 parte
881 3737 1077 3816 disciplinam,
1101 3754 1178 3815 quac
1202 3754 1299 3816 prope
1322 3735 1427 3797 cadem
1450 3746 1497 3798 est
1519 3736 1586 3798 susc
1609 3745 1639 3799 et
1662 3745 1800 3799 succurate
1817 3735 2087 3816 explicatGoarius

720 3838 756 3898 nd
780 3838 941 3917 Litargiam
967 3834 1183 3917 chrysostomi.

956 4096 1014 4166 1⁶2.
1054 4098 1178 4166 Grreiio
1205 4097 1345 4166 Domini
1370 4101 1481 4167 musici
1507 4097 1588 4167 desu
1617 4097 1759 4179 ctu-ruti,
1788 4104 1864 4171 cic„

816 4290 908 4367 Huc
939 4298 1109 4360 benedictio
1133 4306 1215 4360 extat
1242 4301 1271 4360 in
1301 4301 1436 4363 carnibus
1464 4301 1606 4381 Liturgiis
1636 4298 1855 4375 Orientalibus,
1884 4297 1921 4359 nd
1951 4296 2089 4359 eumdem

719 4405 828 4482 locunt,
851 4413 881 4467 ct
905 4405 934 4466 in
959 4402 1133 4483 quibusdmn
1156 4402 1230 4465 aliis,

1035 4662 1093 4734 13.
1121 4663 1261 4735 Sursum
1286 4668 1355 4735 sini
1381 4672 1507 4735 rrrcrries
1533 4671 1680 4749 cestrae,
1709 4671 1772 4732 eie.

814 4855 898 4932 Hinc
920 4867 1023 4948 incipit
1047 4866 1195 4929 Prnesatio
1228 4875 1260 4928 ut
1282 4866 1376 4947 vulgo
1399 4868 1532 4932 dicimus.
1579 4867 1665 4941 Quod
1689 4876 1788 4930 autem
1812 4868 1850 4928 ita
1882 4866 1950 4947 Syri
1974 4865 2088 4928 Orien-

720 4970 796 5032 tuies
819 4971 1027 5049 expresserint
1051 4970 1194 5032 Graecam
1219 4970 1375 5032 infirmium
1396 4960 1481 5032 'llum
1504 4962 1564 5045 τοὶς
1586 4965 1738 5055 καρδίας,
1771 4979 1800 5032 et
1824 4971 1881 5032 alin
1905 4969 2087 5032 addiderint:

719 5078 751 5131 ut
776 5069 835 5145 illa,
859 5071 941 5148 apud
963 5078 991 5131 tc
1012 5079 1081 5131 sterit
1104 5068 1366 5144 Deusribrubnm,
1388 5071 1591 5145 Hermisium,
1613 5072 1696 5132 Deus
1719 5071 1824 5147 israel,
1848 5071 1924 5131 levis
1947 5069 2089 5131 momenti

721 5177 777 5245 est,
802 5186 868 5228 erum
891 5169 1039 5230 sententia
1062 5169 1166 5230 endem
1189 5169 1236 5229 sit.
1288 5169 1374 5241 Qtrod
1397 5174 1535 5250 sequitur
1559 5170 1678 5231 Oblatio
1707 5171 1772 5231 Deo
1802 5172 1930 5231 omnium
1957 5167 2088 5228 Domino

721 5266 855 5347 offertur,
878 5270 955 5328 verti
978 5276 1077 5348 potest
1101 5276 1130 5330 et
1153 5287 1225 5330 sano
1248 5270 1353 5330 ntclius
1376 5271 1562 5349 sucrificium
1584 5270 1649 5331 Deo
1673 5268 1814 5349 offertur:
1836 5287 1898 5331 vox
1921 5267 1998 5329 enim
2021 5267 2089 5346 ipsa

720 5383 798 5445 (puae
821 5367 945 5446 proprie
967 5376 997 5429 ot
1020 5369 1057 5430 ad
1080 5368 1205 5429 verbnm
1226 5357 1422 5454 προςφοράν,
1446 5389 1501 5433 sen
1520 5369 1700 5431 ablutionem
1721 5370 1885 5449 sipirilieut,
1908 5384 1965 5448 pru
1988 5367 2089 5428 sacri-
