5150 6534
551 845 628 921 472
1054 845 1417 921 LITURiiIA

552 1030 648 1091 anima
671 1046 739 1090 cum
762 1046 854 1091 carne
875 1046 952 1091 unus
976 1035 1024 1090 cst
1046 1028 1145 1105 homo,
1168 1028 1208 1090 ita
1230 1027 1314 1091 Deus
1337 1036 1368 1090 et
1390 1028 1480 1090 homo
1502 1045 1582 1091 unus
1604 1035 1651 1090 esi
1673 1027 1831 1104 Christus,
1862 1027 1930 1092 ire-

551 1128 747 1209 quentissime
771 1136 933 1208 usurpatur
955 1146 972 1188 a
994 1127 1149 1203 sauchitis,
1173 1136 1203 1188 ct
1227 1145 1294 1188 cum
1317 1127 1347 1189 in
1370 1127 1510 1208 symbolo
1534 1128 1614 1208 quod
1625 1127 1784 1191 Athanasii
1806 1127 1928 1207 dicitur,

553 1234 703 1306 occurret,
728 1245 826 1307 eaque
837 1226 1026 1309 Augustinus
1039 1244 1112 1288 usus
1136 1226 1236 1302 fucrit,
1259 1234 1423 1305 potuerunt
1446 1227 1526 1288 iliam
1549 1227 1662 1307 absque
1685 1226 1928 1307 reprehensione

552 1344 708 1407 usurpare.
732 1326 888 1402 Quomodo
912 1333 958 1387 eci
978 1326 1056 1386 enim
1078 1344 1155 1386 onies
1176 1325 1275 1402 honio,
1299 1326 1403 1385 animo
1425 1333 1456 1387 ei
1476 1343 1598 1404 corpus,
1620 1327 1667 1386 sic
1688 1344 1767 1387 amics
1789 1323 1931 1386 Christus

559 1425 684 1486 Verbum
706 1433 736 1487 ei
756 1425 852 1485 iiomo.
891 1424 937 1485 iia
959 1423 1010 1485 iiie
1033 1424 1176 1485 Traciaiu
1197 1424 1248 1485 ii.
1273 1431 1304 1485 et
1329 1425 1378 1487 79.
1402 1424 1433 1485 in
1454 1424 1611 1500 ioannem,
1634 1423 1800 1486 Euchiridii
1823 1441 1852 1487 c.
1876 1419 1927 1487 36.

556 1524 652 1588 Senm.
676 1523 749 1587 130.
773 1530 803 1585 ei
826 1522 900 1585 261.
923 1522 979 1603 Ep.
1003 1521 1041 1584 ad
1064 1522 1258 1585 Volusianum
1283 1521 1355 1585 137.
1379 1531 1409 1586 ct
1432 1522 1509 1585 alibi.
1543 1522 1615 1584 Eam
1639 1530 1738 1584 tamen
1761 1522 1792 1584 in
1814 1521 1928 1584 Mono-

555 1622 683 1703 physitis
706 1640 767 1686 non
789 1621 995 1703 probaverunt
1014 1621 1202 1698 Anastasius,
1226 1622 1385 1684 Facundus
1408 1621 1528 1683 etalii:
1551 1620 1605 1683 sed
1628 1620 1704 1683 haec
1727 1620 1799 1684 aiibi
1821 1620 1928 1686 insius.

557 1721 653 1783 Urium
675 1728 721 1782 eci
741 1722 925 1801 mysterium,
947 1719 1017 1800 quia
1039 1719 1111 1783 iicet
1132 1719 1162 1781 in
1185 1721 1316 1783 diversis
1336 1720 1507 1800 speciebus,
1530 1736 1622 1782 unurn
1636 1728 1859 1783 sacramentum
1873 1727 1928 1783 est

554 1819 649 1881 Unius
671 1838 747 1882 vcro
770 1826 874 1899 typum
897 1819 1031 1894 exhibet,
1055 1820 1124 1899 quia
1146 1820 1286 1882 unionem
1317 1818 1466 1901 significat
1488 1818 1677 1881 humanitatis
1701 1826 1732 1881 et
1754 1818 1928 1896 divinitatis,

557 1921 645 1981 unius
669 1917 796 1981 Christi:
821 1934 929 1997 nempe
951 1925 983 1978 ut
1006 1917 1108 1979 dicunt
1131 1917 1211 1993 alibi,
1235 1937 1347 1999 corpus
1367 1918 1446 1998 quod
1470 1919 1501 1979 in
1517 1917 1601 1979 disco
1621 1935 1711 1982 sacro
1735 1926 1795 1995 est,
1818 1934 1927 1999 corpus

556 2026 603 2081 cst
625 2017 778 2099 sanguinis
802 2016 896 2077 calice
920 2018 1068 2077 contenti:
1093 2025 1123 2078 ct
1145 2018 1270 2098 sanguis
1293 2019 1325 2079 in
1348 2018 1453 2095 calice,
1476 2018 1601 2098 sanguis
1625 2017 1764 2080 estiiiius
1779 2017 1926 2098 corporis,

556 2123 590 2177 ut
612 2113 744 2195 loquitur
760 2113 917 2177 Barsalibi.
941 2112 1076 2177 Videnda
1092 2132 1170 2195 quae
1184 2124 1285 2177 notata
1299 2123 1369 2178 suni
1381 2117 1419 2178 ad
1431 2114 1597 2197 Liiurgiam
1611 2116 1718 2179 iacobi
1732 2115 1926 2200 Scrugcusis.

939 2848 1543 3028 LITURGIA

679 3179 721 3297 S.
762 3177 1174 3297 JOANNISi
1229 3170 1807 3298 Pu'snlunouuu

836 3419 900 3507 ou
922 3401 1061 3495 sonna
1085 3419 1133 3495 uu
1159 3417 1385 3496 uoouuuuus
1411 3417 1549 3496 onnus
1574 3419 1654 3496 usu.

969 3707 1120 3776 Primum
1148 3707 1270 3777 Oratio
1298 3712 1378 3776 aute
1404 3706 1541 3777 Pacem.

629 3902 746 4004 Duas
783 3929 901 4017 Paion,
939 3929 1101 3999 Dominus
1137 3930 1299 4014 omnium,
1334 3927 1571 4021 tranquillino,
1610 3949 1698 4021 pax,
1739 3936 1773 3997 et
1806 3931 1924 4000 caritas

500 4029 504 4042 ¹
560 4046 752 4116 coelestium
780 4047 1061 4130 emoriendum,
1089 4053 1221 4137 praesia
1248 4044 1345 4115 nobis
1374 4043 1607 4138 peccatoribus
1635 4046 1746 4116 servis
1779 4047 1861 4132 iuis,
1893 4053 1926 4114 ui

560 4165 593 4232 iu
622 4160 935 4254 tranquillitaie‘tua
963 4159 1074 4229 divina
1100 4160 1280 4249 iactemur,
1314 4170 1348 4231 ct
1379 4164 1410 4230 in
1437 4183 1523 4254 pace
1556 4171 1610 4231 tua
1643 4158 1791 4254 perfecte
1829 4159 1925 4231 dele-

561 4286 708 4364 ctemur,
737 4287 770 4347 et
796 4280 827 4346 in
856 4278 991 4346 caritate
1018 4285 1072 4345 iua
1099 4279 1265 4347 veraciter
1292 4275 1486 4368 gloriemur,
1514 4276 1783 4369 illustrenturque
1799 4279 1929 4347 animae

560 4402 697 4466 nostrae
723 4393 865 4462 veritate
898 4400 969 4476 tua,
1001 4389 1213 4484 purificentur
1247 4402 1376 4463 menies
1408 4404 1545 4464 nostrae
1579 4391 1756 4462 dilectione
1790 4401 1865 4478 tua,
1898 4399 1931 4462 ci

561 4506 807 4581 sanctificentur
834 4508 967 4600 spiritus
994 4508 1100 4576 nostri
1128 4529 1190 4600 pec
1223 4512 1384 4601 mysteria
1417 4510 1568 4595 vivifica,
1603 4517 1636 4577 et
1668 4528 1784 4579 conum
1820 4508 1930 4579 hene-

560 4623 635 4694 ficio
664 4622 754 4714 digni
781 4621 973 4707 efficiamur,
1001 4630 1036 4689 ut
1061 4624 1263 4693 consciencia
1291 4646 1390 4716 puna,
1424 4633 1457 4694 ct
1490 4623 1593 4695 corde
1619 4623 1740 4694 mundo
1768 4646 1789 4693 a
1817 4623 1931 4694 sordi-

558 4738 635 4826 bus,
651 4738 886 4832 amplectamur
906 4738 1047 4806 invicem
1063 4739 1097 4806 in
1112 4739 1226 4809 osculo
1247 4749 1362 4809 sancio
1378 4748 1412 4809 et
1425 4739 1550 4829 divino,
1577 4738 1766 4811 inflammati
1780 4745 1933 4827 caritate,

560 4864 595 4924 ct
629 4864 723 4925 casia
756 4864 934 4946 mutuaque
969 4850 1158 4922 dilectione:
1194 4875 1254 4948 per
1287 4877 1436 4926 amorem
1472 4878 1553 4947 erga
1584 4854 1735 4928 homiues
1770 4858 1934 4948 unigeniti

560 4966 636 5038 Filii
664 4972 727 5065 iai,
753 4992 815 5063 peu
841 4990 938 5061 quem
966 4978 1000 5038 ct
1026 4989 1099 5036 cum
1128 4991 1194 5061 quo
1221 4979 1254 5040 ic
1282 4970 1379 5041 decet
1404 4971 1513 5062 gioria
1541 4980 1574 5042 ei
1599 4970 1715 5042 honor.

664 5083 824 5175 Populus.
877 5083 997 5153 Amen.

665 5200 848 5270 Sacerdos.
901 5198 985 5269 Pax.

664 5313 826 5407 Populus.
878 5313 921 5384 Et
948 5335 1022 5386 cum
1049 5314 1164 5409 spiriiu
1191 5321 1259 5386 iuo.
