5150 6534
931 868 1348 946 tttuustnu.
1763 868 1810 940 19

442 1054 574 1144 (lotum,
599 1055 735 1127 Piorum
761 1055 984 1128 etlustorum.
1018 1055 1273 1127 annonas.
1308 1055 1418 1152 Super
1432 1057 1604 1127 incensum
1617 1065 1811 1142 aromatum,

443 1176 486 1246 sit
509 1174 669 1243 memoria
694 1169 871 1244 Ecclesiae
897 1181 1034 1244 sanctae
1060 1179 1095 1242 et
1120 1173 1264 1243 omnium
1291 1171 1432 1242 filiorum
1460 1173 1543 1263 ejus.

545 1286 674 1358 Adolet
699 1290 869 1358 incensam
895 1287 1113 1358 circulariter
1139 1308 1243 1379 snper
1267 1290 1428 1377 mysterio
1445 1286 1552 1358 tribus
1571 1287 1716 1373 vicibus,
1744 1286 1810 1355 de-

441 1404 639 1495 scenditque
666 1424 712 1472 en
736 1404 864 1497 prato}
893 1410 927 1473 et
953 1403 1261 1474 uiscerationem
1286 1405 1510 1494 snsceptionis
1536 1406 1675 1475 incensi.

546 1517 687 1612 Suscipe
713 1517 856 1590 Domine
882 1523 1052 1590 incensum
1078 1518 1300 1591 Sacerdotum
1327 1528 1473 1590 tuorum:
1500 1518 1636 1613 placare
1653 1540 1714 1615 per
1734 1515 1811 1590 suf-

442 1634 531 1705 fitum
558 1656 736 1706 servorum
762 1645 910 1706 tuorum:
938 1644 1178 1730 acceptumque
1204 1633 1292 1705 habe
1318 1634 1532 1705 ministerium
1546 1634 1750 1706 adorantium
1768 1643 1811 1704 te.

441 1748 580 1821 Praesta
607 1729 705 1821 e'liam
731 1771 794 1845 per
820 1749 897 1821 ihutl
926 1753 1068 1844 quietem
1101 1759 1135 1820 et
1167 1752 1360 1820 memoriam
1396 1747 1519 1820 honam
1550 1753 1701 1842 genitrici
1734 1759 1811 1820 tuae

443 1873 477 1937 et
502 1869 626 1940 sanctis
653 1869 738 1954 tuis,
764 1866 828 1936 Fili
856 1863 1003 1938 Christe:
1038 1868 1092 1959 qui
1126 1864 1276 1938 adoraris
1311 1876 1345 1938 et
1377 1863 1572 1957 glorificaris
1605 1888 1679 1939 oum
1711 1864 1810 1936 Patre

441 1989 498 2053 tuo
525 1992 558 2052 et
583 1981 707 2077 Spiritu
735 1992 790 2052 tuo
819 1990 961 2070 sancto,
986 2003 1091 2070 nuuc,
1119 1991 1181 2053 etc.

546 2098 659 2167 Facto
684 2099 921 2191 pennrtlenione
947 2100 1102 2167 incensat
1134 2102 1187 2165 ter
1215 2102 1352 2188 portem
1381 2097 1524 2166 mediam
1554 2117 1689 2166 mensae
1718 2097 1811 2164 citae

443 2234 532 2306 pnoe
550 2219 602 2283 est
622 2219 717 2305 tppns
734 2211 872 2283 Patris:
898 2219 965 2282 tnm
992 2235 1099 2282 corno
1125 2212 1402 2304 Septentrionem
1429 2212 1575 2303 ejusdem
1595 2233 1730 2283 mensae
1750 2216 1810 2279 to-

444 2329 546 2398 tidem
570 2326 719 2413 oicihos,
747 2329 837 2419 qnod
863 2334 914 2398 est
941 2334 1037 2420 typos
1063 2328 1162 2398 Filii:
1188 2333 1241 2397 ter
1268 2330 1370 2397 etiam
1396 2349 1503 2397 cornu
1531 2328 1695 2398 Anstrole
1722 2325 1812 2420 prrorl

443 2449 493 2513 est
520 2450 616 2535 tppns
640 2441 792 2534 Spiritus
816 2448 936 2513 sanati.
989 2445 1036 2514 Et
1063 2442 1147 2513 dicit
1174 2443 1380 2513 Orationem.
1434 2442 1542 2514 Maria
1570 2464 1655 2536 quae
1682 2452 1715 2512 te
1741 2463 1811 2532 ge-

440 2561 527 2630 nuit:
554 2564 614 2628 ant
639 2558 914 2650 (leprecationem
938 2558 1140 2654 penerolem.
1182 2557 1287 2655 Kprie
1315 2557 1444 2629 eleison
1471 2563 1533 2627 ter.
1574 2557 1716 2628 Domine
1742 2560 1810 2627 mi-

442 2696 557 2746 serere
582 2671 688 2748 nohis.
739 2675 840 2744 Pater
866 2683 990 2745 noster.
1044 2673 1167 2745 Statim
1193 2678 1349 2744 incensat
1375 2673 1585 2762 Diaconum,
1622 2680 1656 2745 et
1691 2676 1812 2765 incipit

440 2793 693 2883 responsoriam
720 2789 918 2878 oblationis,
945 2793 1057 2859 sancti
1082 2790 1206 2861 Soceri
1232 2789 1476 2860 Potriorcltoe.

545 2905 713 2978 Exultaho
741 2913 774 2976 te
801 2906 944 2977 Domine
970 2927 1063 2977 meus
1090 2905 1180 2994 Rex,
1207 2904 1349 2976 Sanctus
1376 2906 1469 2977 Deus
1497 2911 1558 2976 ter.
1588 2904 1693 3001 Kprie
1720 2904 1810 2977 elei-

442 3043 513 3094 son.
566 3021 671 3116 Kyrie
698 3019 835 3092 eleison.
889 3021 995 3115 Kyrie
1022 3021 1160 3096 cleison.

544 3138 665 3208 Lectio
692 3137 870 3228 Epistulae
896 3137 1065 3230 Apostoli.
1125 3137 1205 3205 Tum
1230 3137 1323 3206 dicet
1348 3136 1522 3207 Socerrlos
1547 3135 1637 3205 hanc
1664 3136 1808 3207 Oratio-

440 3275 530 3340 nem
557 3259 637 3324 onte
662 3253 860 3323 Lectionem
885 3254 1031 3324 Aetnam
1056 3251 1307 3344 Apostolorum.

543 3368 683 3441 Praesta
709 3366 806 3440 nohis
827 3369 970 3439 Domine
997 3376 1033 3438 ut
1057 3390 1119 3463 per
1146 3370 1406 3440 intercessiones
1423 3365 1662 3463 Apostolorum
1678 3376 1807 3439 tuorum

442 3495 649 3574 sanctorum,
682 3506 748 3555 non
782 3487 885 3556 simus
925 3494 1075 3555 errantes
1112 3493 1168 3555 aut
1198 3482 1396 3555 vacillantes
1431 3486 1465 3552 in
1497 3480 1580 3571 tide,
1614 3482 1673 3555 sed
1706 3492 1741 3553 ut
1774 3485 1808 3553 in

441 3598 654 3671 consessione
686 3622 800 3671 eorum
838 3621 1114 3696 perseveremus,
1155 3599 1368 3692 moribusque
1399 3596 1549 3669 honestis
1584 3606 1618 3669 et
1651 3599 1807 3672 virtutum

442 3718 642 3786 ornamentis
669 3739 755 3811 quae
781 3716 935 3811 placeant
961 3714 1121 3787 divinitati
1154 3724 1249 3802 tuae,
1285 3713 1473 3805 fulgeamus
1507 3713 1656 3786 omnibus
1691 3711 1807 3784 diehus

440 3832 531 3902 vitae
556 3840 709 3919 nostrae,
738 3831 778 3901 nd
805 3832 952 3902 ultimum
978 3853 1083 3926 usque
1110 3834 1278 3924 spiritum,
1306 3827 1436 3900 Christe
1453 3829 1546 3900 Deus
1567 3840 1699 3916 noster,
1728 3850 1807 3923 spes

441 3948 531 4018 ritae
558 3955 710 4033 nostrae,
739 3954 772 4016 et
798 3944 947 4018 salvator
974 3949 1154 4016 animarum
1181 3956 1368 4018 nostrarum
1394 3946 1427 4015 in
1454 3943 1599 4017 saecula.
1635 3943 1755 4017 Amen.

542 4061 591 4132 Et
611 4067 695 4152 post
717 4060 894 4132 lectionem
920 4061 1066 4130 Aetnam
1091 4060 1350 4152 Apostolorum,
1377 4060 1469 4130 dicet
1494 4059 1583 4130 hanc
1611 4059 1808 4131 Orationem

442 4182 522 4247 onte
547 4176 707 4269 Apostoli
732 4176 918 4249 lectionem.

544 4291 684 4387 Suscipe
710 4294 852 4365 Domine
879 4296 971 4366 Deus
999 4295 1167 4365 orationes
1197 4301 1232 4364 et
1265 4291 1517 4386 deprecationes
1552 4301 1685 4364 nostras
1720 4293 1805 4388 apud

441 4414 493 4492 te,
521 4405 585 4479 hoc
612 4418 779 4502 tempore,
806 4420 839 4480 et
853 4420 987 4504 praesta
1008 4409 1106 4482 nohis
1121 4419 1156 4479 ut
1174 4431 1246 4479 cum
1265 4410 1406 4502 puritate
1428 4417 1461 4478 et
1484 4412 1658 4480 sanctitate
1679 4407 1806 4480 ohser-

440 4542 559 4594 vemus
592 4523 745 4595 mandata
780 4535 852 4610 tua,
888 4535 921 4596 et
959 4524 1197 4618 Apostolorum
1238 4533 1367 4594 tuorum
1407 4522 1609 4612 divinornm,
1646 4532 1680 4593 et
1712 4523 1807 4596 Pauli

443 4636 611 4709 architecti
644 4649 678 4710 et
713 4639 932 4711 aedificatoris
957 4638 1134 4711 Ecclesiae
1167 4650 1243 4710 tuae
1279 4649 1416 4710 sanctae
1450 4641 1615 4732 Domine,
1648 4640 1740 4710 Deus
1773 4643 1805 4709 in

442 4751 585 4826 saecula.

544 4869 766 4962 Evangelium
799 4881 946 4943 sanctum
978 4873 1111 4943 Domini
1144 4873 1247 4944 nostri
1286 4871 1369 4943 Jesu
1405 4869 1545 4958 Christi,
1579 4870 1804 4967 praedicatum

442 5006 503 5079 per
529 4984 717 5058 hluthaeum
742 4988 961 5082 Apostolum,
988 4998 1044 5058 aut
1069 5011 1129 5082 per
1154 4988 1336 5076 loannem,
1370 4990 1472 5058 vitam
1506 4998 1539 5058 et
1565 4985 1705 5058 salutem
1739 5008 1806 5055 an-

440 5104 601 5172 nuncians
628 5103 758 5174 mundo.
811 5102 902 5173 Sice.
955 5105 1175 5175 Aurunciatio
1202 5103 1337 5174 vivifica
1365 5125 1426 5196 per
1452 5100 1620 5190 Marcum,
1647 5112 1704 5173 aut
1728 5100 1805 5172 Lu-

441 5237 515 5286 cam
541 5215 795 5310 EvangelistaS,
823 5240 909 5314 quae
937 5222 1110 5289 annunciat
1136 5219 1237 5289 vitam
1266 5230 1300 5290 et
1325 5217 1463 5290 salutern
1489 5216 1621 5288 mundo,

480 5349 567 5398 tomus
580 5355 606 5398 u.
1576 5335 1600 5409 6
