5150 6534
785 876 816 954 S.
843 875 978 954 JACOBl
1006 873 1191 952 APOSTOLI
1216 874 1372 952 FRATRIS
1398 873 1540 951 D0llllll.
1801 876 1851 949 33

586 1064 752 1136 Miserere
777 1062 888 1152 nobis,
914 1063 1008 1134 Deus
1034 1060 1134 1134 Pater
1160 1064 1381 1158 omnipotens,
1408 1071 1443 1134 et
1466 1064 1558 1133 mitte
1581 1061 1739 1157 Spiritum
1759 1071 1850 1134 tuum

486 1191 646 1269 sanctum,
673 1180 850 1252 Dominum
877 1188 910 1250 et
935 1177 1170 1264 vivificantem,
1203 1181 1257 1271 qui
1292 1176 1350 1248 tibi
1385 1177 1503 1251 throno
1537 1176 1685 1272 aequalis
1713 1187 1782 1265 est,
1815 1185 1850 1248 et

485 1297 552 1369 lilio
579 1295 725 1391 aequalis
750 1316 877 1388 regno,
909 1293 1197 1366 consubstantialis
1234 1304 1268 1365 st
1300 1303 1517 1383 coaetemus3
1553 1297 1608 1387 qui
1642 1292 1771 1364 locutus
1799 1300 1874 1365 est'

486 1418 520 1485 in
545 1412 641 1504 Lege
668 1422 702 1484 et
726 1411 901 1508 Prophetis
928 1419 962 1482 et
987 1409 1087 1481 Novo
1114 1408 1329 1482 Testamentc
1357 1420 1433 1500 tuo;
1461 1412 1516 1505 qui
1542 1407 1712 1480 descendit
1735 1412 1769 1480 in
1796 1410 1850 1480 si-

486 1529 664 1601 militudine
690 1527 863 1602 columbae
890 1549 991 1623 super
1009 1526 1186 1598 Dominum
1202 1536 1350 1598 nostrum
1373 1526 1488 1600 Jesum
1504 1524 1680 1614 Christum,
1706 1528 1739 1596 in
1765 1523 1851 1595 Jor-

488 1645 574 1716 dane
599 1643 748 1717 llumine:
776 1647 831 1740 qui
857 1641 1028 1717 descendit
1054 1663 1155 1738 super
1186 1640 1373 1737 Apostolos
1406 1651 1541 1715 sanctos
1576 1643 1610 1712 in
1643 1639 1851 1714 similitudine

487 1760 671 1853 linguarum
698 1764 796 1853 ignis.

589 1875 750 1970 Populus.
778 1875 884 1971 Kyrbe
910 1874 1037 1948 eleison
1064 1881 1127 1946 ter.

591 2003 776 2075 Sacerdos.
803 2003 848 2077 Ut
876 2003 1057 2076 adveniens
1084 2003 1201 2074 elliciat
1230 2025 1350 2099 panem
1376 2006 1491 2093 istum,
1522 2022 1644 2096 corpus
1671 1997 1852 2091 vivificum,

489 2143 611 2216 corpus
638 2120 795 2209 salutare,
822 2142 945 2214 corpus
972 2118 1132 2207 coeleste,
1160 2139 1282 2214 corpus
1310 2117 1481 2190 animabus
1508 2127 1542 2189 et
1564 2115 1761 2213 corporibus
1788 2136 1852 2187 sa·
1905 2210 1907 2216 Ι

488 2235 589 2307 lutem
627 2245 817 2331 praestans,
860 2256 983 2329 corpus
1022 2233 1269 2305 cominius
1316 2242 1350 2304 et
1390 2232 1578 2306 Salvatoris
1625 2235 1729 2305 nostri
1769 2232 1854 2303 Jcsu

491 2352 625 2442 Christi,
650 2355 684 2422 in
710 2353 938 2424 remissionem
971 2361 1182 2446 peccatorum
1216 2359 1250 2420 et
1274 2353 1378 2421 vitam
1413 2358 1582 2421 aeternam
1617 2346 1853 2444 accipientibus

490 2467 579 2539 illud.
786 2467 946 2561 Populus.
973 2468 1093 2539 Amen.

593 2597 776 2671 Sacerdos.
803 2597 847 2672 Et
872 2601 1001 2671 mistum
1029 2599 1115 2693 quod
1142 2609 1194 2672 est
1220 2601 1253 2670 in
1278 2596 1343 2670 hoc
1370 2596 1488 2685 calice,
1515 2597 1633 2669 alliciat
1659 2599 1854 2689 sanguinem

491 2714 694 2787 Testamenti
725 2714 835 2806 Novi,
868 2719 1065 2807 sanguinem
1096 2715 1295 2803 salutarem,
1329 2716 1525 2805 sanguinem
1557 2713 1742 2804 vivificum,
1769 2735 1855 2784 san·
1896 2760 1898 2765 -

491 2834 624 2924 gruirmm
651 2830 841 2922 coelestem,
868 2834 1062 2924 sanguinem
1089 2831 1258 2903 animabus
1294 2840 1327 2901 et
1353 2827 1549 2924 corporibus
1585 2829 1723 2902 salutem
1748 2851 1856 2924 prac-

493 2955 642 3034 stantem‚
670 2950 864 3040 sanguinem
890 2948 1023 3020 Domini
1049 2948 1114 3018 Dei
1141 2956 1175 3017 et
1200 2944 1389 3017 Salvatoris
1415 2949 1521 3017 nostri
1547 2945 1630 3019 Jesu
1656 2945 1795 3017 Christi:
1823 2946 1858 3015 in

492 3066 721 3135 remissionem
748 3074 959 3158 peccatorum
986 3073 1019 3134 et
1045 3065 1148 3133 vitam
1175 3071 1342 3132 aeternam
1370 3061 1623 3156 suscipientibus
1649 3058 1747 3132 illum.

595 3195 755 3288 Populus.
781 3195 900 3268 Amen.

597 3327 780 3398 Sacerdos.
807 3325 852 3397 Ut
878 3330 943 3401 sint
969 3327 1065 3400 nobis
1094 3338 1127 3400 et
1153 3325 1304 3399 omnibus
1340 3327 1395 3421 qui
1422 3347 1468 3396 ex
1500 3324 1563 3396 ilhs
1590 3325 1765 3419 acciplent,
1792 3326 1858 3395 iis-

496 3465 560 3538 que
586 3442 884 3530 communicabunt,
911 3443 953 3513 ad
988 3445 1194 3515 sanctitatem
1222 3445 1401 3514 animarum
1430 3450 1686 3536 etcorporum,
1713 3437 1755 3509 ad
1781 3438 1857 3509 fru-

496 3556 724 3629 ctificationem
761 3579 898 3653 operum
932 3557 1112 3630 bonorum:
1153 3559 1196 3630 ad
1241 3557 1527 3630 confirmationem
1565 3554 1739 3628 Ecclesiae
1781 3558 1871 3626 tuae'

496 3682 648 3760 sanctae,
684 3696 782 3767 quam
816 3696 918 3769 super
950 3696 1056 3762 verae
1088 3672 1164 3745 fidei
1196 3684 1324 3769 petram
1357 3672 1520 3759 fundasti,
1549 3682 1584 3743 et
1617 3681 1736 3767 portae
1763 3669 1859 3742 inleri

494 3809 562 3860 non
587 3787 829 3883 praevalebunt
854 3789 1017 3862 adversus
1044 3813 1131 3878 eam,
1157 3812 1230 3861 cum
1256 3788 1453 3861 liberaturus
1480 3791 1527 3862 sis
1553 3787 1643 3860 illam
1676 3786 1718 3858 ab
1746 3791 1859 3859 omni-

494 3901 556 3976 bus
583 3903 778 3978 haeresibus
794 3917 828 3978 et
841 3905 1007 3979 scandalis
1022 3909 1227 4001 operantium
1242 3909 1442 3999 iniquitates,
1463 3904 1625 3999 usquead
1642 3925 1859 3976 consumma-

496 4023 620 4092 tionem
646 4022 788 4094 saeculi:
816 4044 877 4118 per
904 4025 1057 4114 gratiam,
1084 4022 1344 4094 misericordiam
1370 4033 1404 4093 et
1430 4043 1575 4093 amorem
1603 4043 1684 4112 erga
1709 4018 1860 4090 homines

494 4139 653 4228 unigeniti
678 4136 754 4208 Filii
781 4141 839 4228 tui,
865 4161 928 4234 per
954 4161 1053 4233 quem
1079 4149 1113 4210 et
1140 4161 1214 4210 cum
1241 4160 1307 4232 quo
1335 4147 1368 4208 te
1395 4138 1493 4209 decet
1518 4136 1624 4230 gloria
1652 4145 1686 4207 et
1710 4133 1825 4207 honor.

600 4269 760 4362 Populus.
787 4271 907 4343 Amen.

598 4398 772 4473 Sacerdos
797 4403 988 4474 inclinatus.
1025 4403 1236 4499 Quapropter
1263 4403 1428 4476 offerimus
1455 4401 1533 4490 tibi,
1560 4400 1721 4488 Domine,
1748 4402 1860 4474 sacri-

497 4514 606 4587 ficium
632 4514 698 4587 boc
724 4518 928 4589 tremcndum
955 4528 988 4590 et
1013 4521 1217 4591 incruentum
1243 4542 1305 4615 pro
1332 4519 1415 4593 locis
1442 4521 1505 4590 tuis
1532 4520 1656 4590 sanctis
1690 4540 1775 4612 quae
1801 4536 1863 4611 per

499 4629 799 4706 manifestationem
827 4631 948 4707 Christi
975 4634 1049 4705 Filii
1076 4638 1121 4705 tui
1147 4636 1333 4725 illustrasti,
1368 4638 1547 4730 praecipue
1578 4656 1665 4726 vero
1692 4656 1754 4728 pro
1780 4631 1863 4703 Sion

501 4757 631 4838 sancta,
658 4757 763 4821 matre
790 4753 933 4822 omnium
958 4746 1197 4842 Ecclesiarum,
1225 4763 1258 4824 et
1285 4773 1347 4849 pro
1374 4750 1527 4824 Ecclesia
1557 4760 1613 4823 tua
1648 4757 1762 4822 sancta
1793 4754 1863 4819 toto

501 4860 585 4936 orbe
610 4863 734 4938 dillusa.

603 4995 789 5068 Dioeonsts.
831 4994 978 5069 Benedie
1011 5000 1162 5071 Domine.
1195 4998 1336 5072 Oramus
1371 5008 1405 5070 et
1422 4994 1655 5096 'deprecemur
1686 4998 1864 5068 Dominum

499 5112 607 5183 Deum
633 5120 793 5202 nostrum,
806 5109 870 5183 boc
889 5117 1049 5208 temporis
1069 5125 1248 5205 momento,
1266 5136 1402 5207 magno,
1425 5114 1568 5187 timendo
1587 5123 1621 5184 et
1647 5120 1774 5201 sancto,
1798 5133 1860 5207 pro

499 5225 649 5321 patribus
669 5236 702 5299 et
725 5227 912 5301 rectoribus
931 5231 1067 5318 nostris,
1088 5233 1143 5323 qui
1165 5229 1262 5303 hodie
1282 5230 1381 5303 nobis
1404 5239 1571 5327 praesunt,
1592 5238 1626 5301 et
1646 5228 1864 5324 inpraesenti

500 5344 569 5414 vita
586 5341 760 5419 Ecclesias
788 5355 922 5419 sanctas
940 5346 1005 5417 Dei
1030 5355 1171 5442 pascunt
1196 5356 1231 5419 et
1247 5345 1451 5441 gubemant:
1477 5345 1678 5421 venerandis
1702 5357 1736 5419 et
1757 5343 1865 5417 beatis
