5150 6534
953 771 1313 848 liESlelll.
1741 776 1816 849 623

448 963 541 1032 navit
567 982 629 1032 nos
656 960 730 1032 luce
757 961 916 1034 scientiae
944 957 1087 1030 divinae.
1132 958 1200 1029 lllis
1227 961 1312 1030 enim
1340 961 1393 1052 qui
1419 969 1619 1053 receperunt
1645 984 1719 1032 curn
1748 963 1815 1035 de-

449 1076 496 1148 dit
528 1086 725 1170 potestatem
762 1076 846 1147 filios
881 1075 945 1145 llei
980 1074 1069 1145 lieri:
1108 1074 1277 1145 mundavit
1309 1096 1372 1147 nos
1406 1084 1440 1145 ct
1474 1077 1624 1169 expiauit
1656 1098 1718 1149 nos
1754 1104 1815 1175 per

448 1190 645 1286 baptismum
673 1215 781 1286 aquae
807 1201 952 1276 sanctae,
980 1201 1013 1262 et
1040 1191 1258 1261 sanctificavit
1293 1212 1356 1263 nos
1388 1183 1536 1282 ⁸gratia
1570 1215 1630 1263 sua
1658 1216 1718 1288 por
1746 1193 1813 1266 do-

448 1330 525 1379 nurn
552 1308 694 1403 Spiritus
722 1310 838 1379 sancti.
890 1306 961 1377 Eos
990 1328 1121 1400 quoque
1156 1309 1210 1401 qui
1238 1306 1424 1401 consepulti
1451 1317 1525 1378 sunt
1561 1311 1623 1404 ipsi
1658 1332 1719 1403 per
1745 1311 1812 1382 ba-

447 1428 613 1520 ptismum,
640 1427 824 1514 suscitavit,
851 1432 884 1494 et
911 1422 1071 1508 elevavit,
1098 1421 1344 1518 collocavitque
1371 1444 1484 1493 secum
1506 1425 1536 1492 in
1552 1424 1661 1512 coelo,
1688 1448 1813 1496 sccun-

449 1540 525 1611 dum
552 1543 805 1636 promissionem
832 1562 934 1611 suoru.
977 1537 1125 1633 Cumque
1153 1538 1328 1610 dilexisset
1354 1561 1433 1611 suos
1461 1541 1515 1632 qui
1543 1541 1575 1608 in
1602 1538 1666 1612 hoc
1693 1541 1814 1612 mundo

449 1666 556 1744 eraut,
583 1679 687 1749 usque
715 1659 747 1726 in
774 1655 871 1727 [inem
899 1653 1016 1725 dilexit
1043 1677 1115 1739 coS,
1143 1652 1317 1748 laetusque
1353 1664 1405 1725 est
1439 1653 1658 1726 succidaneus
1684 1679 1814 1750 poenae

448 1769 580 1843 debitae
606 1775 754 1866 peccatis
780 1775 915 1863 generis
943 1774 1060 1859 nostri,
1088 1792 1148 1865 pro
1177 1774 1245 1841 vita
1279 1773 1437 1854 omnium,
1465 1768 1616 1865 deditque
1644 1792 1682 1842 se
1708 1775 1812 1868 ipsum

448 1911 510 1983 pro
545 1886 695 1958 omnibus
729 1887 771 1958 ad
806 1899 944 1958 mortem
981 1908 1067 1979 quae
1100 1897 1201 1978 super
1233 1907 1295 1956 nos
1335 1885 1519 1975 regnabat,
1556 1898 1590 1958 et
1625 1888 1684 1960 sub
1720 1894 1813 1981 cujus

448 2013 615 2100 potestate
641 2006 793 2074 servituti
822 2002 943 2074 addicti
971 2023 1115 2086 eramus,
1142 2001 1250 2072 eidem
1276 2000 1402 2072 venditi
1429 2024 1490 2096 per
1516 2013 1655 2097 peccata
1682 2014 1813 2078 nostra:

449 2131 482 2191 et
508 2143 568 2214 per
596 2122 790 2210 sanguinem
817 2140 910 2189 suum
938 2121 1117 2212 pretiosum
1145 2116 1298 2207 redemit,
1325 2128 1359 2189 et
1386 2116 1531 2189 salvarit
1559 2142 1637 2191 nos:
1665 2119 1814 2191 dcsccn-

448 2235 559 2329 ditquc
586 2234 628 2305 ad
654 2235 794 2322 inleros,
821 2244 855 2305 ct
881 2234 981 2305 solvit
1008 2232 1138 2304 uincula
1175 2237 1290 2304 mortis
1324 2237 1470 2305 voracis.
1523 2235 1566 2306 Et
1593 2239 1667 2330 quia
1691 2240 1813 2328 justum

446 2374 514 2424 non
542 2360 613 2422 crat
639 2362 674 2422 ut
700 2355 732 2422 in
759 2349 888 2422 inferno
916 2348 1127 2436 detineretur,
1155 2372 1174 2419 a
1199 2360 1315 2436 morte,
1343 2352 1497 2445 princeps
1525 2350 1639 2422 salutis
1666 2363 1814 2442 nostrae,

447 2471 592 2540 surrexit
619 2491 638 2537 a
665 2470 801 2540 mortuis
828 2469 923 2536 tertia
950 2464 1021 2552 die3
1050 2475 1083 2536 et
1108 2462 1215 2535 factus
1243 2477 1296 2537 est
1322 2468 1483 2561 primitiae
1511 2466 1752 2555 dormientium,
1779 2479 1816 2539 ut

447 2596 539 2655 esset
565 2588 689 2678 primus
717 2587 748 2653 in
775 2582 942 2654 omnibus:
979 2580 1128 2653 ascendit
1154 2584 1187 2652 iu
1215 2581 1362 2653 coelum:
1396 2580 1545 2675 seditque
1572 2582 1613 2653 ad
1641 2582 1813 2653 dextoram

447 2702 629 2792 majestatis
666 2707 751 2785 tuae,
785 2698 888 2769 Deus.
948 2696 992 2766 Et
1026 2696 1156 2789 reliquit
1188 2695 1284 2768 nobis
1318 2702 1664 2770 commemorationem
1700 2700 1814 2771 salutis

446 2828 594 2900 nostrae,
621 2820 813 2910 mysterium
840 2817 904 2886 hoc
931 2814 1018 2908 quod
1046 2813 1211 2886 ollcrimus
1238 2836 1353 2886 coram
1380 2826 1422 2887 te.
1478 2810 1560 2886 Cum
1588 2818 1672 2886 enim
1701 2815 1813 2886 adve-

446 2937 550 3004 nisset
578 2944 704 3028 tempus
732 2955 797 3026 quo
827 2930 1016 3002 tradebatur
1050 2953 1111 3025 pro
1139 2934 1208 3001 vita
1236 2931 1363 3017 mundi,
1397 2940 1570 3026 postquam
1597 2934 1754 3002 coenavit
1780 2935 1813 3002 in

447 3048 610 3121 Paschate
636 3049 722 3140 legis
750 3047 892 3142 bloqsiS,
919 3048 1049 3140 accepit
1074 3069 1193 3140 panem
1230 3051 1262 3116 in
1295 3070 1411 3118 manus
1444 3068 1523 3117 suas
1560 3058 1713 3134 sanctas,
1745 3051 1813 3118 irn-

446 3164 628 3235 maculatas
656 3175 690 3236 ct
716 3164 917 3258 impollutas,
943 3162 1115 3234 benedixit
1148 3162 1327 3254 etfregit,
1362 3174 1395 3233 ct
1426 3162 1440 3201 ⁰
1466 3164 1626 3254 comedit,
1661 3147 1841 3258 deditque¹

447 3280 616 3373 discipulis
644 3291 677 3350 et
703 3279 795 3365 dixit,
824 3281 974 3372 accipite,
1002 3277 1089 3349 edite
1117 3300 1232 3349 exeo
1260 3302 1323 3351 vos
1352 3300 1477 3350 ornnes
1513 3280 1587 3352 lloc
1613 3291 1665 3351 cst
1691 3302 1813 3374 corpus
1847 3267 1849 3276 '

446 3419 555 3466 mcum
582 3395 670 3489 quod
697 3417 759 3488 pro
786 3394 884 3467 vobis
912 3392 1073 3485 frangitur
1110 3396 1400 3464 inremissionem
1431 3406 1654 3490 pcccatorum.
1709 3393 1813 3464 Simili

447 3511 546 3584 modo
574 3521 607 3581 et
633 3511 771 3582 calicem
798 3513 927 3580 miscuit
953 3513 1031 3580 vino
1068 3519 1102 3579 et
1129 3495 1224 3604 aqua,
1253 3519 1286 3581 et
1313 3511 1493 3596 benedixit,
1522 3521 1555 3581 ct
1580 3509 1672 3593 bibit,
1701 3507 1813 3578 dedit-

447 3651 512 3722 que
539 3627 706 3723 discipulis
732 3630 801 3698 suis
828 3637 862 3698 et
889 3625 981 3697 dixit.
1027 3627 1136 3698 Bibitc
1163 3649 1207 3696 cx
1235 3650 1278 3698 eo
1306 3650 1370 3700 vos
1399 3649 1531 3698 omues:
1559 3626 1621 3696 llic
1648 3636 1700 3696 cst
1727 3647 1812 3694 san-

445 3746 521 3833 guis
547 3765 641 3813 meus
668 3743 872 3813 Testamenti
897 3746 989 3833 novi,
1019 3744 1072 3836 qui
1099 3764 1160 3837 pro
1189 3744 1296 3814 multis
1324 3741 1497 3813 ellunditur
1523 3747 1554 3814 in
1583 3744 1811 3813 remissionem

445 3867 669 3952 peccatorum,
697 3868 796 3953 atquc
822 3861 867 3927 ita
895 3857 994 3929 lacite
1021 3860 1054 3928 in
1081 3862 1145 3929 mci
1173 3861 1364 3929 memoriam
1391 3858 1499 3929 donec
1525 3863 1666 3930 vertiam.
1714 3861 1812 3943 Quo-

445 3977 650 4065 tiescumque
677 3976 762 4043 eninr
791 3972 1070 4045 manducaveritis
1103 3998 1147 4045 cx
1181 3974 1244 4046 boc
1279 3997 1386 4069 pane,
1420 3984 1453 4045 ct
1488 3974 1635 4048 biberitis
1670 3998 1716 4045 cx
1749 3975 1812 4046 boc

445 4090 561 4172 calice,
588 4098 727 4158 mortem
754 4111 860 4159 rneaur
889 4089 1129 4161 annunciabitis
1157 4089 1330 4185 usquead
1358 4089 1535 4161 adventurn
1553 4113 1670 4161 mcum.
1697 4090 1812 4185 ltaque

446 4208 642 4298 quicumque
669 4227 741 4274 curn
768 4204 932 4275 lidevera
960 4205 1098 4275 accedet
1125 4215 1157 4276 et
1183 4204 1392 4301 participabit
1418 4228 1464 4275 cx
1491 4205 1565 4296 dtis,
1593 4209 1658 4278 sint
1685 4209 1716 4276 ci
1733 4206 1812 4276 Do-

445 4326 533 4393 mine
566 4323 598 4390 in
630 4323 762 4392 veniam
800 4320 1012 4413 delictorum,
1052 4332 1084 4392 et
1120 4324 1351 4414 remissionem
1386 4332 1618 4416 peccatorum,
1652 4344 1811 4418 spemque

446 4458 600 4528 magnam
628 4439 882 4508 resurrectionis
910 4460 930 4506 a
957 4441 1107 4526 mortuis,
1135 4448 1169 4508 ct
1195 4437 1236 4508 ad
1253 4440 1355 4509 vitam
1382 4460 1504 4509 novam
1532 4442 1562 4508 in
1591 4459 1696 4529 regno
1723 4460 1810 4509 coe-

444 4552 563 4623 lorum.

549 4669 677 4739 Conon.
730 4667 773 4738 Et
799 4665 942 4754 laudem,
977 4665 1156 4755 honorem,
1191 4673 1371 4762 gratiarum
1406 4673 1581 4754 actionem,
1613 4678 1647 4741 et
1682 4668 1809 4741 adora-

445 4785 569 4853 tionem
597 4783 781 4854 releremus
809 4780 866 4853 tibi
893 4781 993 4854 Pater
1019 4782 1234 4875 abscondite,
1260 4797 1293 4858 et
1319 4786 1386 4856 srlio
1414 4794 1489 4870 tuo,
1515 4784 1600 4880 proli
1627 4784 1811 4876 gloriosae,

445 4908 479 4968 et
505 4898 639 4993 Spiritui
666 4909 721 4970 tuo
749 4902 831 4970 vivo
859 4908 892 4969 ct
918 4909 1047 4991 sancto,
1074 4911 1108 4972 et
1133 4901 1327 4990 vivificanti,
1355 4912 1490 4972 nuncet
1510 4922 1642 4995 sempcr
1668 4904 1700 4972 in
1728 4925 1814 4974 sae-

445 5013 519 5086 cula
550 5014 768 5086 sacculorum.

547 5129 672 5222 Siqnut
697 5135 866 5223 eupaterio.
920 5132 1098 5202 Diaconos
1123 5132 1216 5201 dicit.
1243 5133 1395 5227 Aspicite
1422 5133 1716 5225 mansuetudinem,
1743 5135 1812 5205 lru-

444 5246 613 5320 militatem
640 5256 675 5320 ct
700 5246 920 5320 obedientiam
949 5247 1072 5322 Christi
1097 5248 1284 5322 Salvatoris
1311 5252 1432 5339 nostri,
1459 5272 1533 5321 curn
1561 5251 1659 5322 oculo
1687 5255 1812 5343 cogni-
