5150 6534
954 875 1007 950 tlt
1037 872 1326 951 titulatas
1360 870 1629 980 sublacus.
1921 872 1971 945 93

604 1059 705 1121 oleant
733 1057 825 1139 digne
854 1057 905 1120 illa
938 1060 1117 1139 percipere,
1147 1058 1304 1138 quisquam
1333 1075 1462 1138 unquam
1493 1056 1687 1130 existimavit;
1722 1073 1789 1117 nam
1822 1054 1972 1117 neminem

600 1158 744 1241 judicium
766 1156 823 1219 sibi
845 1157 1027 1220 manducare
1050 1164 1081 1219 et
1103 1156 1208 1240 bibere
1231 1164 1335 1219 contra
1346 1157 1486 1239 Apostoli
1508 1157 1684 1222 sententiam
1700 1154 1769 1216 inde
1782 1163 1971 1235 sequeretur.

603 1257 698 1320 blulto
727 1258 839 1333 minus,
869 1257 1116 1336 transformatio,
1140 1257 1298 1317 translatio
1325 1256 1424 1336 scapis
1451 1258 1651 1335 incorpore,
1673 1254 1780 1315 aalide
1801 1255 1833 1314 in
1855 1272 1972 1328 cuore,

604 1355 825 1439 petendaerat,
848 1356 886 1419 ad
908 1357 987 1438 piam
1001 1357 1182 1419 sacramenti
1196 1355 1465 1436 participationem,
1489 1372 1556 1417 cum
1569 1353 1638 1415 inde
1649 1360 1838 1433 sequeretur,
1861 1351 1972 1413 nullam

605 1474 675 1519 esse
696 1457 990 1534 transmutationem,
1020 1474 1095 1535 erga
1124 1455 1246 1536 indigne
1275 1454 1544 1531 communicantes,
1574 1469 1653 1534 quae
1679 1452 1905 1534 germanissima
1925 1456 1973 1513 est

604 1555 835 1617 l’rotestantium
861 1554 1006 1616 doctrina.
1048 1553 1247 1634 Distinguitur
1278 1571 1398 1633 quoque
1429 1560 1569 1615 accurate
1598 1554 1629 1613 in
1657 1550 1793 1613 omnibus
1824 1555 1973 1630 quotquot

605 1659 708 1715 extant
734 1651 937 1716 invocationis
966 1652 1120 1731 icrmulis,
1150 1654 1298 1714 advectare
1327 1659 1377 1713 aut
1405 1653 1532 1732 illapsas
1561 1650 1690 1731 Spiritus
1719 1650 1817 1713 sancti
1839 1651 1869 1710 in
1892 1648 1972 1711 dona

600 1752 776 1833 proposita,
807 1758 838 1813 et
860 1753 891 1813 in
913 1769 968 1814 ecs
991 1753 1041 1833 qui
1065 1750 1170 1814 eadem
1192 1752 1364 1831 suscepturi
1385 1757 1463 1814 sunt.
1508 1751 1636 1827 Primus,
1659 1757 1694 1811 ut
1713 1750 1796 1811 done
1813 1749 1974 1827 proposita

601 1854 703 1934 faciet
722 1872 834 1933 corpus
855 1862 886 1914 et
899 1855 1073 1933 sanquinem
1086 1849 1216 1912 Christi:
1239 1851 1326 1929 alter,
1348 1858 1382 1911 ot
1402 1853 1454 1930 qai
1474 1851 1593 1911 illenim
1611 1851 1779 1929 participes
1800 1854 1896 1923 ararat,
1919 1866 1974 1907 re-

604 1955 775 2015 missiorem
794 1959 990 2031 peccatoram
1013 1958 1240 2030 cousequantur,
1264 1959 1293 2012 et
1313 1952 1407 2010 eitam
1429 1958 1594 2013 aetenam.
1625 1949 1656 2012 Si
1669 1948 1728 2011 duo
1740 1948 1815 2009 haec
1829 1945 1866 2007 ad
1878 1945 1972 2007 selam

603 2049 787 2113 fructuosam
810 2051 1046 2124 communionem
1057 2049 1238 2128 reserantur,
1254 2050 1334 2110 nulla
1348 2052 1443 2131 magis
1455 2049 1608 2112 commoda
1621 2049 1852 2111 Protestantium
1863 2064 1973 2108 causae

604 2150 814 2231 interpretatio
838 2150 1009 2230 excogitari
1030 2155 1160 2229 poterat.

692 2248 760 2328 lpsa
780 2247 934 2310 invocatio
957 2265 1035 2328 quae
1057 2247 1252 2309 firmissimam
1275 2248 1408 2309 continet
1430 2266 1523 2309 verae
1542 2246 1804 2327 substantialisque
1819 2253 1972 2307 transmu-
2019 2243 2070 2297 Per
2092 2244 2207 2298 aversas
2227 2263 2294 2314 (1¹¹⁰-

605 2348 726 2409 tationis
747 2346 973 2427 probationem,
997 2347 1171 2427 simpliciter
1193 2344 1359 2423 intellecta,
1382 2353 1414 2407 ut
1438 2366 1502 2409 earn
1526 2348 1595 2427 Syri
1618 2346 1767 2429 Theologi
1791 2344 1970 2425 intelligunt,
1985 2330 2294 2431 rumdaminterpretatip·

527 2463 532 2470 ·
605 2465 663 2527 per
685 2447 830 2526 ejusmodi
852 2447 1093 2508 commentarium
1117 2464 1176 2507 non
1200 2464 1275 2507 vana
1299 2445 1388 2507 modo
1412 2453 1442 2507 et
1464 2446 1575 2509 inutilis
1599 2446 1732 2523 efficitur,
1756 2446 1810 2507 sed
1835 2434 2030 2506 difficili-¹¹⁶s
2057 2434 2097 2469 Μ
2122 2417 2294 2470 ¹¹¹V⁰⁰'‘¹⁰¹¹¹⁸

605 2562 669 2605 mas
691 2544 877 2626 objectiones
900 2546 996 2627 parit,
1027 2564 1102 2625 quas
1126 2546 1296 2607 acutissima
1319 2544 1483 2608 Dialectica
1505 2546 1646 2608 refellere
1668 2564 1727 2608 non
1750 2552 1862 2625 potest.
1908 2542 1971 2604 Nec
1985 2503 2292 2645 {affibssfflffu'

605 2644 684 2705 enim
706 2643 787 2724 quod
810 2663 850 2706 ex
872 2644 1090 2707 recentioribus
1114 2644 1241 2724 quidam,
1264 2646 1313 2706 vir
1334 2662 1407 2706 sanc
1431 2646 1551 2722 doctus,
1572 2645 1626 2708 sed
1648 2646 1766 2706 minime
1786 2644 1972 2725 'lbeologus,
2236 2631 2243 2644 ⁰

604 2742 745 2804 insimili
768 2752 945 2826 argumento
967 2743 1057 2821 dixit,
1081 2744 1155 2804 milti
1175 2762 1268 2805 carce
1290 2763 1350 2804 noa
1372 2753 1417 2805 ert
1438 2746 1511 2823 qaid
1531 2746 1635 2806 dicant
1656 2745 1817 2820 haeretici,
1851 2744 1973 2823 probari

604 2847 705 2923 potest
726 2841 764 2903 ab
787 2840 848 2903 ullo
865 2841 1052 2905 Christianae
1076 2842 1255 2904 concordiae
1279 2841 1425 2905 studioso.
1462 2843 1559 2905 Curae
1583 2842 1670 2905 nobis
1693 2861 1763 2906 esse
1781 2841 1974 2923 dcbctquid-

606 2940 677 3020 quid
693 2940 814 3002 veritati
835 2941 1068 3020 incommodare,
1093 2948 1142 3003 aut
1165 2940 1274 3002 iratres
1298 2947 1419 3002 nostros
1442 2944 1470 3003 in
1495 2942 1685 3005 dissensione
1706 2945 1839 3005 retinere
1860 2948 1972 3023 potest.

606 3038 780 3102 Consensus
802 3056 895 3119 porro
917 3038 1122 3102 Ecclesiarum
1151 3040 1279 3101 omnium
1310 3040 1340 3100 in
1370 3040 1565 3122 agnoscenda
1593 3042 1810 3105 elementorum
1833 3043 1918 3121 panis
1942 3048 1973 3101 et

603 3139 666 3201 vini
679 3140 936 3216 transmutatione,
953 3141 1048 3222 magis
1062 3140 1224 3201 elicacitor
1246 3155 1301 3200 eos
1324 3138 1375 3218 qui
1396 3139 1554 3202 veritatem
1577 3148 1740 3216 sectantur,
1764 3142 1861 3218 allicit,
1884 3156 1973 3219 quam

603 3237 816 3301 subtilissimae
839 3236 1065 3318 disputationes.
1108 3237 1186 3299 Nihil
1209 3244 1307 3298 autem
1330 3254 1509 3301 consensum
1532 3241 1619 3301 istum
1643 3242 1755 3302 firmius
1778 3239 1972 3314 demonstrat,

601 3355 689 3417 quam
717 3345 862 3400 constans
892 3337 1003 3417 ubique
1038 3346 1068 3399 et
1098 3354 1220 3416 semper
1247 3342 1371 3416 recepta
1400 3338 1479 3418 apud
1503 3337 1673 3401 Orientales
1696 3339 1790 3400 Deum
1814 3335 1973 3400 invocandi

599 3435 707 3514 forma,
730 3443 763 3498 ut
784 3454 929 3498 summum
952 3437 1083 3516 inpane
1107 3444 1136 3497 et
1158 3437 1228 3497 vino
1251 3435 1425 3497 miraculum
1448 3431 1663 3518 saciat,⁴idque
1686 3438 1881 3517 omnipotenti
1903 3436 1971 3497 vir-

600 3543 665 3598 tute
688 3553 760 3611 sua3
783 3536 865 3597 etin
887 3536 984 3612 altari,
1008 3552 1116 3616 nempe
1139 3544 1171 3597 ut
1194 3535 1265 3595 bant
1286 3552 1397 3614 corpus
1421 3544 1450 3598 et
1473 3539 1596 3618 sanguis
1619 3537 1738 3600 Christi.
1760 3537 1974 3599 Eaverbanon

601 3634 806 3718 a'lheologis
830 3635 987 3713 dictantur,
1011 3652 1072 3697 non
1096 3635 1131 3695 ab
1155 3635 1332 3696 Oratoribus
1356 3634 1508 3698 rhetorice
1531 3638 1745 3717 praedicantur
1764 3655 1803 3698 ex
1823 3635 1975 3715 superiori

604 3732 693 3810 loco,
721 3733 775 3796 sed
797 3733 956 3795 illiteratae
978 3734 1060 3815 plebi
1083 3741 1284 3815 exponuntur,
1307 3744 1506 3815 praeparatae
1526 3737 1586 3817 jam
1610 3756 1666 3818 per
1688 3737 1812 3798 Diaconi
1835 3736 1973 3797 admoni-

605 3833 718 3895 tionem
747 3841 779 3894 ut
809 3851 875 3894 cum
897 3833 1004 3895 timore
1028 3841 1058 3895 et
1082 3841 1212 3895 tremore
1235 3851 1339 3894 omnes
1363 3844 1452 3896 orent
1474 3837 1653 3916 impensius,
1676 3854 1714 3898 eo
1738 3842 1888 3897 momento
1912 3852 1973 3914 quo

605 3940 739 3993 restam
760 3932 835 3994 mira
857 3932 1019 4012 perficitur.
1063 3932 1145 3994 lllius
1172 3933 1263 4013 igitur
1291 3934 1436 3996 orationis
1467 3938 1644 3997 sententiam
1668 3936 1796 3998 diversis
1820 3935 1974 4013 interpre-

606 4031 783 4107 tationibus,
813 4048 936 4110 quarum
960 4038 1041 4092 stare
1065 4030 1143 4092 nulla
1165 4038 1283 4110 potest,
1316 4034 1548 4112 circumvenire,
1571 4035 1737 4097 Ecclesiam
1759 4033 1892 4115 prodere
1916 4040 1973 4109 est,

605 4130 738 4211 nequid
768 4131 974 4191 recentiorum·
1000 4129 1192 4209 quorumdam
1221 4130 1387 4213 Theologia
1417 4133 1587 4194 detrimenti
1616 4135 1723 4213 capiat.
1768 4133 1879 4195 Omnes
1907 4133 1972 4213 ejus

605 4231 729 4310 generis
753 4228 980 4309 explicationes,
1004 4230 1243 4292 constantissime
1265 4231 1405 4311 rejiciunt
1424 4231 1606 4310 Orientalcs,
1629 4236 1730 4313 itaque
1753 4232 1863 4294 frustra
1887 4231 1974 4292 adbi-

605 4326 716 4389 bentur
738 4328 776 4390 ad
798 4346 851 4391 eos
874 4330 912 4390 ab
935 4347 1041 4391 errore
1062 4330 1268 4408 vindicandos,
1292 4349 1352 4409 quo
1375 4334 1671 4412 nequaquamtencni
1686 4333 1754 4395 illos
1772 4332 1863 4393 certis
1878 4348 1974 4413 argu-

606 4427 714 4489 mentis
739 4427 971 4490 demonstratur.
1005 4428 1046 4490 At
1069 4430 1187 4490 omnino
1210 4430 1355 4491 immunes
1378 4438 1446 4491 sunt
1469 4432 1583 4493 erroris
1606 4431 1695 4494 ullius
1719 4433 1800 4493 circa
1821 4448 1923 4492 veram
1943 4438 1974 4491 et

606 4526 719 4589 realem
742 4526 957 4590 elementorum
980 4529 1010 4589 in
1033 4546 1144 4608 corpus
1167 4536 1198 4590 et
1219 4531 1398 4611 sanguinem
1421 4529 1532 4592 Christi
1563 4533 1856 4606 transmutationem,
1886 4547 1974 4609 quam

606 4625 682 4688 baec
704 4628 801 4689 oratio
823 4630 984 4708 perspicue
1007 4627 1164 4709 significat.
1197 4626 1388 4708 Comparatio
1412 4629 1704 4692 cumlncarnationis
1729 4631 1871 4711 mysterio
1894 4628 1973 4689 illam

607 4727 783 4805 expressius
806 4726 949 4788 inculcat:
972 4735 1127 4807 utramque
1149 4726 1266 4789 scilicet
1291 4745 1402 4805 veram,
1426 4745 1485 4789 non
1508 4730 1648 4809 typicam,
1672 4729 1974 4811 authguratamcsse

606 4823 880 4908 voluntl'beologi:
904 4843 1004 4906 neque
1016 4826 1110 4888 minus
1121 4844 1223 4887 verum
1240 4845 1321 4904 esse,
1337 4845 1443 4907 panem
1453 4835 1483 4889 et
1493 4830 1594 4890 vinum
1607 4829 1792 4908 liericorpus
1802 4836 1832 4890 et
1847 4826 1974 4906 sangui-

607 4940 674 4984 nem
698 4923 824 5002 Christi,
849 4943 935 5005 quam
958 4942 1062 4986 verum
1085 4932 1132 4986 est
1154 4925 1259 4987 Filium
1280 4925 1337 4987 Dei
1360 4947 1400 4988 cx
1420 4927 1514 4989 Maria
1539 4928 1663 5009 Virgine
1686 4947 1755 4990 esse
1779 4928 1972 4988 incarnatum.

607 5021 693 5085 Unde
714 5024 794 5085 inter
809 5023 876 5086 illos
890 5023 1025 5086 nonnulli
1038 5024 1120 5086 illum
1140 5026 1172 5084 in
1195 5027 1290 5086 catice
1312 5034 1341 5086 et
1361 5028 1393 5087 in
1415 5027 1501 5088 disco
1523 5029 1684 5089 incarnari
1703 5029 1855 5100 dixeram,
1878 5024 1974 5086 auda-

608 5122 691 5184 ciore
711 5120 850 5185 fortassis
872 5124 1055 5205 metaphora,
1080 5123 1134 5186 sed
1157 5141 1234 5203 quae
1257 5143 1274 5185 a
1297 5126 1392 5205 tropis
1416 5136 1446 5188 et
1469 5126 1571 5209 figuris
1593 5127 1767 5209 longissime
1791 5133 1972 5191 remotaest.

607 5215 691 5281 llaec
713 5220 861 5284 subiciunt
884 5241 951 5285 com
973 5223 1092 5286 diversa
1114 5222 1240 5285 aliorum
1263 5224 1433 5288 testimonia
1460 5244 1536 5305 quae
1566 5225 1788 5288 lnvocationem
1810 5223 1971 5306 illustrant,

608 5318 680 5382 alibi
700 5320 797 5383 relata
818 5323 887 5385 sint.

1693 5441 1766 5516 15*
