5150 6534
987 1275 1068 1392 in
1126 1276 1576 1394 ninnnorln
1657 1446 1658 1449 Ὗ

723 1491 1830 1679 010001,101000000001000001

1195 1724 1369 1809 noris.

690 1967 720 2032 1.
764 1955 853 2035 Dans
876 1970 996 2032 nomine
1019 1970 1049 2034 S.
1072 1967 1195 2032 loinnis
1219 1968 1429 2052 chrysostomi
1456 1966 1609 2051 biturgias
1640 1968 1782 2051 Syriacas
1810 1970 1964 2041 habemus.

601 2069 702 2150 istam,
725 2072 774 2133 cui
794 2073 919 2153 primum
949 2072 1004 2135 hac
1026 2074 1055 2135 in
1079 2073 1264 2138 collectione
1292 2072 1392 2135 locum
1418 2073 1575 2154 assignare
1604 2073 1700 2135 visum
1730 2080 1793 2151 001,
1825 2075 1906 2154 quod
1934 2076 1966 2137 in

601 2168 764 2234 Codicibus
786 2172 870 2250 lisa,
891 2190 952 2234 uno
982 2171 1159 2253 praesertim
1188 2172 1260 2233 satis
1290 2178 1409 2233 vetusto
1440 2179 1470 2233 et
1498 2171 1628 2253 optimae
1657 2179 1745 2235 notae
1777 2170 1964 2253 colbertino,

601 2286 641 2332 00
663 2288 729 2334 cum
750 2270 836 2334 titulo
858 2271 1038 2352 reperiatur.
1082 2270 1135 2332 1110
1160 2289 1236 2333 0000
1260 2287 1338 2351 0000
1366 2271 1396 2333 10
1418 2270 1532 2333 ilissali
1555 2269 1716 2334 chaldaico
1745 2270 1857 2334 Romae
1884 2273 1964 2336 edita

601 2377 660 2447 est,
682 2370 737 2433 sub
759 2372 879 2432 nomine
903 2369 1119 2451 chrysostomi,
1144 2370 1174 2430 in
1196 2370 1301 2451 paucis
1325 2368 1482 2431 admodum
1498 2368 1657 2432 Codicibus
1681 2371 1841 2450 reperitur,
1865 2389 1964 2453 neque

600 2475 709 2532 sancto
732 2468 773 2531 illi
795 2469 921 2532 Doctori
942 2469 1091 2532 tribuitur.
1144 2457 1205 2531 Eos
1227 2487 1322 2549 porro
1345 2469 1409 2530 sive
1431 2468 1612 2545 Maronitas,
1642 2468 1706 2532 sive
1729 2468 1804 2532 alios
1827 2473 1878 2552 qui
1900 2472 1965 2535 110-
1989 2477 1992 2480 ’

601 2584 708 2630 manae
730 2566 853 2631 editioni
875 2586 999 2649 operam
1022 2567 1179 2646 dederunt,
1202 2585 1263 2630 non
1277 2568 1373 2630 bonos
1390 2567 1519 2630 Codices
1532 2567 1684 2647 habuisse,
1706 2569 1864 2632 multorum
1887 2590 1965 2653 quos

602 2668 795 2729 1000001000
818 2668 1001 2748 comparatio
1025 2685 1080 2728 nos
1105 2667 1222 2745 docuit,
1250 2674 1341 2748 atque
1369 2667 1410 2728 ita
1442 2686 1478 2729 ea
1500 2686 1588 2748 quam
1609 2666 1734 2730 loannis
1757 2668 1965 2751 chrysostomi

602 2766 722 2829 nomine
746 2765 934 2828 excuderunt
955 2765 1104 2849 Liturgia,
1133 2765 1219 2828 alteri
1245 2764 1354 2828 Joanni
1383 2766 1558 2828 llarranitae
1594 2766 1693 2847 potius
1723 2768 1877 2831 tribuenda
1906 2779 1964 2849 est,

602 2872 636 2927 ut
666 2871 792 2927 vocatur
817 2865 847 2925 in
877 2864 1050 2944 quibusdam
1083 2862 1319 2945 exemplaribus:
1354 2865 1381 2925 is
1409 2883 1485 2927 0000
1514 2865 1666 2927 recentior
1695 2865 1802 2946 aliquis
1828 2868 1965 2933 Jacobita

603 2963 666 3027 1011.
709 2957 824 3025 Neutra
844 2981 938 3045 porro
961 2963 1119 3046 quidquam
1142 2962 1230 3025 habat
1258 2981 1325 3025 cum
1353 2961 1468 3025 Graeca
1491 2962 1696 3045 chrysostomi
1717 2964 1851 3048 Liturgia
1878 2984 1964 3029 oom-

603 3081 703 3139 mune,
726 3062 784 3123 nisi
804 3061 977 3143 generalem
999 3062 1077 3123 illam
1100 3081 1177 3143 0000
1204 3061 1235 3123 10
1265 3062 1401 3124 omnibus
1424 3061 1627 3125 Orientalibus
1650 3062 1761 3127 Olliciis
1784 3064 1964 3131 observatur

602 3161 809 3225 Eucharistiae
833 3160 1032 3225 celebrandae
1055 3161 1188 3225 formam.
1212 3161 1371 3242 Singulare
1394 3169 1440 3224 cst
1462 3162 1492 3222 in
1514 3163 1582 3239 ista,
1605 3162 1686 3243 quod
1709 3182 1726 3225 a
1750 3164 1843 3227 tribus
1865 3167 1964 3229 Gree-

603 3262 648 3324 cis
674 3255 932 3342 vocibus¹inciptt
953 3248 1057 3344 Κύριε
1079 3252 1097 3322 ὁ
1122 3248 1205 3331 &ede
1232 3251 1481 3344 000000οά100,
1510 3279 1588 3343 0000
1617 3264 1642 3323 01
1673 3263 1808 3325 Graecae
1838 3266 1963 3349 originis

603 3357 743 3422 iudicium
771 3359 857 3439 dant,
887 3368 917 3423 at
947 3360 1018 3422 illud
1041 3368 1088 3422 est
1109 3360 1310 3437 levissimum,
1344 3367 1375 3422 et
1403 3359 1441 3421 ad
1470 3378 1575 3422 omnes
1606 3379 1683 3441 0000
1713 3361 1829 3424 Graece
1859 3373 1964 3428 extant

603 3457 754 3543 liturgias
777 3478 873 3540 aeque
895 3461 1036 3542 pertinet,
1059 3478 1126 3521 cum
1148 3459 1294 3541 plurimae
1318 3457 1478 3530 Orationes
1500 3459 1579 3523 idem
1600 3459 1713 3522 initium
1735 3460 1872 3525 habeant.
1895 3462 1964 3544 lpsa

603 3561 693 3622 etiam
715 3558 817 3642 lingua
840 3558 963 3640 Syriaca
992 3560 1147 3621 maximam
1171 3557 1354 3621 Graecarum
1383 3577 1492 3621 vocum
1518 3558 1732 3623 multitudinem
1754 3562 1879 3641 recepit,
1902 3579 1963 3625 non

603 3658 693 3722 modo
715 3658 747 3720 in
767 3657 858 3720 rebus
880 3660 985 3735 sacris,
1009 3658 1064 3721 sed
1086 3659 1174 3720 etiam
1196 3659 1227 3720 in
1253 3657 1336 3720 aliis:
1364 3657 1443 3720 unde
1465 3659 1590 3742 insignis
1613 3658 1692 3739 apud
1715 3659 1809 3741 Syros
1831 3659 1964 3723 100100-

602 3757 738 3843 graphus
761 3757 1017 3834 isa-bar-Bahlul,
1040 3757 1119 3838 quod
1142 3757 1258 3820 illarum
1280 3775 1417 3838 magnam
1436 3758 1550 3838 copiam
1573 3758 1786 3838 interpretatus
1809 3759 1873 3838 luit,
1897 3776 1962 3820 ma-

602 3859 684 3935 xime
707 3858 785 3920 inter
806 3875 878 3919 suos
902 3857 1125 3920 commendatus
1147 3864 1202 3919 001.
1234 3856 1399 3918 1110100001
1422 3865 1531 3933 00100,
1554 3856 1650 3937 qualis
1665 3864 1711 3919 001
1727 3856 1795 3920 huic
1810 3857 1962 3944 liturgiae

603 3957 784 4038 adscriptus,
806 3957 882 4018 ratio
906 3957 942 4018 ad
966 3956 1170 4037 antiquitatem
1193 3954 1399 4018 stabiliendam
1429 3955 1509 4017 nulla
1532 3964 1594 4033 est,
1625 3964 1658 4017 ut
1682 3958 1742 4037 jam
1773 3956 1842 4019 alibi
1869 3956 1962 4019 iirsius

603 4056 746 4119 diximus:
776 4054 813 4116 ad
835 4058 1023 4117 autoritatem
1045 4054 1273 4136 comparandam
1295 4071 1355 4116 non
1377 4056 1471 4135 magis
1494 4054 1610 4129 001001,
1641 4056 1697 4117 0101
1726 4074 1799 4117 usus
1826 4055 1963 4118 similium

603 4154 774 4219 ciliciorum
797 4162 923 4216 constet.
975 4154 1056 4217 lstud
1086 4172 1160 4216 vero
1189 4172 1255 4215 cum
1283 4161 1466 4235 agnoscatur
1495 4172 1512 4215 a
1539 4154 1698 4229 lambitis,
1729 4163 1759 4216 et
1788 4157 1817 4216 in
1845 4154 1962 4234 illorum

603 4254 731 4335 antiquis
754 4251 912 4315 codicibus
936 4255 1115 4334 reperiatur,
1138 4253 1295 4335 aequalem
1316 4251 1406 4314 habet
1428 4269 1495 4312 cum
1517 4251 1639 4333 reliquis
1663 4253 1845 4334 dignitatem.

690 4350 719 4414 2.
764 4350 929 4433 Singularis
962 4359 1009 4413 001
1037 4352 1112 4414 haec
1142 4351 1339 4414 invocationis
1370 4351 1497 4431 Spiritus
1528 4354 1623 4414 sancti
1650 4352 1783 4414 formula.
1832 4353 1962 4434 80101110

602 4459 672 4514 traca
693 4453 839 4513 01010100
860 4458 912 4513 100
933 4452 1169 4530 sanctificatrix,
1196 4452 1367 4532 requiescet
1387 4469 1477 4529 00100
1497 4451 1554 4512 boc
1575 4459 1721 4527 conchem,
1744 4460 1773 4514 et
1793 4454 1963 4532 0000101001

602 4551 771 4613 oblationes
792 4552 885 4612 istas:
908 4560 937 4611 01
957 4541 1109 4630 illabatur,
1131 4553 1267 4613 resideat
1287 4559 1317 4612 01
1329 4549 1574 4628 inhabitetsuper
1596 4550 1674 4613 11000
1692 4571 1801 4630 poneret
1822 4561 1853 4614 01
1872 4571 1963 4631 super

600 4650 661 4712 hoc
681 4651 799 4724 010010,
828 4657 858 4711 01
883 4650 963 4727 fiant
990 4671 1080 4711 unum
1108 4651 1415 4729 0000000010000010
1434 4651 1579 4728 unigeniti
1598 4650 1668 4710 Filii
1688 4652 1740 4714 tui.
1784 4650 1829 4711 De
1859 4650 1960 4710 verbis

601 4749 781 4829 0000100001,
803 4750 947 4823 resideat,
969 4749 1121 4825 illabatur,
1143 4750 1296 4824 inhabitet,
1319 4749 1429 4810 dictum
1459 4755 1505 4810 est
1533 4755 1591 4809 tam
1614 4748 1650 4809 ad
1673 4748 1772 4811 basilii
1796 4747 1958 4829 copticam,

603 4865 691 4929 quam
714 4845 753 4907 ad
773 4846 879 4909 iacobi
901 4846 1053 4928 Syriacam
1075 4847 1248 4930 Liturgiam,
1271 4848 1348 4909 etsi
1372 4848 1490 4928 quando
1512 4849 1542 4909 in
1565 4848 1630 4910 aliis
1652 4848 1810 4929 quidquam
1834 4867 1850 4909 a
1873 4866 1960 4909 com-

602 4943 774 5009 0000101110
804 4947 962 5023 remotius,
994 4953 1150 5007 0010000
1180 4945 1325 5026 quaedam
1353 4946 1530 5029 significatio
1560 4965 1595 5009 se
1624 4946 1722 5025 011001,
1751 4946 1958 5027 explicabitur.

604 5045 678 5109 cnm
700 5044 835 5127 vulgaris
855 5045 886 5105 in
909 5044 973 5106 aliis
1003 5044 1093 5108 lectio
1116 5046 1169 5122 sit,
1192 5053 1222 5106 et
1250 5062 1317 5106 eum
1347 5044 1384 5107 de
1414 5044 1523 5125 Spiritu
1554 5054 1658 5108 sancto
1686 5045 1778 5107 verba
1807 5045 1884 5123 sint,
1918 5045 1959 5124 ita

604 5142 825 5220 continuentur,
848 5150 879 5206 et
898 5144 1006 5222 100101,
1028 5141 1156 5223 officim,
1179 5144 1375 5219 deneonstret,
1402 5144 1561 5223 perficiat,
1588 5164 1698 5223 ponem
1726 5145 1843 5224 quidem
1870 5145 1959 5223 hunc,

604 5260 714 5321 corpus
736 5241 858 5319 Chr-isti,
880 5244 1014 5318 calicem,
1036 5244 1210 5323 0000010001
1221 5241 1345 5321 christi,
1366 5242 1413 5304 hic
1436 5243 1546 5325 legitur
1568 5244 1665 5305 aliter:
1689 5254 1812 5323 nempe,
1829 5251 1862 5305 01
1879 5243 1961 5321 fiant

602 5359 694 5403 00000
716 5361 826 5423 eorpus
847 5351 876 5405 01
891 5344 1025 5422 sanquis.
1055 5341 1220 5423 Usurpatur
1237 5360 1358 5423 quoque
1376 5340 1510 5423 verbum,
1532 5342 1597 5404 Sit:
1619 5342 1696 5405 adeo
1715 5350 1748 5404 01
1762 5341 1957 5427 rigidiuscule

1672 5447 1720 5520 35
1739 5445 1758 5480 ¹*
