5150 6534
812 830 845 908 S.
877 828 1045 909 tutossl
1076 830 1288 909 urlsoorr
1322 829 1655 927 BOTNANENSIS,
1690 848 1740 909 uc.
1900 837 1975 912 363

602 1011 784 1105 stolorum,
815 1026 851 1089 at
874 1015 1185 1110 Evangelistnmm:
1218 1022 1253 1089 in
1288 1018 1418 1091 theatro
1444 1017 1716 1090 Praedicatomm
1750 1030 1784 1091 ct
1817 1021 1976 1117 Prophe-

601 1140 723 1220 tarum,
749 1133 806 1226 qui
831 1130 1072 1205 revelationem
1100 1156 1120 1204 a
1147 1142 1182 1203 ta
1208 1141 1429 1229 accepemnt:
1456 1131 1603 1205 infesto
1631 1145 1664 1205 et
1690 1135 1812 1225 gaudio
1838 1136 1977 1228 glorio-

603 1265 718 1318 sorum
733 1249 959 1339 agonistarum
980 1249 1035 1342 qui
1052 1246 1265 1342 perfecamnt
1285 1248 1493 1319 voluntatem
1513 1259 1620 1320 tuam:
1648 1251 1681 1319 in
1700 1254 1841 1341 regique
1864 1253 1976 1344 gaudii

603 1370 638 1433 et
662 1360 845 1457 voluptatis
871 1360 1087 1434 indeficientis
1114 1372 1209 1448 tuna,
1235 1371 1271 1433 ut
1298 1385 1372 1434 cum
1399 1363 1463 1434 iilis
1490 1372 1524 1434 et
1550 1366 1637 1435 inter
1663 1363 1761 1453 illos,
1787 1366 1975 1439 referamus

602 1474 663 1548 tibi
695 1477 838 1569 gloriam
869 1485 903 1549 et
935 1477 1066 1549 laudem
1101 1488 1136 1549 et
1167 1480 1341 1570 unigenito
1366 1477 1452 1550 Filio
1485 1489 1543 1550 tuo
1577 1488 1610 1550 et
1636 1479 1773 1575 Spiritui
1806 1492 1862 1555 tuo
1890 1505 1975 1555 san-

603 1593 763 1665 ctissime.

709 1707 871 1801 Populus.
922 1709 1043 1780 Amen.

705 1821 881 1894 Sacerdm
912 1821 1104 1892 inclinatus.
1157 1820 1326 1894 Memento
1359 1823 1503 1894 Domino
1538 1825 1683 1896 omnium
1714 1822 1847 1895 Patmm
1880 1824 1976 1897 San-

604 1947 731 2011 ctorum
759 1948 793 2010 et
821 1939 1006 2010 Doctorum
1032 1923 1234 2024 electurum,
1268 1941 1323 2032 qui
1351 1960 1425 2010 cum
1451 1947 1544 2010 recta
1570 1937 1636 2011 fide
1661 1938 1875 2034 praeiuemut
1900 1941 1975 2013 Ec-

603 2054 717 2126 clesiis
743 2055 808 2125 tuis
841 2055 984 2138 sanctis,
1017 2062 1317 2146 pugnaveruntque
1350 2069 1411 2147 pro
1445 2052 1553 2125 verbo
1588 2050 1759 2143 veritatis,
1794 2059 1976 2151 praecipue

603 2190 690 2243 vero
715 2169 853 2261 Ignatii,
878 2164 1050 2263 Dionysii3
1078 2167 1191 2239 basilii
1218 2178 1251 2240 et
1278 2166 1452 2260 Gregorii,
1486 2168 1755 2265 reliquorumque
1781 2170 1915 2241 Patrum
1943 2180 1977 2242 et

602 2282 787 2356 Doctomm
816 2281 1098 2355 orthodoxorum.

706 2399 857 2491 diccunt
887 2420 1012 2469 nocem.
1067 2397 1290 2468 Luminarium
1318 2396 1565 2493 splendidorum
1590 2398 1818 2473 Ecclesiarum
1847 2410 1977 2473 tuarum

603 2524 805 2602 eudemum,
832 2536 947 2586 eorum
967 2517 1022 2608 qui
1044 2516 1077 2583 in
1098 2516 1279 2584 certamine
1295 2534 1357 2607 pro
1379 2513 1544 2604 religione
1564 2525 1734 2609 suscepto,
1763 2515 1860 2585 animi
1873 2515 1977 2589 robur

604 2627 931 2703 domonstravemnt:
972 2651 1088 2699 eorum
1122 2631 1177 2722 qui
1213 2649 1333 2698 nomen
1369 2638 1457 2698 tuum
1489 2632 1575 2698 inter
1610 2640 1750 2720 ganisa,
1788 2628 1904 2721 Reges
1943 2643 1977 2703 et

602 2745 691 2819 filios
717 2746 824 2818 Israel
849 2745 1137 2840 praedicaverunt.
1177 2745 1244 2815 Per
1270 2746 1441 2815 orationes
1469 2765 1583 2814 eorum
1613 2742 1838 2839 acceptabiles
1865 2745 1975 2816 auda-

603 2864 690 2934 ciam
714 2859 903 2933 haereseon
929 2881 1122 2956 compesce:
1150 2859 1319 2931 doctrinas
1352 2869 1463 2929 rectas
1496 2858 1573 2930 fidei
1599 2882 1716 2931 eorum
1744 2862 1777 2931 in
1804 2861 1976 2934 animabus

601 2980 727 3050 nostris
752 2980 874 3064 insere,
901 2986 936 3047 et
962 2978 1047 3046 inter
1073 2974 1208 3046 ordines
1235 2996 1352 3046 corum
1378 2972 1498 3047 beatos
1524 2996 1587 3046 nos
1615 2974 1757 3064 coboea,
1785 2987 1818 3047 et
1844 2976 1976 3069 gloriae

601 3090 822 3188 triumphique
848 3101 1001 3166 coetuum
1029 3112 1144 3161 eorum
1170 3087 1328 3162 coelestis
1355 3093 1534 3185 participes
1559 3112 1624 3164 nos
1651 3089 1752 3163 effice.
1798 3093 1851 3163 Da
1877 3091 1976 3163 nobis

603 3209 704 3280 etiam
729 3208 881 3280 fiduciam
908 3229 1024 3278 coram
1051 3206 1136 3277 solio
1164 3216 1220 3278 tuo
1248 3204 1408 3294 excelso,
1443 3208 1520 3298 quia
1555 3215 1590 3276 tu
1623 3228 1661 3278 es
1694 3216 1846 3293 sanctus,
1882 3210 1976 3278 etin

602 3324 727 3394 sanctis
752 3325 955 3417 requiescis,
982 3330 1184 3415 sanctosque
1209 3320 1360 3418 perficis3
1388 3330 1422 3392 et
1447 3331 1481 3391 te
1508 3320 1606 3393 decet
1630 3319 1755 3413 gloria,
1790 3322 1914 3408 honor,
1942 3330 1977 3392 et

601 3438 775 3533 imperium
802 3460 876 3509 cum
903 3439 1073 3529 unigenito
1101 3436 1186 3507 Filio
1214 3447 1271 3509 tuo
1299 3446 1333 3508 at
1359 3436 1485 3531 Spiritu
1511 3446 1568 3508 tuo
1598 3440 1818 3509 sanctissimo.

706 3553 868 3647 Popadun.
921 3555 1039 3627 Amen.

666 3651 671 3662 ’
706 3668 883 3741 Sacerdos
898 3670 1088 3739 inclinatus.
1120 3667 1290 3739 Memento
1316 3669 1460 3740 Domina
1486 3670 1630 3739 omnium
1658 3670 1713 3761 qui
1739 3669 1773 3738 in
1798 3667 1863 3738 [ide
1890 3692 1973 3741 vera

602 3782 731 3880 pridem
758 3783 1020 3867 obdormierunt,
1056 3781 1098 3853 ab
1125 3782 1257 3854 Adamo
1291 3782 1333 3852 ad
1359 3782 1444 3852 hanc
1470 3802 1575 3875 usque
1602 3780 1707 3872 diem,
1742 3782 1974 3874 sacerdotum,

602 3897 840 3986 Diaconorum,
867 3898 1167 3986 Subdiaconomm
1193 3897 1385 3985 beatorum,
1411 3895 1609 3985 Psaltarum,
1624 3898 1854 3990 brterprctum,
1876 3896 1974 3969 Can-

602 4024 722 4102 torum‚
748 4014 1004 4101 Monadorum,
1041 4022 1075 4084 et
1101 4016 1246 4084 omnium
1273 4013 1500 4084 Saecularium
1527 4012 1670 4084 fidelium
1698 4017 1754 4108 qui
1779 4017 1813 4084 in
1836 4013 1973 4110 *Christo

603 4129 862 4217 obdormierunt,
890 4140 924 4200 et
950 4152 1065 4201 eorum
1091 4151 1154 4223 pro
1182 4127 1300 4224 quibus
1327 4131 1506 4223 uniquique
1533 4128 1731 4200 obtulerunt.

621 4255 634 4268 “·
705 4245 856 4316 fflecons
880 4267 1005 4317 nocem.
1040 4244 1184 4315 Domine
1211 4245 1355 4339 quietem
1381 4255 1515 4337 praesta
1541 4245 1713 4316 animabus
1740 4267 1856 4316 eorum
1882 4266 1974 4338 quo-

601 4380 676 4432 rum
702 4364 896 4433 memoriam
922 4360 1082 4448 semmua,
1112 4371 1146 4431 et
1177 4363 1210 4431 in
1237 4359 1323 4433 libro
1351 4370 1408 4431 tuo
1434 4362 1525 4432 vitae
1550 4362 1683 4430 nomina
1711 4382 1826 4432 eorum
1854 4358 1974 4447 scribe,

601 4475 787 4571 dignosque
813 4474 888 4547 ilios
914 4474 968 4546 fac
984 4475 1155 4569 voluptate
1182 4470 1270 4571 quae
1296 4479 1329 4546 in
1344 4475 1506 4547 Paradiso
1533 4477 1723 4568 percipitur.
1752 4474 1892 4547 Colloea
1911 4497 1972 4547 eos

601 4592 635 4661 in
667 4593 809 4683 regione
837 4593 1020 4681 justorum,
1053 4601 1086 4662 et
1120 4590 1289 4664 ordinibus
1325 4594 1454 4685 piormu
1488 4588 1563 4661 illos
1598 4589 1763 4681 adjunge,
1798 4599 1897 4683 atque
1931 4589 1974 4659 ad
2072 4609 2075 4620 ¹

600 4713 731 4800 portum
758 4708 850 4776 vitae
875 4709 1055 4801 pervenire
1081 4705 1148 4793 fac,
1176 4706 1231 4778 ubi
1259 4716 1312 4777 est
1338 4704 1558 4776 habitaculum
1577 4706 1709 4799 quietis,
1735 4705 1823 4777 unde
1845 4704 1973 4796 iugiunt

600 4819 748 4907 dolores,
774 4819 991 4907 infirmitates,
1018 4825 1161 4916 suspiria
1189 4833 1222 4893 et
1248 4825 1439 4912 angustiae:
1467 4819 1524 4891 ubi
1544 4841 1660 4893 omnes
1679 4824 1784 4892 sancti
1801 4820 1973 4914 voluptate

600 4932 769 5023 fruuntur,
803 4936 859 5008 ubi
896 4959 1011 5009 onmes
1044 4941 1089 5031 pii
1123 4939 1305 5030 quiescunt
1358 4934 1490 5006 Nullum
1516 4957 1562 5005 cx
1587 4932 1702 5021 nobis,
1735 4944 1792 5006 aut
1819 4958 1864 5006 ex
1890 4936 1972 5029 ipsis

601 5050 874 5136 condemnatum,
901 5057 1105 5147 projectum,
1133 5062 1189 5123 aut
1203 5050 1389 5122 exclusum
1414 5048 1522 5122 facias
1550 5073 1570 5121 a
1596 5070 1703 5141 regno
1731 5060 1786 5121 tuo
1814 5048 1972 5121 coelesti:

599 5191 684 5245 unus
711 5172 800 5241 enim
825 5170 886 5243 fuit
911 5170 1136 5254 tautummodo
1164 5174 1220 5265 qui
1251 5173 1442 5266 appamerit
1476 5191 1577 5263 super
1609 5178 1732 5239 terram
1767 5163 1918 5233 immunis
1953 5185 1973 5233 a

598 5293 753 5380 peccam,
783 5289 972 5377 unigenitus
999 5286 1103 5358 Filius
1129 5295 1204 5358 tuus
1230 5285 1393 5357 Dominus
1421 5295 1455 5356 et
1479 5285 1573 5356 Deus
1599 5293 1715 5354 noster
1740 5282 1842 5353 Jesus
1870 5279 1974 5351 Chri-

650 5421 773 5466 nummu
1715 5399 1767 5473 49
