<?xml version="1.0" encoding="UTF-8"?>
<!DOCTYPE html PUBLIC "-//W3C//DTD XHTML 1.0 Transitional//EN"
    "http://www.w3.org/TR/xhtml1/DTD/xhtml1-transitional.dtd">
<html xmlns="http://www.w3.org/1999/xhtml" xml:lang="en" lang="en">
 <head>
  <title>
</title>
<meta http-equiv="Content-Type" content="text/html;charset=utf-8" />
  <meta name='ocr-system' content='tesseract 3.04.00' />
  <meta name='ocr-capabilities' content='ocr_page ocr_carea ocr_par ocr_line ocrx_word'/>
</head>
<body>
  <div class='ocr_page' id='page_1' title='image "./liturgiarumorie00renagoog_0509.png"; bbox 0 0 5150 6534; ppageno 0'>
   <div class='ocr_carea' id='block_1_1' title="bbox 918 841 1988 922">
    <p class='ocr_par' dir='ltr' id='par_1_1' title="bbox 918 841 1988 922">
     <span class='ocr_line' id='line_1_1' title="bbox 918 841 1988 922; baseline -0.001 -3"><span class='ocrx_word' id='word_1_1' title='bbox 918 844 959 919; x_wconf 87' lang='lat' dir='ltr'><strong>IN</strong></span> <span class='ocrx_word' id='word_1_2' title='bbox 984 843 1193 921; x_wconf 77' lang='lat' dir='ltr'><strong>tumultu</strong></span> <span class='ocrx_word' id='word_1_3' title='bbox 1219 841 1393 920; x_wconf 78' lang='lat' dir='ltr'><strong>GRKGOllll</strong></span> <span class='ocrx_word' id='word_1_4' title='bbox 1419 844 1681 922; x_wconf 73' lang='lat' dir='ltr'><strong>mutuantem</strong></span> <span class='ocrx_word' id='word_1_5' title='bbox 1913 845 1988 919; x_wconf 80' lang='lat'><strong>471</strong></span> 
     </span>
    </p>
   </div>
   <div class='ocr_carea' id='block_1_2' title="bbox 607 1026 2016 1999">
    <p class='ocr_par' dir='ltr' id='par_1_2' title="bbox 607 1026 2016 1999">
     <span class='ocr_line' id='line_1_2' title="bbox 609 1026 2016 1111; baseline 0.002 -22"><span class='ocrx_word' id='word_1_6' title='bbox 609 1034 679 1106; x_wconf 83' lang='lat' dir='ltr'><strong>test,</strong></span> <span class='ocrx_word' id='word_1_7' title='bbox 702 1028 755 1107; x_wconf 80' lang='lat' dir='ltr'><strong>qui</strong></span> <span class='ocrx_word' id='word_1_8' title='bbox 772 1026 877 1107; x_wconf 72' lang='lat' dir='ltr'><strong>factam</strong></span> <span class='ocrx_word' id='word_1_9' title='bbox 897 1035 976 1102; x_wconf 85' lang='lat' dir='ltr'><strong>erut,</strong></span> <span class='ocrx_word' id='word_1_10' title='bbox 999 1035 1050 1090; x_wconf 91' lang='lat' dir='ltr'><strong>aut</strong></span> <span class='ocrx_word' id='word_1_11' title='bbox 1072 1029 1123 1108; x_wconf 89' lang='lat' dir='ltr'><strong>qui</strong></span> <span class='ocrx_word' id='word_1_12' title='bbox 1143 1028 1247 1106; x_wconf 77' lang='lat' dir='ltr'><strong>saetam</strong></span> <span class='ocrx_word' id='word_1_13' title='bbox 1268 1034 1316 1088; x_wconf 80' lang='lat' dir='ltr'><strong>eat</strong></span> <span class='ocrx_word' id='word_1_14' title='bbox 1336 1045 1448 1106; x_wconf 77' lang='lat' dir='ltr'><strong>corpus</strong></span> <span class='ocrx_word' id='word_1_15' title='bbox 1460 1046 1566 1089; x_wconf 78' lang='lat' dir='ltr'><strong>mmm:</strong></span> <span class='ocrx_word' id='word_1_16' title='bbox 1589 1028 1668 1090; x_wconf 92' lang='lat' dir='ltr'><strong>unde</strong></span> <span class='ocrx_word' id='word_1_17' title='bbox 1680 1028 1860 1110; x_wconf 82' lang='lat' dir='ltr'><strong>significatio</strong></span> <span class='ocrx_word' id='word_1_18' title='bbox 1874 1027 1988 1111; x_wconf 84' lang='lat' dir='ltr'>duplex</span> <span class='ocrx_word' id='word_1_19' title='bbox 2006 1050 2016 1105; x_wconf 66' lang='grc' dir='ltr'><strong>χ</strong></span> 
     </span>
     <span class='ocr_line' id='line_1_3' title="bbox 608 1125 1986 1207; baseline 0.003 -19"><span class='ocrx_word' id='word_1_20' title='bbox 608 1125 757 1188; x_wconf 83' lang='lat' dir='ltr'><strong>nascitur:</strong></span> <span class='ocrx_word' id='word_1_21' title='bbox 780 1126 876 1206; x_wconf 91' lang='lat' dir='ltr'><strong>prima</strong></span> <span class='ocrx_word' id='word_1_22' title='bbox 899 1126 979 1207; x_wconf 88' lang='lat' dir='ltr'><strong>quod</strong></span> <span class='ocrx_word' id='word_1_23' title='bbox 1002 1145 1068 1188; x_wconf 90' lang='lat' dir='ltr'><strong>cum</strong></span> <span class='ocrx_word' id='word_1_24' title='bbox 1092 1126 1230 1189; x_wconf 91' lang='lat' dir='ltr'><strong>Christus</strong></span> <span class='ocrx_word' id='word_1_25' title='bbox 1253 1125 1408 1206; x_wconf 84' lang='lat' dir='ltr'><strong>discipulis</strong></span> <span class='ocrx_word' id='word_1_26' title='bbox 1431 1126 1506 1187; x_wconf 84' lang='lat' dir='ltr'><strong>dixit</strong></span> <span class='ocrx_word' id='word_1_27' title='bbox 1519 1127 1586 1188; x_wconf 83' lang='lat' dir='ltr'><strong>Hoc</strong></span> <span class='ocrx_word' id='word_1_28' title='bbox 1607 1135 1777 1207; x_wconf 77' lang='lat' dir='ltr'><strong>eatcoapua</strong></span> <span class='ocrx_word' id='word_1_29' title='bbox 1798 1148 1906 1204; x_wconf 69' lang='lat' dir='ltr'><strong>marm,</strong></span> <span class='ocrx_word' id='word_1_30' title='bbox 1928 1138 1986 1194; x_wconf 84' lang='lat' dir='ltr'><strong>etc.</strong></span> 
     </span>
     <span class='ocr_line' id='line_1_4' title="bbox 609 1223 1984 1308; baseline 0.004 -23"><span class='ocrx_word' id='word_1_31' title='bbox 609 1226 694 1306; x_wconf 85' lang='lat' dir='ltr'><strong>panis</strong></span> <span class='ocrx_word' id='word_1_32' title='bbox 713 1224 776 1305; x_wconf 88' lang='lat' dir='ltr'><strong>jam</strong></span> <span class='ocrx_word' id='word_1_33' title='bbox 799 1232 864 1287; x_wconf 90' lang='lat' dir='ltr'><strong>erat</strong></span> <span class='ocrx_word' id='word_1_34' title='bbox 887 1223 983 1287; x_wconf 85' lang='lat' dir='ltr'><strong>lactus</strong></span> <span class='ocrx_word' id='word_1_35' title='bbox 1007 1244 1118 1306; x_wconf 89' lang='lat' dir='ltr'><strong>corpus</strong></span> <span class='ocrx_word' id='word_1_36' title='bbox 1142 1225 1267 1288; x_wconf 79' lang='lat' dir='ltr'><strong>Christi:</strong></span> <span class='ocrx_word' id='word_1_37' title='bbox 1299 1225 1414 1302; x_wconf 85' lang='lat' dir='ltr'><strong>altera,</strong></span> <span class='ocrx_word' id='word_1_38' title='bbox 1437 1225 1517 1305; x_wconf 89' lang='lat' dir='ltr'><strong>quod</strong></span> <span class='ocrx_word' id='word_1_39' title='bbox 1541 1225 1637 1287; x_wconf 86' lang='lat' dir='ltr'><strong>factus</strong></span> <span class='ocrx_word' id='word_1_40' title='bbox 1667 1227 1704 1288; x_wconf 90' lang='lat' dir='ltr'><strong>sit</strong></span> <span class='ocrx_word' id='word_1_41' title='bbox 1731 1234 1839 1307; x_wconf 90' lang='lat' dir='ltr'><strong>postea</strong></span> <span class='ocrx_word' id='word_1_42' title='bbox 1870 1246 1984 1308; x_wconf 92' lang='lat' dir='ltr'><strong>corpus</strong></span> 
     </span>
     <span class='ocr_line' id='line_1_5' title="bbox 608 1322 1983 1405; baseline 0.002 -19"><span class='ocrx_word' id='word_1_43' title='bbox 608 1322 731 1386; x_wconf 88' lang='lat' dir='ltr'><strong>Christi.</strong></span> <span class='ocrx_word' id='word_1_44' title='bbox 765 1323 879 1385; x_wconf 88' lang='lat' dir='ltr'><strong>Neutra</strong></span> <span class='ocrx_word' id='word_1_45' title='bbox 895 1325 1050 1387; x_wconf 63' lang='lat' dir='ltr'><strong>‘sententia</strong></span> <span class='ocrx_word' id='word_1_46' title='bbox 1073 1324 1233 1405; x_wconf 82' lang='lat' dir='ltr'><strong>quidquam</strong></span> <span class='ocrx_word' id='word_1_47' title='bbox 1257 1324 1370 1386; x_wconf 90' lang='lat' dir='ltr'><strong>habere</strong></span> <span class='ocrx_word' id='word_1_48' title='bbox 1392 1323 1513 1386; x_wconf 87' lang='lat' dir='ltr'><strong>videtur</strong></span> <span class='ocrx_word' id='word_1_49' title='bbox 1538 1324 1615 1386; x_wconf 90' lang='lat' dir='ltr'><strong>vitii:</strong></span> <span class='ocrx_word' id='word_1_50' title='bbox 1640 1342 1739 1405; x_wconf 92' lang='lat' dir='ltr'><strong>neque</strong></span> <span class='ocrx_word' id='word_1_51' title='bbox 1763 1327 1843 1387; x_wconf 92' lang='lat' dir='ltr'><strong>enim</strong></span> <span class='ocrx_word' id='word_1_52' title='bbox 1867 1335 1983 1389; x_wconf 90' lang='lat' dir='ltr'><strong>certum</strong></span> 
     </span>
     <span class='ocr_line' id='line_1_6' title="bbox 607 1422 1986 1502; baseline 0.002 -17"><span class='ocrx_word' id='word_1_53' title='bbox 607 1430 656 1485; x_wconf 83' lang='lat' dir='ltr'><strong>eat</strong></span> <span class='ocrx_word' id='word_1_54' title='bbox 684 1422 788 1486; x_wconf 87' lang='lat' dir='ltr'><strong>verbis</strong></span> <span class='ocrx_word' id='word_1_55' title='bbox 816 1423 892 1500; x_wconf 90' lang='lat' dir='ltr'><strong>illis,</strong></span> <span class='ocrx_word' id='word_1_56' title='bbox 922 1423 1071 1485; x_wconf 73' lang='lat' dir='ltr'><strong>Christum</strong></span> <span class='ocrx_word' id='word_1_57' title='bbox 1101 1441 1300 1485; x_wconf 82' lang='lat' dir='ltr'><strong>consecrasse</strong></span> <span class='ocrx_word' id='word_1_58' title='bbox 1329 1424 1414 1502; x_wconf 90' lang='lat' dir='ltr'><strong>panis</strong></span> <span class='ocrx_word' id='word_1_59' title='bbox 1444 1430 1474 1484; x_wconf 92' lang='lat' dir='ltr'><strong>et</strong></span> <span class='ocrx_word' id='word_1_60' title='bbox 1503 1422 1566 1484; x_wconf 89' lang='lat' dir='ltr'><strong>vini</strong></span> <span class='ocrx_word' id='word_1_61' title='bbox 1594 1423 1759 1486; x_wconf 88' lang='lat' dir='ltr'><strong>elementa:</strong></span> <span class='ocrx_word' id='word_1_62' title='bbox 1790 1443 1858 1486; x_wconf 91' lang='lat' dir='ltr'><strong>cum</strong></span> <span class='ocrx_word' id='word_1_63' title='bbox 1886 1426 1986 1490; x_wconf 90' lang='lat' dir='ltr'><strong>multis</strong></span> 
     </span>
     <span class='ocr_line' id='line_1_7' title="bbox 608 1520 1984 1605; baseline 0.002 -22"><span class='ocrx_word' id='word_1_64' title='bbox 608 1520 774 1605; x_wconf 80' lang='lat' dir='ltr'><strong>Theologis</strong></span> <span class='ocrx_word' id='word_1_65' title='bbox 797 1522 925 1601; x_wconf 84' lang='lat' dir='ltr'><strong>placeat,</strong></span> <span class='ocrx_word' id='word_1_66' title='bbox 950 1528 1087 1584; x_wconf 90' lang='lat' dir='ltr'><strong>autorem</strong></span> <span class='ocrx_word' id='word_1_67' title='bbox 1109 1524 1370 1602; x_wconf 89' lang='lat' dir='ltr'><strong>institutoremque</strong></span> <span class='ocrx_word' id='word_1_68' title='bbox 1394 1521 1671 1599; x_wconf 69' lang='lat' dir='ltr'><strong>Sacramentum,</strong></span> <span class='ocrx_word' id='word_1_69' title='bbox 1699 1523 1765 1585; x_wconf 89' lang='lat' dir='ltr'><strong>sola</strong></span> <span class='ocrx_word' id='word_1_70' title='bbox 1789 1524 1984 1603; x_wconf 91' lang='lat' dir='ltr'><strong>omnipoten-</strong></span> 
     </span>
     <span class='ocr_line' id='line_1_8' title="bbox 607 1619 1984 1702; baseline 0.002 -21"><span class='ocrx_word' id='word_1_71' title='bbox 607 1620 649 1681; x_wconf 89' lang='lat' dir='ltr'><strong>tia</strong></span> <span class='ocrx_word' id='word_1_72' title='bbox 672 1622 933 1684; x_wconf 88' lang='lat' dir='ltr'><strong>consecrationem</strong></span> <span class='ocrx_word' id='word_1_73' title='bbox 956 1619 1141 1702; x_wconf 81' lang='lat' dir='ltr'><strong>perfecisse:</strong></span> <span class='ocrx_word' id='word_1_74' title='bbox 1171 1640 1238 1683; x_wconf 90' lang='lat' dir='ltr'><strong>cum</strong></span> <span class='ocrx_word' id='word_1_75' title='bbox 1261 1631 1337 1683; x_wconf 87' lang='lat' dir='ltr'><strong>ve&#39;ro</strong></span> <span class='ocrx_word' id='word_1_76' title='bbox 1361 1622 1410 1683; x_wconf 93' lang='lat' dir='ltr'><strong>illa</strong></span> <span class='ocrx_word' id='word_1_77' title='bbox 1432 1621 1527 1682; x_wconf 89' lang='lat' dir='ltr'><strong>vcrha</strong></span> <span class='ocrx_word' id='word_1_78' title='bbox 1549 1623 1773 1701; x_wconf 87' lang='lat' dir='ltr'><strong>pronuntiavit,</strong></span> <span class='ocrx_word' id='word_1_79' title='bbox 1798 1631 1912 1684; x_wconf 89' lang='lat' dir='ltr'><strong>certum</strong></span> <span class='ocrx_word' id='word_1_80' title='bbox 1936 1631 1984 1684; x_wconf 93' lang='lat' dir='ltr'><strong>est</strong></span> 
     </span>
     <span class='ocr_line' id='line_1_9' title="bbox 607 1719 1983 1801; baseline 0 -19"><span class='ocrx_word' id='word_1_81' title='bbox 607 1726 803 1782; x_wconf 84' lang='lat' dir='ltr'><strong>transmutata</strong></span> <span class='ocrx_word' id='word_1_82' title='bbox 832 1728 903 1782; x_wconf 92' lang='lat' dir='ltr'><strong>tunc</strong></span> <span class='ocrx_word' id='word_1_83' title='bbox 933 1719 1027 1782; x_wconf 84' lang='lat' dir='ltr'><strong>fuisse</strong></span> <span class='ocrx_word' id='word_1_84' title='bbox 1050 1721 1078 1781; x_wconf 91' lang='lat' dir='ltr'><strong>in</strong></span> <span class='ocrx_word' id='word_1_85' title='bbox 1102 1739 1213 1801; x_wconf 88' lang='lat' dir='ltr'><strong>corpus</strong></span> <span class='ocrx_word' id='word_1_86' title='bbox 1237 1720 1348 1782; x_wconf 84' lang='lat' dir='ltr'><strong>Christi</strong></span> <span class='ocrx_word' id='word_1_87' title='bbox 1377 1729 1408 1783; x_wconf 91' lang='lat' dir='ltr'><strong>et</strong></span> <span class='ocrx_word' id='word_1_88' title='bbox 1430 1720 1617 1801; x_wconf 82' lang='lat' dir='ltr'><strong>sanguinem.</strong></span> <span class='ocrx_word' id='word_1_89' title='bbox 1661 1719 1708 1781; x_wconf 89' lang='lat' dir='ltr'><strong>Ile</strong></span> <span class='ocrx_word' id='word_1_90' title='bbox 1730 1729 1880 1783; x_wconf 90' lang='lat' dir='ltr'><strong>momento</strong></span> <span class='ocrx_word' id='word_1_91' title='bbox 1905 1740 1983 1784; x_wconf 92' lang='lat' dir='ltr'><strong>con-</strong></span> 
     </span>
     <span class='ocr_line' id='line_1_10' title="bbox 607 1818 1981 1902; baseline 0 -21"><span class='ocrx_word' id='word_1_92' title='bbox 607 1818 799 1893; x_wconf 82' lang='lat' dir='ltr'><strong>secrationis,</strong></span> <span class='ocrx_word' id='word_1_93' title='bbox 822 1827 874 1881; x_wconf 91' lang='lat' dir='ltr'><strong>aut</strong></span> <span class='ocrx_word' id='word_1_94' title='bbox 897 1818 977 1881; x_wconf 91' lang='lat' dir='ltr'><strong>illius</strong></span> <span class='ocrx_word' id='word_1_95' title='bbox 1000 1819 1094 1881; x_wconf 82' lang='lat' dir='ltr'><strong>torma</strong></span> <span class='ocrx_word' id='word_1_96' title='bbox 1124 1819 1196 1881; x_wconf 94' lang='lat' dir='ltr'><strong>nihil</strong></span> <span class='ocrx_word' id='word_1_97' title='bbox 1218 1821 1372 1902; x_wconf 79' lang='lat' dir='ltr'><strong>cogitasse</strong></span> <span class='ocrx_word' id='word_1_98' title='bbox 1396 1818 1576 1900; x_wconf 88' lang='lat' dir='ltr'><strong>Gregorium</strong></span> <span class='ocrx_word' id='word_1_99' title='bbox 1599 1836 1637 1880; x_wconf 90' lang='lat' dir='ltr'><strong>eo</strong></span> <span class='ocrx_word' id='word_1_100' title='bbox 1660 1820 1773 1881; x_wconf 91' lang='lat' dir='ltr'><strong>certius</strong></span> <span class='ocrx_word' id='word_1_101' title='bbox 1804 1828 1869 1896; x_wconf 91' lang='lat' dir='ltr'><strong>est,</strong></span> <span class='ocrx_word' id='word_1_102' title='bbox 1900 1820 1981 1899; x_wconf 89' lang='lat' dir='ltr'><strong>quod</strong></span> 
     </span>
     <span class='ocr_line' id='line_1_11' title="bbox 608 1915 1791 1999; baseline 0.002 -21"><span class='ocrx_word' id='word_1_103' title='bbox 608 1915 720 1979; x_wconf 87' lang='lat' dir='ltr'><strong>detali</strong></span> <span class='ocrx_word' id='word_1_104' title='bbox 743 1918 922 1998; x_wconf 81' lang='lat' dir='ltr'><strong>quaestione</strong></span> <span class='ocrx_word' id='word_1_105' title='bbox 944 1916 1024 1978; x_wconf 92' lang='lat' dir='ltr'><strong>nulla</strong></span> <span class='ocrx_word' id='word_1_106' title='bbox 1047 1935 1177 1999; x_wconf 90' lang='lat' dir='ltr'><strong>unquam</strong></span> <span class='ocrx_word' id='word_1_107' title='bbox 1200 1919 1280 1980; x_wconf 88' lang='lat' dir='ltr'><strong>inter</strong></span> <span class='ocrx_word' id='word_1_108' title='bbox 1303 1917 1472 1981; x_wconf 89' lang='lat' dir='ltr'><strong>Orientales</strong></span> <span class='ocrx_word' id='word_1_109' title='bbox 1496 1919 1704 1981; x_wconf 87' lang='lat' dir='ltr'><strong>controversia</strong></span> <span class='ocrx_word' id='word_1_110' title='bbox 1726 1918 1791 1981; x_wconf 89' lang='lat' dir='ltr'><strong>luit.</strong></span> 
     </span>
    </p>
   </div>
   <div class='ocr_carea' id='block_1_3' title="bbox 1134 2195 1448 2267">
    <p class='ocr_par' dir='ltr' id='par_1_3' title="bbox 1134 2195 1448 2267">
     <span class='ocr_line' id='line_1_12' title="bbox 1134 2195 1448 2267; baseline -0.003 -2"><span class='ocrx_word' id='word_1_111' title='bbox 1134 2198 1169 2266; x_wconf 84' lang='lat' dir='ltr'><strong>d.</strong></span> <span class='ocrx_word' id='word_1_112' title='bbox 1207 2195 1287 2264; x_wconf 83' lang='lat' dir='ltr'><strong>Cum</strong></span> <span class='ocrx_word' id='word_1_113' title='bbox 1315 2196 1448 2267; x_wconf 76' lang='lat' dir='ltr'><strong>ediscet.</strong></span> 
     </span>
    </p>
   </div>
   <div class='ocr_carea' id='block_1_4' title="bbox 714 2384 1981 2479">
    <p class='ocr_par' dir='ltr' id='par_1_4' title="bbox 714 2384 1981 2479">
     <span class='ocr_line' id='line_1_13' title="bbox 714 2384 1981 2479; baseline -0.002 -18"><span class='ocrx_word' id='word_1_114' title='bbox 714 2384 770 2461; x_wconf 74' lang='lat' dir='ltr'><strong>ln</strong></span> <span class='ocrx_word' id='word_1_115' title='bbox 792 2396 937 2476; x_wconf 85' lang='lat' dir='ltr'><strong>quaedam</strong></span> <span class='ocrx_word' id='word_1_116' title='bbox 952 2397 1095 2479; x_wconf 81' lang='lat' dir='ltr'><strong>Syriacae</strong></span> <span class='ocrx_word' id='word_1_117' title='bbox 1117 2398 1283 2479; x_wconf 85' lang='lat' dir='ltr'><strong>Liturgiae‚</strong></span> <span class='ocrx_word' id='word_1_118' title='bbox 1307 2406 1339 2459; x_wconf 91' lang='lat' dir='ltr'><strong>ut</strong></span> <span class='ocrx_word' id='word_1_119' title='bbox 1362 2398 1505 2478; x_wconf 86' lang='lat' dir='ltr'><strong>Copticae</strong></span> <span class='ocrx_word' id='word_1_120' title='bbox 1529 2406 1561 2459; x_wconf 92' lang='lat' dir='ltr'><strong>et</strong></span> <span class='ocrx_word' id='word_1_121' title='bbox 1582 2398 1793 2462; x_wconf 86' lang='lat' dir='ltr'><strong>Nestorianae:</strong></span> <span class='ocrx_word' id='word_1_122' title='bbox 1822 2418 1861 2461; x_wconf 86' lang='lat' dir='ltr'><strong>ex</strong></span> <span class='ocrx_word' id='word_1_123' title='bbox 1883 2398 1981 2461; x_wconf 90' lang='lat' dir='ltr'><strong>tradi-</strong></span> 
     </span>
    </p>
   </div>
   <div class='ocr_carea' id='block_1_5' title="bbox 608 2499 1981 2681">
    <p class='ocr_par' dir='ltr' id='par_1_5' title="bbox 608 2499 1981 2681">
     <span class='ocr_line' id='line_1_14' title="bbox 608 2499 1981 2583; baseline 0.003 -23"><span class='ocrx_word' id='word_1_124' title='bbox 608 2499 693 2561; x_wconf 87' lang='lat' dir='ltr'><strong>tione</strong></span> <span class='ocrx_word' id='word_1_125' title='bbox 717 2499 878 2580; x_wconf 86' lang='lat' dir='ltr'><strong>antiqultus</strong></span> <span class='ocrx_word' id='word_1_126' title='bbox 901 2509 1039 2580; x_wconf 88' lang='lat' dir='ltr'><strong>recepta,</strong></span> <span class='ocrx_word' id='word_1_127' title='bbox 1070 2501 1125 2563; x_wconf 89' lang='lat' dir='ltr'><strong>sed</strong></span> <span class='ocrx_word' id='word_1_128' title='bbox 1148 2519 1226 2582; x_wconf 89' lang='lat' dir='ltr'><strong>quae</strong></span> <span class='ocrx_word' id='word_1_129' title='bbox 1255 2500 1292 2563; x_wconf 87' lang='lat' dir='ltr'><strong>ab</strong></span> <span class='ocrx_word' id='word_1_130' title='bbox 1315 2500 1518 2583; x_wconf 87' lang='lat' dir='ltr'><strong>Evangelistis</strong></span> <span class='ocrx_word' id='word_1_131' title='bbox 1546 2508 1577 2562; x_wconf 91' lang='lat' dir='ltr'><strong>et</strong></span> <span class='ocrx_word' id='word_1_132' title='bbox 1605 2500 1753 2581; x_wconf 84' lang='lat' dir='ltr'><strong>Apostolo</strong></span> <span class='ocrx_word' id='word_1_133' title='bbox 1781 2501 1874 2564; x_wconf 90' lang='lat' dir='ltr'><strong>Paulo</strong></span> <span class='ocrx_word' id='word_1_134' title='bbox 1902 2520 1981 2565; x_wconf 91' lang='lat' dir='ltr'><strong>con-</strong></span> 
     </span>
     <span class='ocr_line' id='line_1_15' title="bbox 608 2598 888 2681; baseline -0.007 -21"><span class='ocrx_word' id='word_1_135' title='bbox 608 2598 727 2681; x_wconf 88' lang='lat' dir='ltr'><strong>signata</strong></span> <span class='ocrx_word' id='word_1_136' title='bbox 749 2615 810 2661; x_wconf 90' lang='lat' dir='ltr'><strong>non</strong></span> <span class='ocrx_word' id='word_1_137' title='bbox 834 2606 888 2661; x_wconf 88' lang='lat' dir='ltr'><strong>est.</strong></span> 
     </span>
    </p>
   </div>
   <div class='ocr_carea' id='block_1_6' title="bbox 796 2857 1787 2931">
    <p class='ocr_par' dir='ltr' id='par_1_6' title="bbox 796 2857 1787 2931">
     <span class='ocr_line' id='line_1_16' title="bbox 796 2857 1787 2931; baseline 0.003 -4"><span class='ocrx_word' id='word_1_138' title='bbox 796 2859 832 2927; x_wconf 89' lang='lat'><strong>5.</strong></span> <span class='ocrx_word' id='word_1_139' title='bbox 870 2857 945 2929; x_wconf 84' lang='lat' dir='ltr'><strong>Pro</strong></span> <span class='ocrx_word' id='word_1_140' title='bbox 972 2864 1094 2929; x_wconf 84' lang='lat' dir='ltr'><strong>anneto</strong></span> <span class='ocrx_word' id='word_1_141' title='bbox 1120 2857 1207 2929; x_wconf 85' lang='lat' dir='ltr'><strong>Sion</strong></span> <span class='ocrx_word' id='word_1_142' title='bbox 1236 2862 1380 2929; x_wconf 76' lang='lat' dir='ltr'><strong>oninium</strong></span> <span class='ocrx_word' id='word_1_143' title='bbox 1405 2858 1644 2931; x_wconf 80' lang='lat' dir='ltr'><strong>Eccleaiorum</strong></span> <span class='ocrx_word' id='word_1_144' title='bbox 1669 2865 1787 2930; x_wconf 78' lang='lat' dir='ltr'><strong>naetre.</strong></span> 
     </span>
    </p>
   </div>
   <div class='ocr_carea' id='block_1_7' title="bbox 603 3045 1978 3543">
    <p class='ocr_par' dir='ltr' id='par_1_7' title="bbox 603 3045 1978 3543">
     <span class='ocr_line' id='line_1_17' title="bbox 706 3045 1978 3145; baseline 0.003 -21"><span class='ocrx_word' id='word_1_145' title='bbox 706 3045 889 3128; x_wconf 79' lang='lat' dir='ltr'><strong>Suaruaid</strong></span> <span class='ocrx_word' id='word_1_146' title='bbox 913 3078 953 3121; x_wconf 88' lang='lat' dir='ltr'><strong>ex</strong></span> <span class='ocrx_word' id='word_1_147' title='bbox 975 3059 1080 3122; x_wconf 87' lang='lat' dir='ltr'><strong>lacobi</strong></span> <span class='ocrx_word' id='word_1_148' title='bbox 1102 3061 1248 3142; x_wconf 78' lang='lat' dir='ltr'><strong>liturgia,</strong></span> <span class='ocrx_word' id='word_1_149' title='bbox 1273 3062 1478 3142; x_wconf 88' lang='lat' dir='ltr'><strong>antiquissima</strong></span> <span class='ocrx_word' id='word_1_150' title='bbox 1508 3068 1538 3122; x_wconf 90' lang='lat' dir='ltr'><strong>et</strong></span> <span class='ocrx_word' id='word_1_151' title='bbox 1566 3063 1730 3142; x_wconf 88' lang='lat' dir='ltr'><strong>praecipua</strong></span> <span class='ocrx_word' id='word_1_152' title='bbox 1759 3063 1838 3143; x_wconf 91' lang='lat' dir='ltr'><strong>apud</strong></span> <span class='ocrx_word' id='word_1_153' title='bbox 1868 3063 1978 3145; x_wconf 80' lang='lat' dir='ltr'><strong>Syros:</strong></span> 
     </span>
     <span class='ocr_line' id='line_1_18' title="bbox 606 3162 1978 3244; baseline 0.003 -19"><span class='ocrx_word' id='word_1_154' title='bbox 606 3180 674 3225; x_wconf 86' lang='lat' dir='ltr'><strong>num</strong></span> <span class='ocrx_word' id='word_1_155' title='bbox 704 3170 802 3225; x_wconf 91' lang='lat' dir='ltr'><strong>autem</strong></span> <span class='ocrx_word' id='word_1_156' title='bbox 830 3162 907 3224; x_wconf 88' lang='lat' dir='ltr'><strong>haee</strong></span> <span class='ocrx_word' id='word_1_157' title='bbox 937 3166 1179 3227; x_wconf 90' lang='lat' dir='ltr'><strong>commemoratio</strong></span> <span class='ocrx_word' id='word_1_158' title='bbox 1216 3164 1253 3226; x_wconf 91' lang='lat' dir='ltr'><strong>ad</strong></span> <span class='ocrx_word' id='word_1_159' title='bbox 1288 3164 1457 3226; x_wconf 87' lang='lat' dir='ltr'><strong>Ecclesiam</strong></span> <span class='ocrx_word' id='word_1_160' title='bbox 1487 3163 1786 3244; x_wconf 78' lang='lat' dir='ltr'><strong>hierosolymitanam</strong></span> <span class='ocrx_word' id='word_1_161' title='bbox 1817 3183 1834 3227; x_wconf 90' lang='lat' dir='ltr'><strong>a</strong></span> <span class='ocrx_word' id='word_1_162' title='bbox 1862 3166 1978 3230; x_wconf 88' lang='lat' dir='ltr'><strong>Jaeoho</strong></span> 
     </span>
     <span class='ocr_line' id='line_1_19' title="bbox 604 3260 1977 3344; baseline 0.002 -20"><span class='ocrx_word' id='word_1_163' title='bbox 604 3260 758 3325; x_wconf 86' lang='lat' dir='ltr'><strong>fundatam</strong></span> <span class='ocrx_word' id='word_1_164' title='bbox 785 3264 908 3344; x_wconf 90' lang='lat' dir='ltr'><strong>proprie</strong></span> <span class='ocrx_word' id='word_1_165' title='bbox 936 3264 1097 3343; x_wconf 88' lang='lat' dir='ltr'><strong>pertineat,</strong></span> <span class='ocrx_word' id='word_1_166' title='bbox 1127 3264 1344 3325; x_wconf 89' lang='lat' dir='ltr'><strong>transtulerunt</strong></span> <span class='ocrx_word' id='word_1_167' title='bbox 1373 3281 1440 3324; x_wconf 90' lang='lat' dir='ltr'><strong>eam</strong></span> <span class='ocrx_word' id='word_1_168' title='bbox 1474 3262 1524 3324; x_wconf 89' lang='lat' dir='ltr'><strong>ad</strong></span> <span class='ocrx_word' id='word_1_169' title='bbox 1539 3281 1574 3324; x_wconf 92' lang='lat' dir='ltr'><strong>se</strong></span> <span class='ocrx_word' id='word_1_170' title='bbox 1602 3261 1759 3324; x_wconf 89' lang='lat' dir='ltr'><strong>Jacobitae</strong></span> <span class='ocrx_word' id='word_1_171' title='bbox 1787 3262 1977 3340; x_wconf 81' lang='lat' dir='ltr'><strong>Antiocheni,</strong></span> 
     </span>
     <span class='ocr_line' id='line_1_20' title="bbox 603 3360 1976 3444; baseline 0.001 -20"><span class='ocrx_word' id='word_1_172' title='bbox 603 3362 662 3425; x_wconf 87' lang='lat' dir='ltr'><strong>suh</strong></span> <span class='ocrx_word' id='word_1_173' title='bbox 685 3379 813 3442; x_wconf 90' lang='lat' dir='ltr'><strong>quorum</strong></span> <span class='ocrx_word' id='word_1_174' title='bbox 836 3362 1010 3425; x_wconf 89' lang='lat' dir='ltr'><strong>Hierarchia</strong></span> <span class='ocrx_word' id='word_1_175' title='bbox 1032 3361 1087 3423; x_wconf 85' lang='lat' dir='ltr'><strong>suit</strong></span> <span class='ocrx_word' id='word_1_176' title='bbox 1117 3360 1295 3443; x_wconf 80' lang='lat' dir='ltr'><strong>Gregorius,</strong></span> <span class='ocrx_word' id='word_1_177' title='bbox 1318 3370 1349 3423; x_wconf 94' lang='lat' dir='ltr'><strong>ut</strong></span> <span class='ocrx_word' id='word_1_178' title='bbox 1371 3360 1577 3423; x_wconf 89' lang='lat' dir='ltr'><strong>honestiorem</strong></span> <span class='ocrx_word' id='word_1_179' title='bbox 1606 3360 1676 3422; x_wconf 89' lang='lat' dir='ltr'><strong>inde</strong></span> <span class='ocrx_word' id='word_1_180' title='bbox 1705 3362 1976 3444; x_wconf 85' lang='lat' dir='ltr'><strong>cognominationis</strong></span> 
     </span>
     <span class='ocr_line' id='line_1_21' title="bbox 604 3459 1974 3543; baseline 0.002 -19"><span class='ocrx_word' id='word_1_181' title='bbox 604 3478 678 3524; x_wconf 88' lang='lat' dir='ltr'><strong>suae</strong></span> <span class='ocrx_word' id='word_1_182' title='bbox 702 3479 720 3523; x_wconf 88' lang='lat' dir='ltr'><strong>a</strong></span> <span class='ocrx_word' id='word_1_183' title='bbox 742 3460 859 3522; x_wconf 85' lang='lat' dir='ltr'><strong>lacobo</strong></span> <span class='ocrx_word' id='word_1_184' title='bbox 882 3460 1029 3543; x_wconf 84' lang='lat' dir='ltr'><strong>originem</strong></span> <span class='ocrx_word' id='word_1_185' title='bbox 1050 3469 1252 3523; x_wconf 89' lang='lat' dir='ltr'><strong>arcesserent.</strong></span> <span class='ocrx_word' id='word_1_186' title='bbox 1274 3460 1410 3523; x_wconf 89' lang='lat' dir='ltr'><strong>Videnda</strong></span> <span class='ocrx_word' id='word_1_187' title='bbox 1434 3476 1511 3540; x_wconf 90' lang='lat' dir='ltr'><strong>quae</strong></span> <span class='ocrx_word' id='word_1_188' title='bbox 1535 3459 1572 3521; x_wconf 88' lang='lat' dir='ltr'><strong>ad</strong></span> <span class='ocrx_word' id='word_1_189' title='bbox 1595 3478 1662 3521; x_wconf 91' lang='lat' dir='ltr'><strong>eum</strong></span> <span class='ocrx_word' id='word_1_190' title='bbox 1685 3459 1783 3521; x_wconf 92' lang='lat' dir='ltr'><strong>locum</strong></span> <span class='ocrx_word' id='word_1_191' title='bbox 1798 3462 1974 3527; x_wconf 82' lang='lat' dir='ltr'><strong>notavimus.</strong></span> 
     </span>
    </p>
   </div>
   <div class='ocr_carea' id='block_1_8' title="bbox 880 3719 1702 3812">
    <p class='ocr_par' dir='ltr' id='par_1_8' title="bbox 880 3719 1702 3812">
     <span class='ocr_line' id='line_1_22' title="bbox 880 3719 1702 3812; baseline -0.004 -21"><span class='ocrx_word' id='word_1_192' title='bbox 880 3720 914 3792; x_wconf 90' lang='lat'><strong>6.</strong></span> <span class='ocrx_word' id='word_1_193' title='bbox 955 3720 1108 3812; x_wconf 73' lang='lat' dir='ltr'><strong>Regibus</strong></span> <span class='ocrx_word' id='word_1_194' title='bbox 1135 3725 1169 3790; x_wconf 89' lang='lat' dir='ltr'><strong>et</strong></span> <span class='ocrx_word' id='word_1_195' title='bbox 1194 3720 1340 3812; x_wconf 77' lang='lat' dir='ltr'><strong>Reginis</strong></span> <span class='ocrx_word' id='word_1_196' title='bbox 1365 3719 1476 3790; x_wconf 88' lang='lat' dir='ltr'><strong>Deum</strong></span> <span class='ocrx_word' id='word_1_197' title='bbox 1502 3719 1702 3790; x_wconf 73' lang='lat' dir='ltr'><strong>timentibus.</strong></span> 
     </span>
    </p>
   </div>
   <div class='ocr_carea' id='block_1_9' title="bbox 601 3908 2008 4599">
    <p class='ocr_par' dir='ltr' id='par_1_9' title="bbox 601 3908 2008 4599">
     <span class='ocr_line' id='line_1_23' title="bbox 710 3908 1977 4005; baseline 0.002 -19"><span class='ocrx_word' id='word_1_198' title='bbox 710 3908 747 3986; x_wconf 89' lang='lat' dir='ltr'><strong>ln</strong></span> <span class='ocrx_word' id='word_1_199' title='bbox 770 3938 809 3982; x_wconf 89' lang='lat' dir='ltr'><strong>ex</strong></span> <span class='ocrx_word' id='word_1_200' title='bbox 832 3927 938 3983; x_wconf 88' lang='lat' dir='ltr'><strong>vetere</strong></span> <span class='ocrx_word' id='word_1_201' title='bbox 962 3920 1117 4001; x_wconf 88' lang='lat' dir='ltr'><strong>disciplina</strong></span> <span class='ocrx_word' id='word_1_202' title='bbox 1141 3940 1208 3982; x_wconf 92' lang='lat' dir='ltr'><strong>cum</strong></span> <span class='ocrx_word' id='word_1_203' title='bbox 1230 3922 1353 3983; x_wconf 86' lang='lat' dir='ltr'><strong>vivente</strong></span> <span class='ocrx_word' id='word_1_204' title='bbox 1370 3918 1519 4004; x_wconf 85' lang='lat' dir='ltr'><strong>Gregorio</strong></span> <span class='ocrx_word' id='word_1_205' title='bbox 1541 3921 1729 4001; x_wconf 86' lang='lat' dir='ltr'><strong>Provinciae,</strong></span> <span class='ocrx_word' id='word_1_206' title='bbox 1753 3924 1860 4002; x_wconf 92' lang='lat' dir='ltr'><strong>quibus</strong></span> <span class='ocrx_word' id='word_1_207' title='bbox 1882 3944 1977 4005; x_wconf 89' lang='lat' dir='ltr'><strong>prae·</strong></span> 
     </span>
     <span class='ocr_line' id='line_1_24' title="bbox 604 4022 1976 4104; baseline 0.003 -17"><span class='ocrx_word' id='word_1_208' title='bbox 604 4032 669 4087; x_wconf 87' lang='lat' dir='ltr'><strong>erat</strong></span> <span class='ocrx_word' id='word_1_209' title='bbox 693 4030 831 4103; x_wconf 85' lang='lat' dir='ltr'><strong>tanquam</strong></span> <span class='ocrx_word' id='word_1_210' title='bbox 855 4022 1026 4086; x_wconf 90' lang='lat' dir='ltr'><strong>Catholicus</strong></span> <span class='ocrx_word' id='word_1_211' title='bbox 1049 4025 1116 4086; x_wconf 89' lang='lat' dir='ltr'><strong>sivo</strong></span> <span class='ocrx_word' id='word_1_212' title='bbox 1139 4023 1284 4101; x_wconf 81' lang='lat' dir='ltr'><strong>Mofrian,</strong></span> <span class='ocrx_word' id='word_1_213' title='bbox 1315 4026 1345 4085; x_wconf 92' lang='lat' dir='ltr'><strong>in</strong></span> <span class='ocrx_word' id='word_1_214' title='bbox 1373 4024 1658 4086; x_wconf 88' lang='lat' dir='ltr'><strong>Muhamedanorum</strong></span> <span class='ocrx_word' id='word_1_215' title='bbox 1688 4032 1837 4104; x_wconf 89' lang='lat' dir='ltr'><strong>potestate</strong></span> <span class='ocrx_word' id='word_1_216' title='bbox 1866 4027 1976 4090; x_wconf 91' lang='lat' dir='ltr'><strong>dudum</strong></span> 
     </span>
     <span class='ocr_line' id='line_1_25' title="bbox 603 4109 1974 4205; baseline 0.004 -21"><span class='ocrx_word' id='word_1_217' title='bbox 603 4109 714 4187; x_wconf 74' lang='lat' dir='ltr'><strong>forent.</strong></span> <span class='ocrx_word' id='word_1_218' title='bbox 758 4121 852 4183; x_wconf 88' lang='lat' dir='ltr'><strong>Erant</strong></span> <span class='ocrx_word' id='word_1_219' title='bbox 874 4122 994 4202; x_wconf 93' lang='lat' dir='ltr'><strong>quidem</strong></span> <span class='ocrx_word' id='word_1_220' title='bbox 1017 4122 1141 4184; x_wconf 82' lang='lat' dir='ltr'><strong>Armeni</strong></span> <span class='ocrx_word' id='word_1_221' title='bbox 1172 4121 1260 4202; x_wconf 88' lang='lat' dir='ltr'><strong>aliqui</strong></span> <span class='ocrx_word' id='word_1_222' title='bbox 1290 4122 1409 4205; x_wconf 87' lang='lat' dir='ltr'><strong>Reguli,</strong></span> <span class='ocrx_word' id='word_1_223' title='bbox 1432 4122 1527 4185; x_wconf 80' lang='lat' dir='ltr'><strong>hivon</strong></span> <span class='ocrx_word' id='word_1_224' title='bbox 1550 4141 1605 4185; x_wconf 92' lang='lat' dir='ltr'><strong>seu</strong></span> <span class='ocrx_word' id='word_1_225' title='bbox 1627 4123 1702 4203; x_wconf 89' lang='lat' dir='ltr'><strong>Leo,</strong></span> <span class='ocrx_word' id='word_1_226' title='bbox 1726 4124 1835 4191; x_wconf 89' lang='lat' dir='ltr'><strong>llaiton</strong></span> <span class='ocrx_word' id='word_1_227' title='bbox 1857 4135 1887 4188; x_wconf 93' lang='lat' dir='ltr'><strong>et</strong></span> <span class='ocrx_word' id='word_1_228' title='bbox 1911 4127 1974 4189; x_wconf 91' lang='lat' dir='ltr'><strong>alii:</strong></span> 
     </span>
     <span class='ocr_line' id='line_1_26' title="bbox 602 4220 1975 4304; baseline 0.004 -23"><span class='ocrx_word' id='word_1_229' title='bbox 602 4238 709 4283; x_wconf 85' lang='lat' dir='ltr'><strong>verum</strong></span> <span class='ocrx_word' id='word_1_230' title='bbox 732 4221 770 4283; x_wconf 92' lang='lat' dir='ltr'><strong>de</strong></span> <span class='ocrx_word' id='word_1_231' title='bbox 792 4220 850 4281; x_wconf 93' lang='lat' dir='ltr'><strong>illis</strong></span> <span class='ocrx_word' id='word_1_232' title='bbox 872 4238 933 4281; x_wconf 92' lang='lat' dir='ltr'><strong>non</strong></span> <span class='ocrx_word' id='word_1_233' title='bbox 963 4222 1116 4304; x_wconf 90' lang='lat' dir='ltr'><strong>cogitasse</strong></span> <span class='ocrx_word' id='word_1_234' title='bbox 1144 4220 1285 4282; x_wconf 91' lang='lat' dir='ltr'><strong>videntur</strong></span> <span class='ocrx_word' id='word_1_235' title='bbox 1308 4220 1376 4303; x_wconf 92' lang='lat' dir='ltr'><strong>Syri</strong></span> <span class='ocrx_word' id='word_1_236' title='bbox 1405 4222 1572 4299; x_wconf 84' lang='lat' dir='ltr'><strong>Jacobitae,</strong></span> <span class='ocrx_word' id='word_1_237' title='bbox 1598 4223 1724 4302; x_wconf 87' lang='lat' dir='ltr'><strong>quibus,</strong></span> <span class='ocrx_word' id='word_1_238' title='bbox 1752 4225 1810 4284; x_wconf 88' lang='lat' dir='ltr'><strong>etsi</strong></span> <span class='ocrx_word' id='word_1_239' title='bbox 1841 4224 1975 4287; x_wconf 90' lang='lat' dir='ltr'><strong>eamdem</strong></span> 
     </span>
     <span class='ocr_line' id='line_1_27' title="bbox 601 4317 1975 4402; baseline 0.001 -20"><span class='ocrx_word' id='word_1_240' title='bbox 601 4317 880 4401; x_wconf 76' lang='lat' dir='ltr'><strong>Menophysitarum</strong></span> <span class='ocrx_word' id='word_1_241' title='bbox 904 4327 1016 4383; x_wconf 89' lang='lat' dir='ltr'><strong>sectam</strong></span> <span class='ocrx_word' id='word_1_242' title='bbox 1039 4320 1254 4401; x_wconf 84' lang='lat' dir='ltr'><strong>profiterentur</strong></span> <span class='ocrx_word' id='word_1_243' title='bbox 1277 4339 1344 4383; x_wconf 92' lang='lat' dir='ltr'><strong>cum</strong></span> <span class='ocrx_word' id='word_1_244' title='bbox 1367 4320 1524 4397; x_wconf 73' lang='lat' dir='ltr'><strong>Armene,</strong></span> <span class='ocrx_word' id='word_1_245' title='bbox 1560 4320 1598 4382; x_wconf 90' lang='lat' dir='ltr'><strong>oh</strong></span> <span class='ocrx_word' id='word_1_246' title='bbox 1621 4320 1819 4402; x_wconf 84' lang='lat' dir='ltr'><strong>Azymorum,</strong></span> <span class='ocrx_word' id='word_1_247' title='bbox 1850 4330 1879 4384; x_wconf 93' lang='lat' dir='ltr'><strong>et</strong></span> <span class='ocrx_word' id='word_1_248' title='bbox 1901 4324 1975 4384; x_wconf 91' lang='lat' dir='ltr'><strong>meri</strong></span> 
     </span>
     <span class='ocr_line' id='line_1_28' title="bbox 603 4414 2008 4502; baseline 0.004 -23"><span class='ocrx_word' id='word_1_249' title='bbox 603 4414 718 4498; x_wconf 73' lang='lat' dir='ltr'><strong>alasque</strong></span> <span class='ocrx_word' id='word_1_250' title='bbox 740 4437 817 4499; x_wconf 91' lang='lat' dir='ltr'><strong>aqua</strong></span> <span class='ocrx_word' id='word_1_251' title='bbox 839 4437 924 4480; x_wconf 92' lang='lat' dir='ltr'><strong>usum</strong></span> <span class='ocrx_word' id='word_1_252' title='bbox 948 4418 978 4481; x_wconf 92' lang='lat' dir='ltr'><strong>in</strong></span> <span class='ocrx_word' id='word_1_253' title='bbox 999 4418 1145 4502; x_wconf 87' lang='lat' dir='ltr'><strong>Litnrgia,</strong></span> <span class='ocrx_word' id='word_1_254' title='bbox 1168 4436 1228 4480; x_wconf 92' lang='lat' dir='ltr'><strong>non</strong></span> <span class='ocrx_word' id='word_1_255' title='bbox 1250 4418 1340 4498; x_wconf 89' lang='lat' dir='ltr'><strong>plane</strong></span> <span class='ocrx_word' id='word_1_256' title='bbox 1364 4419 1572 4482; x_wconf 85' lang='lat' dir='ltr'><strong>conveniebat.</strong></span> <span class='ocrx_word' id='word_1_257' title='bbox 1629 4419 1674 4481; x_wconf 90' lang='lat' dir='ltr'><strong>De</strong></span> <span class='ocrx_word' id='word_1_258' title='bbox 1699 4419 1749 4482; x_wconf 93' lang='lat' dir='ltr'><strong>illa</strong></span> <span class='ocrx_word' id='word_1_259' title='bbox 1772 4419 1900 4483; x_wconf 86' lang='lat' dir='ltr'><strong>formula</strong></span> <span class='ocrx_word' id='word_1_260' title='bbox 1922 4422 1972 4484; x_wconf 89' lang='lat' dir='ltr'><strong>di·</strong></span> <span class='ocrx_word' id='word_1_261' title='bbox 2006 4431 2008 4434; x_wconf 80' lang='grc'>’</span> 
     </span>
     <span class='ocr_line' id='line_1_29' title="bbox 602 4503 1196 4599; baseline 0.002 -20"><span class='ocrx_word' id='word_1_262' title='bbox 602 4503 701 4579; x_wconf 75' lang='lat' dir='ltr'><strong>ximus</strong></span> <span class='ocrx_word' id='word_1_263' title='bbox 724 4518 753 4579; x_wconf 89' lang='lat' dir='ltr'><strong>in</strong></span> <span class='ocrx_word' id='word_1_264' title='bbox 776 4517 856 4579; x_wconf 90' lang='lat' dir='ltr'><strong>notis</strong></span> <span class='ocrx_word' id='word_1_265' title='bbox 880 4518 917 4579; x_wconf 94' lang='lat' dir='ltr'><strong>ad</strong></span> <span class='ocrx_word' id='word_1_266' title='bbox 940 4518 1012 4580; x_wconf 89' lang='lat' dir='ltr'><strong>alias</strong></span> <span class='ocrx_word' id='word_1_267' title='bbox 1035 4518 1196 4599; x_wconf 79' lang='lat' dir='ltr'><strong>liturgias.</strong></span> 
     </span>
    </p>
   </div>
   <div class='ocr_carea' id='block_1_10' title="bbox 575 4769 1975 5002">
    <p class='ocr_par' dir='ltr' id='par_1_10' title="bbox 575 4769 1975 5002">
     <span class='ocr_line' id='line_1_30' title="bbox 575 4769 1975 4889; baseline 0.004 -28"><span class='ocrx_word' id='word_1_268' title='bbox 575 4769 639 4863; x_wconf 61' lang='grc' dir='ltr'><strong>ι7.</strong></span> <span class='ocrx_word' id='word_1_269' title='bbox 682 4791 834 4887; x_wconf 79' lang='lat' dir='ltr'><strong>Propter</strong></span> <span class='ocrx_word' id='word_1_270' title='bbox 869 4816 984 4864; x_wconf 80' lang='lat' dir='ltr'><strong>munna</strong></span> <span class='ocrx_word' id='word_1_271' title='bbox 1017 4793 1100 4864; x_wconf 86' lang='lat' dir='ltr'><strong>illud</strong></span> <span class='ocrx_word' id='word_1_272' title='bbox 1136 4794 1280 4887; x_wconf 66' lang='lat' dir='ltr'><strong>deplere,</strong></span> <span class='ocrx_word' id='word_1_273' title='bbox 1318 4795 1409 4889; x_wconf 87' lang='lat' dir='ltr'><strong>quod</strong></span> <span class='ocrx_word' id='word_1_274' title='bbox 1423 4793 1630 4887; x_wconf 57' lang='lat' dir='ltr'><strong>aclarplicihua</strong></span> <span class='ocrx_word' id='word_1_275' title='bbox 1656 4796 1796 4883; x_wconf 73' lang='lat' dir='ltr'><strong>dedisti,</strong></span> <span class='ocrx_word' id='word_1_276' title='bbox 1824 4798 1975 4889; x_wconf 70' lang='lat' dir='ltr'><strong>quomoda</strong></span> 
     </span>
     <span class='ocr_line' id='line_1_31' title="bbox 628 4905 1632 5002; baseline 0.003 -24"><span class='ocrx_word' id='word_1_277' title='bbox 628 4905 631 4910; x_wconf 76' lang='grc'><em>’</em></span> <span class='ocrx_word' id='word_1_278' title='bbox 939 4932 1039 4979; x_wconf 86' lang='lat' dir='ltr'><strong>unum</strong></span> <span class='ocrx_word' id='word_1_279' title='bbox 1063 4913 1108 4979; x_wconf 81' lang='lat' dir='ltr'><strong>eil</strong></span> <span class='ocrx_word' id='word_1_280' title='bbox 1135 4916 1170 4979; x_wconf 87' lang='lat' dir='ltr'><strong>ct</strong></span> <span class='ocrx_word' id='word_1_281' title='bbox 1196 4914 1295 4980; x_wconf 75' lang='lat' dir='ltr'><strong>canios</strong></span> <span class='ocrx_word' id='word_1_282' title='bbox 1321 4916 1433 5002; x_wconf 80' lang='lat' dir='ltr'><strong>typum</strong></span> <span class='ocrx_word' id='word_1_283' title='bbox 1459 4909 1632 4981; x_wconf 74' lang='lat' dir='ltr'><strong>exhibeat.</strong></span> 
     </span>
    </p>
   </div>
   <div class='ocr_carea' id='block_1_11' title="bbox 603 5093 1972 5397">
    <p class='ocr_par' dir='ltr' id='par_1_11' title="bbox 603 5093 1972 5397">
     <span class='ocr_line' id='line_1_32' title="bbox 698 5093 1972 5192; baseline 0 -18"><span class='ocrx_word' id='word_1_284' title='bbox 698 5093 793 5174; x_wconf 72' lang='lat' dir='ltr'><strong>Hanc</strong></span> <span class='ocrx_word' id='word_1_285' title='bbox 815 5111 912 5173; x_wconf 87' lang='lat' dir='ltr'><strong>oratio</strong></span> <span class='ocrx_word' id='word_1_286' title='bbox 925 5110 1081 5191; x_wconf 89' lang='lat' dir='ltr'><strong>quamdam</strong></span> <span class='ocrx_word' id='word_1_287' title='bbox 1104 5111 1317 5173; x_wconf 88' lang='lat' dir='ltr'><strong>obscuritatem</strong></span> <span class='ocrx_word' id='word_1_288' title='bbox 1341 5100 1455 5175; x_wconf 89' lang='lat' dir='ltr'><strong>hahere</strong></span> <span class='ocrx_word' id='word_1_289' title='bbox 1476 5110 1606 5189; x_wconf 85' lang='lat' dir='ltr'><strong>videtur,</strong></span> <span class='ocrx_word' id='word_1_290' title='bbox 1629 5113 1714 5192; x_wconf 88' lang='lat' dir='ltr'><strong>cujus</strong></span> <span class='ocrx_word' id='word_1_291' title='bbox 1737 5113 1804 5176; x_wconf 90' lang='lat' dir='ltr'><strong>talis</strong></span> <span class='ocrx_word' id='word_1_292' title='bbox 1828 5120 1874 5175; x_wconf 90' lang='lat' dir='ltr'><strong>est</strong></span> <span class='ocrx_word' id='word_1_293' title='bbox 1896 5131 1972 5176; x_wconf 90' lang='lat' dir='ltr'><strong>sen-</strong></span> 
     </span>
     <span class='ocr_line' id='line_1_33' title="bbox 603 5210 1971 5296; baseline 0.005 -25"><span class='ocrx_word' id='word_1_294' title='bbox 603 5210 706 5272; x_wconf 89' lang='lat' dir='ltr'><strong>tentia.</strong></span> <span class='ocrx_word' id='word_1_295' title='bbox 750 5212 859 5275; x_wconf 80' lang='lat' dir='ltr'><strong>Munus</strong></span> <span class='ocrx_word' id='word_1_296' title='bbox 883 5212 994 5293; x_wconf 85' lang='lat' dir='ltr'><strong>duplex</strong></span> <span class='ocrx_word' id='word_1_297' title='bbox 1018 5220 1074 5289; x_wconf 85' lang='lat' dir='ltr'><strong>est,</strong></span> <span class='ocrx_word' id='word_1_298' title='bbox 1098 5229 1209 5292; x_wconf 88' lang='lat' dir='ltr'><strong>corpus</strong></span> <span class='ocrx_word' id='word_1_299' title='bbox 1232 5212 1345 5276; x_wconf 88' lang='lat' dir='ltr'><strong>Christi</strong></span> <span class='ocrx_word' id='word_1_300' title='bbox 1374 5215 1492 5295; x_wconf 83' lang='lat' dir='ltr'><strong>atejus</strong></span> <span class='ocrx_word' id='word_1_301' title='bbox 1522 5216 1661 5296; x_wconf 90' lang='lat' dir='ltr'><strong>sanguis:</strong></span> <span class='ocrx_word' id='word_1_302' title='bbox 1692 5216 1773 5295; x_wconf 91' lang='lat' dir='ltr'><strong>quod</strong></span> <span class='ocrx_word' id='word_1_303' title='bbox 1803 5215 1971 5279; x_wconf 90' lang='lat' dir='ltr'><strong>hominihus</strong></span> 
     </span>
     <span class='ocr_line' id='line_1_34' title="bbox 604 5305 1971 5397; baseline 0.005 -28"><span class='ocrx_word' id='word_1_304' title='bbox 604 5305 692 5371; x_wconf 91' lang='lat' dir='ltr'><strong>datur</strong></span> <span class='ocrx_word' id='word_1_305' title='bbox 722 5311 774 5390; x_wconf 89' lang='lat' dir='ltr'><strong>qui</strong></span> <span class='ocrx_word' id='word_1_306' title='bbox 801 5318 940 5374; x_wconf 88' lang='lat' dir='ltr'><strong>constant</strong></span> <span class='ocrx_word' id='word_1_307' title='bbox 967 5330 1007 5373; x_wconf 81' lang='lat' dir='ltr'><strong>ex</strong></span> <span class='ocrx_word' id='word_1_308' title='bbox 1036 5329 1168 5391; x_wconf 89' lang='lat' dir='ltr'><strong>corpore</strong></span> <span class='ocrx_word' id='word_1_309' title='bbox 1197 5320 1228 5374; x_wconf 89' lang='lat' dir='ltr'><strong>et</strong></span> <span class='ocrx_word' id='word_1_310' title='bbox 1257 5312 1354 5375; x_wconf 88' lang='lat' dir='ltr'><strong>anima</strong></span> <span class='ocrx_word' id='word_1_311' title='bbox 1380 5312 1529 5378; x_wconf 90' lang='lat' dir='ltr'><strong>rationali.</strong></span> <span class='ocrx_word' id='word_1_312' title='bbox 1579 5312 1632 5374; x_wconf 89' lang='lat' dir='ltr'><strong>llla</strong></span> <span class='ocrx_word' id='word_1_313' title='bbox 1662 5315 1865 5397; x_wconf 85' lang='lat' dir='ltr'><strong>comparatio,</strong></span> <span class='ocrx_word' id='word_1_314' title='bbox 1893 5316 1971 5378; x_wconf 91' lang='lat' dir='ltr'><strong>sicut</strong></span> 
     </span>
    </p>
   </div>
   <div class='ocr_carea' id='block_1_12' title="bbox 0 0 2580 6534">
    <p class='ocr_par' dir='ltr' id='par_1_12' title="bbox 0 0 2580 6534">
     <span class='ocr_line' id='line_1_35' title="bbox 0 0 2580 6534; baseline 0 1"><span class='ocrx_word' id='word_1_315' title='bbox 0 0 2580 6534; x_wconf 95' lang='lat' dir='ltr'><strong> </strong></span> 
     </span>
    </p>
   </div>
  </div>
 </body>
</html>
