5150 6534
546 868 650 948 '10
978 868 1587 948 onuoconltttttts

699 1056 888 1129 Diaconos.
940 1054 1042 1130 Abite
1067 1058 1101 1127 in
1127 1078 1216 1152 pace.
1246 1057 1434 1146 auditoreS,
1470 1058 1560 1131 abite
1593 1057 1761 1132 auditores
1796 1059 1836 1131 iu'
1864 1084 1968 1157 pace:

521 1246 523 1249 Α
598 1172 747 1245 accedite
773 1174 936 1268 Baptisati
963 1172 1006 1245 ud
1031 1194 1171 1267 pacem3
1196 1170 1288 1245 fores
1317 1173 1469 1246 claudite.

700 1288 884 1362 Sacerdos.
941 1289 1103 1362 Dominus
1137 1292 1296 1381 regnavit
1327 1289 1485 1362 decorem
1520 1288 1645 1362 induit:
1684 1289 1839 1365 Alleluia.
1891 1292 1969 1387 Ego

596 1427 667 1480 sum
694 1409 790 1502 panis
816 1408 923 1495 vitae,
951 1406 1030 1477 dicit
1061 1405 1223 1478 Dominus
1257 1415 1388 1495 noster,
1423 1410 1478 1501 qui
1511 1428 1558 1477 ex
1589 1405 1655 1478 alto
1690 1410 1724 1477 in
1756 1408 1866 1481 infima
1902 1409 1969 1481 de-

481 1554 483 1557 ·
596 1521 731 1609 scendi,
767 1531 802 1592 ut
835 1544 897 1616 per
928 1543 983 1593 me
1008 1519 1149 1593 mundus
1184 1522 1296 1592 vivat:
1336 1525 1425 1593 misit
1458 1544 1513 1593 me
1546 1513 1646 1594 Pater
1676 1520 1826 1595 Verbum
1859 1527 1969 1597 carnis

596 1658 741 1729 expers,
769 1647 802 1709 et
828 1641 913 1710 sicut
938 1635 1087 1729 agricola
1114 1638 1293 1708 seminavit
1317 1660 1372 1709 me
1399 1635 1555 1728 Gabriel,
1583 1643 1796 1735 suscepitque
1816 1663 1871 1713 me
1887 1649 1968 1712 ute-

595 1774 654 1824 rus
682 1751 830 1842 Mariae,
857 1752 950 1826 velut
973 1762 1064 1824 terra
1091 1748 1202 1841 bono,
1229 1759 1263 1823 et
1288 1775 1371 1825 ecce
1396 1752 1507 1824 lemnt
1531 1776 1586 1825 me
1617 1753 1767 1826 manibus
1801 1759 1870 1829 suis
1896 1756 1970 1828 Sa-

596 1868 752 1941 cerdotes
779 1890 881 1964 super
906 1868 1033 1941 altaria.
1084 1866 1238 1943 Alleluia.
1292 1867 1432 1990 Suscipp
1460 1867 1663 1943 oblationem
1689 1881 1847 1943 nostram.

698 1984 885 2058 Diaconos.
937 1985 1045 2058 lnduit
1070 1984 1232 2057 Dominus
1260 1982 1484 2056 fortitudinem
1512 1994 1547 2056 et
1572 1989 1760 2080 praecinxit
1780 2009 1819 2058 sc
1834 1991 1968 2078 virtute,

597 2110 631 2172 et
656 2101 801 2173 firmavit
825 2099 945 2174 orbem
969 2112 1078 2173 terrae
1104 2111 1231 2173 utnon
1258 2111 1520 2174 commoveatur.
1573 2102 1727 2175 Alleluia.
1767 2102 1884 2176 Filium
1912 2108 1969 2200 qui

595 2216 676 2288 facit
700 2215 872 2290 Ministros
900 2220 988 2310 ignis
1015 2227 1049 2290 et
1075 2217 1239 2312 Spiritus,
1267 2220 1322 2312 qui
1340 2216 1494 2289 alimento
1517 2239 1585 2289 non
1603 2219 1753 2311 indigent
1776 2229 1810 2291 et
1826 2230 1969 2293 mortem

594 2355 663 2405 non
690 2342 844 2424 gustant,
870 2319 925 2427 qui
952 2333 1053 2405 edunt
1077 2338 1209 2425 ignem,
1237 2339 1271 2403 et
1298 2331 1463 2405 carbones
1490 2330 1622 2422 bibunt,
1658 2335 1869 2429 Dominoque
1904 2359 1966 2409 suo

593 2452 628 2521 in
654 2453 775 2522 timore
801 2453 974 2537 serviunt,
1001 2459 1036 2522 et
1062 2448 1202 2522 oderunt
1229 2450 1332 2519 trinas
1367 2449 1648 2523 sanctificationes
1681 2453 1788 2539 trino,
1820 2448 1966 2522 benedi-

595 2587 709 2637 camus
736 2573 769 2637 et
797 2565 990 2654 odoremus,
1023 2568 1100 2661 quia
1130 2587 1194 2637 nos
1220 2563 1283 2636 illis
1310 2585 1410 2659 pares
1445 2563 1562 2636 elleoit.
1615 2565 1770 2639 Alleluia.
1824 2565 1968 2663 Suscipe

595 2680 795 2755 oblationem
822 2691 982 2754 nostram.
1414 2778 1416 2780 ι

697 2797 882 2869 Sacerdos.
934 2796 1078 2870 Domum
1104 2788 1192 2868 tuam
1221 2796 1318 2867 decet
1344 2797 1528 2869 sanctitudo
1555 2797 1717 2890 Domine,
1749 2801 1783 2869 in
1813 2797 1966 2891 longitu-
2062 2841 2067 2859 κ

595 2913 703 2985 dinem
730 2913 865 2985 dierum.
920 2911 1035 2986 Gloria
1061 2912 1153 2985 Patri
1180 2921 1214 2984 et
1239 2911 1346 3000 Filio,
1373 2921 1407 2983 et
1432 2912 1569 3008 Spiritui
1596 2925 1723 2986 sancto.

698 3029 886 3101 Diaconos.
937 3030 1101 3103 Dominus
1128 3031 1292 3122 regnavit.

698 3144 881 3217 Sacerdos.
948 3144 1117 3217 Memento
1158 3146 1302 3217 Domine
1342 3143 1594 3232 defunctorum,
1635 3153 1669 3216 et
1709 3148 1859 3239 requiem
1901 3148 1966 3221 illis

594 3273 747 3357 praesta,
775 3265 830 3355 qui
858 3271 890 3333 te
916 3264 950 3333 in
976 3263 1179 3357 Baptismate
1206 3261 1398 3351 induerunt,
1432 3270 1465 3332 et
1500 3269 1533 3331 te
1562 3283 1607 3331 ex
1634 3259 1729 3332 altari
1755 3273 1965 3357 acceperunt

698 3378 886 3449 Diaconos.
938 3377 990 3449 llli
1017 3380 1072 3472 qui
1098 3375 1314 3448 comederunt
1340 3396 1462 3470 corpus
1487 3386 1578 3447 tuum
1605 3387 1769 3467 sanctum,
1803 3389 1838 3449 et
1861 3378 1966 3451 bibe-

595 3502 671 3563 runt
697 3495 891 3584 sanguinem
917 3501 1007 3564 tuum
1019 3544 1031 3580 ,
1058 3492 1196 3563 calicem
1223 3491 1363 3579 salutis,
1399 3514 1474 3562 oum
1504 3489 1675 3564 Abrabam
1701 3493 1896 3566 recumbant
1923 3495 1966 3567 ad

595 3630 744 3679 mensam
770 3618 875 3680 mam:
903 3617 936 3679 et
962 3630 1036 3680 cum
1062 3610 1126 3703 piis
1153 3610 1209 3701 qui
1235 3606 1422 3680 dilexerunt
1446 3615 1500 3698 te,
1528 3608 1706 3680 clamemus
1733 3607 1791 3680 tibi
1810 3608 1964 3701 gloriam,

595 3722 748 3795 Domine.
799 3723 951 3798 Alleluia.
1003 3723 1057 3794 Da
1083 3722 1181 3796 nobis
1209 3733 1243 3795 et
1267 3725 1332 3797 illis
1356 3727 1500 3798 veniam.

705 3840 786 3910 Tum
810 3845 961 3912 recitant
985 3838 1176 3933 Symbolum
1198 3841 1283 3933 fidei
1309 3845 1538 3912 trecentorum
1572 3840 1688 3910 decem
1714 3844 1749 3910 ot
1775 3845 1854 3910 octo
1881 3841 1963 3913 Po-

595 3962 683 4027 trum
708 3956 952 4028 Nicoeoorom.

701 4071 875 4145 Credimus
902 4076 937 4145 in
962 4096 1061 4144 unum
1087 4073 1196 4144 Deum
1221 4071 1355 4145 Patrem
1382 4077 1640 4167 omnipotentem
1666 4080 1855 4144 creatorem
1878 4072 1967 4145 coeli

597 4198 631 4261 et
656 4199 779 4278 terrae,
805 4188 984 4261 visibilium
1012 4191 1155 4262 omnium
1188 4199 1223 4260 et
1254 4190 1476 4261 invisibdium.
1528 4188 1572 4259 Et
1604 4189 1639 4257 in
1665 4209 1764 4259 unum
1790 4189 1966 4260 Dominum

595 4304 710 4376 desum
738 4302 916 4394 Christum,
942 4305 1061 4376 Filium
1088 4306 1153 4376 Dei
1179 4308 1396 4397 unigenitum,
1421 4315 1532 4375 natum
1559 4323 1605 4372 ex
1623 4301 1723 4374 Patre
1751 4314 1827 4376 ante
1856 4305 1965 4375 omnia

596 4420 741 4494 saecula.
768 4419 896 4492 Lumen
922 4419 965 4492 de
990 4419 1141 4510 Lumine,
1167 4421 1276 4492 Deum
1302 4443 1419 4493 vemm
1446 4418 1488 4490 de
1514 4419 1589 4490 Deo
1611 4440 1709 4509 vero,
1736 4424 1882 4510 genitum
1897 4441 1965 4491 non

292 4528 616 4611 *summersam*
639 4535 782 4623 factum,
815 4535 1128 4608 consubstantialem
1155 4537 1264 4626 Patri,
1297 4558 1358 4631 per
1385 4557 1483 4630 quem
1510 4536 1620 4606 omnia
1646 4532 1735 4606 lacta
1763 4546 1846 4608 sunt.
1900 4534 1966 4619 Qui

593 4661 734 4749 propter
758 4672 821 4724 nos
847 4652 998 4724 homines
1025 4662 1059 4724 et
1084 4663 1221 4748 propter
1246 4662 1394 4724 nostram
1421 4651 1562 4723 salutem
1578 4648 1749 4721 descendit
1771 4649 1813 4721 de
1840 4649 1964 4722 coelis:

595 4780 630 4840 et
655 4772 844 4841 incarnatus
872 4777 925 4840 est
951 4767 993 4839 de
1020 4766 1143 4862 Spiritu
1170 4778 1306 4859 sancto,
1342 4776 1376 4839 et
1411 4789 1458 4839 ex
1491 4765 1598 4837 Maria
1624 4769 1774 4857 virgine,
1806 4764 1964 4837 ethome

593 4882 702 4957 iactus
729 4894 791 4973 est,
819 4887 903 4958 sicut
928 4906 1002 4956 nos.
1030 4883 1218 4957 Crucifixus
1244 4892 1297 4957 est
1327 4886 1426 4955 etiam
1451 4906 1513 4979 pro
1541 4881 1638 4955 nobis
1665 4882 1726 4954 sub
1753 4880 1873 4952 Pontio
1899 4880 1965 4951 Pi·
2077 4952 2079 4954 ,

593 4998 675 5092 luto,
700 5020 834 5096 passus,
859 5010 1008 5073 mortuus
1035 5008 1069 5071 et
1095 4998 1243 5094 sepultus
1277 5009 1343 5073 est:
1377 5003 1474 5071 tertia
1510 4998 1564 5071 die
1596 5000 1781 5071 resurrexit
1813 5019 1833 5067 a
1864 5019 1963 5068 mor-

594 5119 670 5206 tuis,
697 5122 782 5190 siout
808 5119 965 5214 scriptum
992 5125 1055 5207 est,
1082 5126 1116 5187 et
1142 5114 1291 5187 ascendit
1315 5119 1350 5187 in
1364 5115 1506 5206 coelum,
1533 5113 1693 5207 sedetque
1721 5111 1763 5183 ad
1790 5112 1964 5184 dexteram

594 5232 702 5304 Patris
729 5236 789 5306 sui.
816 5231 860 5304 Et
885 5236 1003 5304 iterum
1029 5241 1189 5305 venturus
1222 5241 1276 5305 est
1309 5235 1344 5303 in
1370 5231 1479 5325 gloria
1507 5252 1586 5321 suu,
1617 5227 1769 5320 judicare
1802 5231 1902 5301 vivos
1930 5238 1964 5300 et

594 5357 755 5442 mortuos,
781 5351 875 5441 cujus
901 5316 998 5442 regni
1023 5371 1092 5423 uon
1117 5359 1170 5423 est
1189 5347 1275 5440 linis,
1302 5359 1336 5421 et
1361 5352 1395 5421 in
1420 5370 1520 5420 unum
1536 5346 1694 5443 Spiritum
1720 5355 1869 5423 sanctum
1881 5346 1962 5419 Do-
