5150 6534
796 859 827 937 s.
853 856 989 936 moon
1013 827 1200 936 uosuo'u
1224 859 1381 935 neurus
1408 859 1551 936 noum.
1589 961 1591 966 Δ
1812 861 1862 935 er

482 1050 599 1141 gione,
627 1048 682 1141 qui
708 1048 743 1117 in
768 1045 833 1117 fide
862 1068 947 1118 vera
978 1044 1107 1142 pridem
1140 1045 1388 1119 obdormientes
1425 1048 1642 1140 quieverunt,
1678 1056 1713 1119 et
1745 1047 1787 1120 ad
1825 1057 1862 1120 te

482 1163 590 1235 Deum
615 1163 794 1235 Dominum
827 1165 997 1258 spirituum
1030 1171 1064 1233 et
1096 1166 1204 1235 omnis
1243 1166 1353 1236 carnis
1387 1173 1621 1259 pervenerunt
1676 1162 1869 1257 Rogamus,

481 1278 718 1375 imploramus,
744 1288 779 1351 et
806 1278 1025 1374 deprecamur
1058 1276 1223 1350 Christum
1249 1278 1357 1350 Deum
1384 1288 1545 1366 nostrum,
1572 1282 1627 1373 qui
1646 1284 1793 1376 suscepit
1815 1279 1858 1354 ad

483 1417 523 1468 se
548 1398 676 1466 animas
703 1403 737 1466 et
763 1397 897 1490 spiritus
924 1415 1058 1481 eornm,
1086 1403 1122 1464 ut
1147 1415 1208 1487 per
1233 1397 1467 1466 miserationes
1502 1416 1581 1466 snas
1610 1394 1727 1468 multas
1754 1418 1868 1490 prae--

484 1519 549 1583 stet
574 1510 651 1582 illos
679 1510 800 1603 dignos
826 1512 926 1584 venia
952 1508 1147 1581 delictorum
1174 1518 1208 1579 et
1233 1513 1433 1581 remissione
1465 1519 1695 1603 peccatorum:
1727 1533 1863 1607 nosque-

483 1635 518 1697 et
543 1625 617 1698 illos
643 1629 825 1746 pervqnire
850 1627 952 1699 faciat
979 1625 1021 1697 ad
1047 1646 1188 1716 reguum
1215 1647 1310 1697 sunm
1335 1623 1502 1697 incaelis.
1555 1623 1606 1696 Ea
1626 1636 1764 1719 propter
1781 1628 1866 1699 cla·

486 1764 613 1814 memus
639 1751 673 1813 et
700 1742 847 1816 dicamus
874 1742 980 1839 Kyrie
1008 1741 1136 1812 eleison
1163 1748 1226 1811 ter.

589 1857 766 1929 Sacerdos
810 1859 1002 1929 inclinatos.
1056 1854 1224 1927 Memento
1266 1857 1382 1944 etiam,
1434 1856 1599 1944 Domine,
1642 1855 1860 1930 sacerdotum

484 1971 771 2065 Ortbodoxorum,
810 1974 937 2070 pridem
990 1971 1236 2059 defunctorum,
1275 1971 1501 2043 Diacouorum
1542 1981 1577 2043 et
1621 1969 1861 2044 Subdiacono-

482 2111 575 2179 nrm,
616 2088 818 2179 Psaltarum,
858 2090 1059 2177 Lectorum,
1092 2087 1328 2182 interpretum,
1356 2085 1553 2175 Cantorum,
1593 2084 1861 2175 Exercistarum,

482 2204 734 2293 Monacborum,
760 2205 1027 2298 Religiosornm,
1063 2202 1279 2290 Auditorum,
1315 2202 1489 2293 Virginem
1530 2211 1784 2297 perpetuarum,
1826 2214 1865 2275 et

484 2322 721 2409 saecularium,
758 2326 813 2417 qui
845 2327 878 2393 in
911 2322 976 2393 [ide
1001 2344 1085 2393 vera
1117 2318 1263 2390 defuncti
1290 2328 1382 2406 sunt,
1416 2328 1450 2389 et
1489 2340 1604 2391 eorum
1632 2339 1716 2412 quos
1750 2342 1862 2391 unus-

484 2440 622 2532 quisque
655 2436 809 2530 designat
841 2441 962 2510 animo.
1022 2438 1174 2509 Eievons
1206 2459 1332 2508 nocem.
1384 2438 1528 2510 Domine
1562 2437 1655 2509 Deus
1687 2439 1858 2532 spirituum

483 2561 518 2623 et
542 2557 650 2625 omnis
677 2556 807 2645 carnis,
834 2557 979 2626 omnium
1006 2564 1171 2627 memento
1200 2576 1338 2648 quorum
1374 2557 1598 2641 meminimus,
1635 2557 1690 2648 qui
1724 2556 1758 2622 in
1794 2551 1859 2622 iide

483 2666 679 2742 Orthodoxu
706 2692 754 2741 ex
778 2668 842 2740 buc
868 2671 938 2740 vitu
965 2673 1166 2761 migrarunt,
1193 2669 1234 2740 dn
1262 2667 1453 2758 animabus,
1480 2668 1678 2764 corporibus
1697 2678 1731 2740 et
1751 2670 1859 2763 spiri-

481 2785 568 2857 tibus
598 2784 726 2858 illorum
752 2789 920 2880 requiem,
946 2785 1092 2859 liberans
1119 2808 1180 2859 eos
1208 2808 1228 2855 a
1256 2784 1466 2855 damnatione
1491 2784 1615 2856 infinita
1641 2796 1794 2872 ventura,
1825 2791 1860 2854 ot
1957 2875 1960 2880 .

484 2899 604 2992 dignos
631 2901 775 2973 efficiens
802 2900 926 2993 gaudio
954 2901 1042 2995 qnod
1070 2905 1181 2973 estin
1208 2904 1282 2973 sinu
1308 2899 1500 2989 Abraham,
1535 2902 1631 2973 Isaac
1666 2912 1699 2972 et
1731 2898 1856 2972 Jacob:

482 3013 538 3086 ubi
571 3016 721 3113 splendet
751 3017 860 3088 lumen
888 3017 1000 3089 vultus
1028 3020 1090 3104 tui,
1117 3017 1204 3088 unde
1230 3015 1348 3110 procul
1383 3027 1458 3089 sunt
1490 3015 1644 3106 dolores,
1682 3020 1859 3108 angustiae

484 3140 517 3202 et
550 3135 712 3223 gemituS,
742 3154 811 3204 nou
847 3143 1004 3228 reputans
1040 3132 1103 3205 iliis
1137 3137 1247 3204 omnia
1285 3133 1404 3205 delicto
1440 3135 1579 3207 iliorum.
1632 3135 1709 3208 Non
1743 3146 1853 3207 autem

483 3248 586 3318 intres
613 3249 645 3317 in
670 3246 827 3339 Judicium
853 3270 929 3320 cnm
956 3252 1066 3320 servis
1094 3253 1173 3337 tuis,
1200 3252 1277 3343 quia
1292 3271 1359 3321 uon
1374 3248 1605 3341 justificabitur
1624 3253 1657 3320 in
1673 3260 1857 3345 conspectu

483 3372 539 3434 tuo
568 3368 674 3435 omnis
701 3366 842 3451 vivens,
868 3386 933 3434 uec
958 3364 1043 3437 nllus
1070 3375 1122 3436 est
1148 3388 1168 3437 a
1194 3369 1324 3460 peccati
1352 3366 1627 3460 culpaimmnnis,
1654 3376 1710 3437 aut
1736 3389 1858 3439 asor-

485 3476 580 3552 dibus
607 3501 727 3574 purus,
754 3502 800 3552 ex
826 3478 1011 3553 homiuibus
1039 3483 1093 3574 qui
1121 3503 1222 3576 super
1248 3489 1372 3553 terram
1386 3491 1476 3569 sunt,
1503 3483 1567 3551 nisi
1591 3504 1676 3552 unus
1692 3481 1857 3554 Dominus

483 3606 601 3667 noster
631 3596 731 3668 iesus
768 3595 919 3669 Christus
954 3600 1141 3687 unigenitus
1181 3597 1265 3668 iilius
1301 3608 1394 3684 tuns,
1429 3619 1491 3691 per
1525 3620 1623 3691 quem
1655 3619 1719 3670 nos
1756 3603 1858 3670 etiam

485 3709 748 3782 misericordiam
775 3722 809 3782 et
834 3715 1067 3784 remissionem
1098 3723 1313 3805 peccatorum
1345 3716 1507 3807 consequi
1543 3734 1734 3807 sperumuS,
1770 3735 1856 3808 quae

485 3837 623 3934 propter
649 3849 723 3898 enm
753 3836 823 3914 est,
851 3838 884 3897 et
909 3825 1007 3898 nobis
1036 3826 1169 3898 et·illis.

588 3939 750 4036 Populus.
778 3942 928 4028 Quietem
956 3952 1092 4037 praesta
1127 3941 1209 4033 iliis,
1244 3954 1278 4014 et
1315 3946 1478 4040 propitius
1513 3954 1605 4031 esto,
1646 3952 1679 4015 et
1712 3943 1858 4032 dimitte,

485 4058 595 4146 Deus,
623 4062 828 4154 insipientias
854 4069 888 4130 et
914 4058 1062 4130 deiectus
1098 4061 1241 4132 omnium
1274 4070 1441 4149 nostrrun,
1473 4064 1547 4132 sive
1581 4063 1740 4148 scienter,
1775 4064 1849 4134 sive

486 4176 698 4266 ignoranter,
725 4185 789 4246 etc.
869 4217 872 4228 ι

589 4290 765 4362 Sacerdos
790 4290 981 4362 inclinatus.
1017 4291 1176 4382 Remitte,
1204 4291 1337 4377 dimitte,
1365 4294 1515 4394 ignosce,
1543 4315 1563 4364 o
1588 4290 1693 4381 Deus,
1718 4301 1857 4386 peccata

488 4409 630 4477 omnium
666 4416 815 4478 nostrum
852 4406 1043 4477 voluntaria
1078 4418 1111 4478 et
1145 4408 1387 4498 involuntaria,
1422 4409 1566 4480 scienter
1599 4417 1632 4478 et
1664 4411 1862 4498 ignoranter

488 4524 675 4611 commissa,
701 4522 821 4611 verbo,
850 4544 965 4616 opere,
993 4532 1048 4593 aut
1063 4527 1280 4615 cogitatione,
1308 4524 1436 4596 occidta
1453 4533 1590 4612 etuota,
1616 4522 1761 4617 publica,
1789 4544 1855 4593 au-

485 4640 593 4733 tiqua,
620 4659 681 4732 per
708 4660 856 4710 errorem
884 4638 1028 4710 admissa
1056 4651 1089 4710 et
1117 4644 1227 4711 omnia
1261 4662 1346 4734 quae
1372 4642 1467 4710 novit
1500 4661 1622 4711 nornen
1650 4647 1736 4709 tunm
1770 4659 1855 4708 sau-

486 4763 581 4824 ctum.
639 4753 788 4826 Eteonos
820 4776 945 4825 nocem.
998 4755 1114 4826 Finem
1149 4758 1249 4846 igitur
1282 4753 1379 4826 nobis
1417 4751 1637 4826 Christianum
1672 4775 1854 4841 conserva,

487 4882 519 4941 et
555 4872 627 4942 sine
662 4880 823 4965 peccato;
859 4891 1072 4961 congregans
1105 4892 1169 4942 nos
1213 4868 1328 4941 subter
1360 4868 1465 4965 pedes
1499 4870 1677 4942 electorum
1713 4881 1854 4956 tuorum,

488 4985 635 5080 quando,
660 4984 730 5075 ubi,
757 4997 790 5057 et
818 4989 902 5057 sicut
927 4983 1094 5056 volueris:
1122 4985 1345 5058 tantummodo
1364 4983 1609 5058 abscondcnos
1627 5008 1645 5054 a
1660 4983 1855 5057 confusione

487 5104 689 5195 iniquitatum
715 5111 919 5188 nostrarum,
946 5110 982 5171 ut
1008 5104 1106 5171 etiam
1133 5104 1166 5171 in
1193 5101 1273 5190 hoc,
1307 5101 1401 5173 velut
1431 5105 1466 5173 in
1500 5100 1667 5188 omnibuS,
1702 5098 1854 5170 laudetur

488 5227 522 5288 et
547 5216 734 5290 celebretur
759 5239 880 5289 nomeu
907 5224 996 5288 tuum
1027 5215 1314 5289 honoratissimum
1348 5228 1382 5289 et
1413 5216 1620 5292 benedictum
1653 5226 1687 5286 et
1720 5215 1854 5287 Domini

487 5335 593 5405 nostri
620 5334 700 5405 iesu
728 5332 849 5405 Christi
875 5342 909 5403 et
935 5331 1077 5427 Spiritus
1104 5336 1150 5404 tui
1176 5336 1290 5405 sancti.

1599 5447 1649 5521 8.
