5150 6534
598 840 672 917 tls
1094 840 1452 918 lllllllGlll

593 1050 679 1101 vera
704 1029 877 1125 voluptate
903 1026 1097 1125 perhmdes:
1123 1050 1184 1101 eos
1211 1038 1323 1100 autem
1349 1030 1406 1122 qui
1432 1024 1683 1098 declinaverunt
1707 1046 1728 1096 a
1754 1026 1874 1098 semna
1901 1027 1964 1098 vi-

593 1155 659 1230 tae,
686 1147 720 1216 in
744 1143 931 1236 gehennam
958 1146 1046 1236 ignis
1071 1141 1316 1216 comhmendos
1342 1145 1461 1216 mittes.
1514 1141 1568 1214 Ne
1594 1139 1761 1214 sullundos
1793 1163 1858 1214 nos
1890 1164 1963 1238 pn-

594 1261 677 1332 dore
703 1273 915 1356 peccatorum
947 1269 1155 1347 nostrorum,
1188 1281 1299 1355 neque
1330 1260 1381 1330 rei
1413 1259 1516 1331 simus
1549 1259 1789 1330 communionis
1822 1267 1963 1354 myste-

593 1380 717 1449 riorum
745 1387 935 1449 sanctorum
959 1378 1114 1463 istorum,
1142 1377 1219 1470 quia
1245 1378 1401 1467 imaginis
1436 1384 1513 1446 tuae
1538 1375 1670 1446 nomine
1696 1376 1804 1447 ornati
1829 1395 1964 1450 snmus:

594 1515 705 1587 neque
732 1492 775 1564 de
799 1492 898 1565 nohis
924 1490 1070 1583 gaudeat
1093 1513 1158 1561 rex
1185 1493 1286 1580 aeris,
1313 1513 1388 1561 cmu
1414 1489 1567 1582 malignis
1594 1492 1741 1562 catervis
1766 1491 1859 1580 suis,
1886 1492 1965 1586 quia

595 1610 759 1700 sanguine
785 1619 842 1680 tuo
875 1605 1011 1678 redemti
1044 1628 1172 1678 sumus:
1208 1606 1269 1677 sed
1304 1610 1384 1678 oriri
1416 1604 1471 1677 foc
1503 1626 1605 1701 super
1637 1626 1702 1678 nos
1736 1606 1847 1680 lumen
1883 1605 1966 1680 illud

594 1732 696 1812 tuum,
729 1723 816 1820 qaod
841 1722 896 1795 die
922 1723 1059 1795 secundi
1092 1722 1254 1794 adventus
1286 1727 1334 1794 tui
1369 1726 1500 1794 emittes
1534 1742 1636 1815 super
1662 1722 1815 1794 timentes
1840 1731 1897 1811 te,
1930 1731 1968 1796 ct

595 1840 686 1912 salus
713 1844 780 1913 cito
807 1838 904 1911 uobis
930 1840 981 1911 sit.
1032 1836 1189 1910 Ecclesia
1214 1860 1356 1933 namque
1382 1848 1458 1925 tua,
1484 1847 1520 1909 et
1544 1859 1634 1929 grex
1659 1847 1734 1910 tuus
1760 1836 1965 1933 deprecatur

594 1964 638 2042 te,
665 1961 854 2051 otperto,
881 1978 923 2026 ac
948 1965 1057 2026 tecum
1081 1954 1215 2027 Patrem
1241 1965 1330 2026 tuum
1357 1953 1482 2026 dicens.

697 2072 857 2165 Populos.
909 2070 1081 2142 Miserere.

697 2188 879 2259 Sacerdos.
933 2185 1004 2259 Nos
1031 2208 1174 2282 quoque.

698 2302 859 2397 Populus.
912 2302 963 2373 Te
987 2301 1169 2374 laudamus.

697 2418 885 2489 Diaconos.
940 2416 1047 2503 Quam
1072 2416 1217 2489 timenda
1242 2427 1296 2491 est
1321 2416 1404 2490 haec
1428 2416 1522 2491 hora.

606 2741 609 2746 ’
630 2744 804 2816 Sacerdos
835 2744 1019 2816 inclinatos
1045 2744 1130 2815 dicit
1157 2745 1353 2816 Orationem
1379 2744 1612 2817 invocationis
1636 2743 1789 2837 Spiritus
1812 2746 1943 2817 meh.
2077 2693 2080 2698 Ι

699 2968 862 3041 Miserere
888 2969 1012 3056 nostri,
1037 2969 1200 3055 Domine,
1227 2970 1387 3054 miserere
1413 2970 1541 3058 nostri,
1573 2977 1607 3039 et
1640 2971 1732 3040 mitte
1764 2965 1808 3039 ad
1837 2989 1906 3042 nos
1946 2989 1970 3042 o

595 3085 680 3158 solio
709 3094 763 3155 tuo
790 3086 902 3177 regio,
937 3093 971 3155 et
996 3107 1043 3155 ex
1068 3082 1186 3155 throno
1220 3094 1275 3156 tuo
1293 3083 1451 3174 infinito,
1487 3084 1646 3179 Spiritum
1677 3093 1767 3155 tuum
1799 3093 1971 3173 sunctum,

596 3213 630 3273 et
654 3200 866 3289 Paraclitum
892 3199 1042 3293 ejusdem
1068 3222 1142 3271 curn
1170 3208 1223 3271 tua
1250 3203 1426 3294 majestate
1451 3210 1608 3289 naturae;
1635 3196 1969 3288 consubstantialem,

595 3322 686 3390 vitae
721 3316 936 3409 largitorem,
971 3314 1089 3388 throno
1124 3325 1158 3387 ct
1197 3319 1390 3388 aeternitate
1423 3315 1611 3412 aequalem:
1649 3317 1705 3409 qui
1739 3324 1896 3412 operatur
1933 3317 1971 3388 in

594 3433 780 3528 Prophetis„
809 3443 841 3504 et
867 3432 1053 3527 Apostolis,
1079 3430 1281 3527 martyribus
1309 3442 1343 3503 et
1369 3431 1632 3519 confessoribus,
1657 3430 1815 3523 regibus,
1841 3442 1969 3506 recto-

596 3551 701 3634 ribus,
729 3546 958 3619 sacerdotibus
986 3559 1020 3619 et
1046 3546 1198 3620 omnihus
1225 3548 1394 3620 ordinibus
1405 3548 1582 3620 Ecclesiae
1608 3546 1725 3619 tidelis.
1759 3545 1822 3634 Qui
1849 3570 1969 3644 appa-

596 3668 661 3734 ruit
687 3668 720 3735 in
748 3661 922 3735 columbae
950 3666 1062 3759 specie
1089 3685 1190 3759 super
1215 3664 1392 3736 Dominum
1419 3676 1568 3737 nostrum
1592 3664 1709 3735 lesum
1737 3661 1905 3736 Christum
1933 3665 1969 3736 in

596 3780 743 3852 iordane
769 3777 890 3852 lluvio:
919 3784 972 3874 qui
999 3779 1170 3852 descendit
1195 3802 1296 3875 super
1316 3778 1504 3876 Apostolos
1531 3790 1607 3852 tuos
1626 3787 1760 3852 sanctos
1786 3780 1820 3850 in
1847 3782 1968 3874 specis

596 3895 782 3987 linguarum
814 3897 910 3987 ignis.
963 3896 1007 3968 Et
1039 3918 1125 3968 nunc
1160 3899 1370 3990 requiescat,
1402 3907 1436 3967 et
1470 3905 1601 3968 maneat
1634 3917 1736 3990 super
1774 3892 1968 3968 oblationes

595 4024 748 4098 nostras,
786 4021 819 4082 et
850 4034 951 4107 super
982 4034 1044 4085 nos
1071 4013 1237 4101 infirmos,
1271 4020 1306 4084 ut
1338 4015 1504 4107 possimus
1539 4014 1716 4108 percipere
1751 4008 1898 4082 afflatum
1933 4019 1970 4082 et

596 4128 724 4200 radium
752 4127 913 4198 adventus
941 4132 1024 4221 ejus,
1052 4139 1084 4199 et
1111 4127 1262 4199 illabatm
1290 4150 1391 4223 super
1415 4150 1480 4200 nos
1506 4139 1540 4201 et
1565 4150 1667 4224 super
1687 4126 1748 4200 has
1775 4123 1968 4200 oblationes

596 4245 800 4339 propositas,
827 4267 953 4337 eosque
979 4244 1170 4316 sanctificet.

701 4359 885 4431 Sacerdos.
912 4359 1045 4431 Exaudi
1071 4384 1124 4430 ure
1153 4359 1304 4431 Domine.

703 4477 862 4569 Populos.
914 4478 1019 4573 llyrie
1046 4478 1173 4550 eleison
1200 4486 1263 4549 ter.

700 4591 884 4665 Sacerdos.
937 4593 982 4665 Ut
1006 4594 1162 4682 illabens,
1197 4593 1316 4666 efficiat
1347 4617 1465 4689 panem
1498 4594 1629 4689 quidem
1664 4593 1750 4665 hunc
1784 4594 1968 4692 †corpus

598 4706 764 4796 salutare,
791 4711 819 4796 †
846 4731 969 4805 corpus
1001 4710 1187 4797 vivificum,
1225 4712 1253 4797 l
1286 4733 1408 4805 corpus
1438 4711 1572 4783 Domini
1602 4710 1668 4782 Dei
1708 4720 1743 4783 et
1774 4704 1969 4784 Salvatotis

598 4827 702 4894 nostri
728 4825 810 4897 lesu
838 4824 1038 4914 Christian
1065 4830 1288 4921 expiationem
1318 4826 1527 4917 delictorum,
1562 4830 1792 4901 remissionem
1831 4846 1971 4919 pecca-

597 4946 717 5028 tomm,
745 4952 777 5011 et
805 4945 906 5014 vitam
934 4951 1103 5013 aeternam
1130 4943 1193 5016 illis
1221 4946 1274 5038 qui
1302 4947 1487 5038 susceptmi
1513 4953 1597 5016 sunt

705 5057 862 5149 Populos.
914 5059 1032 5130 Amen.

701 5170 886 5244 Sacerdos.
940 5173 1097 5246 Similiter
1138 5178 1237 5247 etiam
1276 5176 1414 5249 calicem
1454 5175 1559 5264 huno,
1603 5180 1749 5251 instituat
1790 5185 1812 5263 †
1850 5189 1970 5277 potum

598 5286 791 5378 coelestem,
818 5296 839 5370 †
866 5292 1060 5382 sanguinem
1087 5288 1277 5383 salutarem,
1304 5299 1324 5373 †
1351 5296 1546 5386 sanguinem
1559 5292 1742 5387 vivificum,
1767 5299 1972 5389 sauguinem
