5150 6534
603 852 679 929 318
923 856 1100 935 LITURGlll
1127 857 1330 936 PHlLOliillll
1355 858 1654 937 morannum.

603 1043 781 1134 spiciamur
806 1040 903 1113 liberi
929 1065 949 1113 a
975 1046 1124 1138 peccatis
1151 1052 1186 1114 et
1211 1042 1339 1117 delictis
1367 1046 1450 1131 suis,
1478 1045 1741 1143 splendeantque
1762 1047 1915 1123 sicntsol
1941 1051 1974 1121 in

601 1176 707 1246 regno
736 1165 792 1228 tuo
820 1157 979 1247 coelesti,
1007 1161 1082 1253 quia
1109 1169 1143 1230 tu
1170 1180 1208 1231 es
1234 1157 1362 1249 bonus,
1390 1170 1424 1232 et
1449 1162 1572 1234 multae
1597 1162 1868 1237 misericordiae:
1901 1187 1975 1237 cum

600 1273 771 1362 unigenito
797 1271 865 1344 filio
893 1281 950 1343 too
977 1283 1011 1344 ct
1036 1273 1161 1368 Spiritu
1187 1284 1243 1346 tuo
1270 1285 1408 1365 sancto,
1435 1286 1499 1349 etc.

703 1398 865 1491 Popatas.
916 1400 1036 1473 Amen.

704 1526 888 1600 Sacerdos.
941 1528 1026 1599 Pax.

705 1653 867 1749 Populos.
921 1654 1065 1728 Etcum
1092 1658 1209 1751 spiritu
1236 1667 1306 1729 tuo.

703 1783 888 1856 Sacerdos.
940 1783 1193 1857 Misericordiae
1220 1787 1285 1858 Dei
1311 1789 1386 1860 sint.

661 2005 662 2008 Ἴ
704 1913 867 2006 Populus.
922 1911 1007 1985 Cum
1035 1916 1152 2009 spiritu
1166 1903 1245 1987 tuo.
1325 1890 1330 1908 ¹

625 2115 628 2121 ,
702 2039 891 2112 Diaconos.
947 2042 1030 2114 Cum
1058 2043 1186 2114 timore.

703 2166 866 2260 Populus.
918 2170 1014 2243 linas
1040 2169 1143 2241 Pater
1168 2180 1314 2243 sanctus.

703 2294 892 2370 Diaconos.
946 2298 1080 2370 Stemus
1108 2274 1277 2371 decenter.
1316 2390 1322 2400 .

703 2425 865 2520 Papulas.
920 2425 1054 2498 Gratias
1082 2426 1221 2515 agimus.

704 2553 880 2626 Sacerdos
906 2555 991 2626 dicit
1017 2556 1208 2625 orationem
1239 2555 1432 2645 pratiarara
1458 2558 1615 2628 actionis.
1670 2555 1803 2628 Gratias
1841 2556 1970 2649 agimus

602 2668 659 2741 tibi
686 2670 829 2741 Domine
856 2669 949 2741 Deus
975 2678 1102 2757 noster,
1128 2690 1191 2763 pro
1219 2668 1371 2743 omnihus
1398 2674 1462 2742 tuis
1478 2693 1562 2764 erga
1578 2693 1641 2744 nos
1668 2668 1854 2742 beneficiis:
1883 2668 1970 2763 quod

600 2784 750 2856 liberasti
776 2806 840 2857 nos
876 2808 896 2856 a
929 2793 1088 2880 peccato,
1124 2794 1159 2855 et
1189 2788 1400 2879 praeparasti
1436 2785 1487 2857 ad¹
1509 2809 1649 2879 regnum
1681 2796 1770 2857 tuum
1806 2784 1969 2856 eoeleste:

600 2901 689 2995 quod
716 2901 860 2972 eduxisti
888 2922 950 2972 nos
978 2922 1024 2970 ex
1050 2921 1111 2971 ore
1138 2898 1293 2972 draconis
1320 2901 1510 2995 spiritualis,
1537 2911 1571 2973 ct
1595 2900 1746 2974 habitare
1772 2899 1883 2972 fecisti
1908 2907 1968 2971 nos

599 3019 631 3085 in
658 3015 813 3088 Ecclesia
841 3026 895 3087 tua
923 3023 1058 3087 sancta:
1086 3003 1181 3110 quod
1201 3018 1332 3087 vocasti
1359 3038 1423 3088 nos
1449 3016 1535 3089 lilios
1561 3028 1638 3091 tuos
1664 3018 1912 3112 pergratiam,
1938 3024 1968 3086 et

598 3130 760 3204 tradidisti
788 3129 884 3203 nobis
912 3130 1193 3227 dispensationem
1214 3134 1448 3225 mysteriorum
1462 3144 1590 3204 tuorum
1605 3137 1795 3205 sanctorum
1822 3142 1857 3202 et
1882 3151 1966 3203 coe-

598 3247 747 3320 lestium:
775 3228 964 3341 quodcum
1000 3243 1099 3316 alieni
1126 3262 1302 3335 essemus,
1327 3244 1530 3320 domesticos
1565 3258 1641 3321 tuos
1674 3246 1783 3319 fecisti
1815 3268 1879 3318 nos
1910 3268 1967 3342 per

598 3366 804 3455 unigenitum
831 3362 931 3434 lilium
960 3371 1066 3432 taum:
1095 3363 1150 3455 qui
1176 3363 1385 3433 commiscuit
1405 3384 1529 3458 corpus
1555 3385 1650 3434 suum
1677 3360 1876 3457 corporibus
1901 3382 1966 3433 no-

590 3484 676 3555 stris
704 3490 738 3550 et
764 3482 959 3569 sanguinem
986 3498 1081 3549 suum
1108 3478 1239 3550 miscuit
1265 3476 1421 3549 memhris
1447 3481 1589 3551 nostris:
1624 3480 1842 3573 promisitque
1872 3476 1965 3550 nobis

597 3616 739 3685 regnum
767 3591 855 3689 quod
881 3615 949 3665 non
974 3595 1077 3687 perit:
1103 3590 1192 3664 bona
1220 3614 1306 3686 quae
1332 3613 1400 3663 non
1422 3603 1605 3682 transeunt,
1632 3605 1666 3665 et
1681 3593 1871 3688 voluptates
1884 3614 1965 3687 quae

596 3710 695 3780 finem
724 3731 790 3780 non
822 3708 954 3781 habent.
1007 3706 1197 3802 Eapropter
1231 3706 1348 3780 laudes
1383 3730 1483 3804 puras
1517 3708 1701 3781 referemus
1735 3707 1793 3780 tihi
1828 3708 1964 3801 gloriam

597 3837 630 3897 et
657 3828 837 3919 gratiarum
866 3827 1041 3912 actionem,
1068 3834 1132 3895 etc.

699 3954 861 4047 Populos.
913 3955 1033 4025 Amen.

699 4081 883 4153 Sacerdos.
936 4080 1020 4151 Pax.

701 4209 860 4302 Populus.
913 4206 1058 4280 Etcum
1086 4212 1203 4304 spiritu
1229 4218 1296 4281 tuo.

698 4340 887 4409 Diaconos.
941 4337 1033 4409 Post.

699 4466 860 4558 Populus.
915 4464 1039 4537 Coram
1067 4477 1110 4538 te.

699 4594 884 4666 Sacerdos.
938 4593 1069 4666 Christe
1095 4595 1188 4666 Deus
1215 4578 1342 4679 nosier,
1369 4590 1516 4663 clemens
1543 4600 1577 4662 et
1603 4593 1813 4680 misericors,
1847 4597 1966 4687 quies

594 4714 796 4805 propitiatio,
823 4719 858 4781 et
883 4708 1051 4781 mundatio
1079 4711 1222 4782 omnium
1249 4718 1477 4805 peccatorum,
1503 4708 1638 4801 suscipe
1661 4705 1847 4779 oblationes
1873 4713 1964 4795 istas,

596 4849 681 4920 quae
709 4850 729 4897 a
755 4826 854 4898 nobis
880 4825 940 4897 tibi
968 4823 1102 4897 oblatae
1128 4833 1214 4914 sunt,
1241 4828 1327 4898 sicut
1353 4821 1541 4895 oblationes
1568 4824 1698 4917 piorum
1725 4826 1869 4894 omniurn
1899 4846 1964 4895 an-

530 4949 535 4961 ·
594 4945 770 5035 tiquorunr,
800 4943 853 5036 qui
867 4950 1153 5036 exspectavenmt
1170 4962 1265 5035 spem
1291 4952 1391 5027 tuam,
1418 4949 1454 5010 ut
1480 4940 1611 5027 attenti,
1637 4960 1746 5033 neque
1774 4938 1908 5034 spoliati
1933 4942 1965 5010 in

593 5055 657 5128 illis
685 5078 961 5153 perseveremus:
990 5064 1024 5128 et
1049 5055 1175 5128 deliciis
1202 5077 1341 5129 mensae
1367 5063 1444 5126 tuae
1463 5052 1643 5148 spiritualis
1659 5052 1750 5146 digni
1778 5054 1966 5138 efficiamur,

595 5174 758 5268 simulque
785 5172 905 5245 fiducia
932 5193 1046 5244 coram
1073 5170 1192 5244 throno
1219 5151 1403 5263 majestatis
1431 5179 1520 5259 tuae,
1546 5171 1580 5239 in
1607 5168 1680 5257 illo,
1707 5191 1773 5263 quo
1801 5171 1965 5242 exorieris

594 5288 647 5360 die
674 5290 785 5381 gaudii
793 5341 804 5378 ,
840 5287 986 5361 laetitiae
1021 5298 1055 5361 et
1091 5288 1304 5361 exultationis
1335 5281 1410 5358 cum
1446 5288 1571 5360 sanctis
1605 5285 1668 5356 tuis
1701 5284 1736 5352 in
1769 5307 1876 5377 regno
1912 5293 1967 5355 tao
