5150 6534
1188 843 1344 933 232
1650 799 1663 813 ’
1869 844 2223 923 munau
2274 843 2337 921 s,
2387 845 2582 921 ΜΠ
2630 844 2876 921 PAPAE
2924 841 3236 923 Romu.

1395 1032 1716 1126 Populus.
1819 1031 1909 1104 Et
1960 1054 2105 1103 cum
2161 1034 2394 1127 spiritu
2449 1042 2583 1103 tuo.

1391 1148 1768 1220 Diaconus.
1872 1147 1948 1219 In
1999 1150 2260 1235 timore,
2315 1157 2438 1219 etc.

1394 1263 1765 1337 Sacerdos.
1869 1262 2119 1335 Sancta
2177 1265 2445 1354 sanctis.

1394 1379 1712 1474 Populus.
1817 1378 2003 1451 Unus
2055 1378 2258 1450 Pater
2309 1390 2596 1451 sanctus.

1394 1494 1764 1566 Sacerdos.
1806 1552 1810 1556 ,
1869 1493 2080 1583 UnuS‚
2144 1504 2270 1566 etc.

1393 1611 1767 1682 Diaconas.
1872 1609 2139 1683 Stemus
2194 1609 2527 1682 decenter.

1392 1726 1712 1821 Populus.
1819 1725 2084 1798 Gratias
2139 1729 2398 1817 agimus
2452 1723 2593 1797 tihi.

2035 2049 2278 2120 Oratio
2331 2049 2716 2139 qratiarum
2767 2049 3083 2118 actionis.

1392 2251 1759 2325 Sacerdos.
1865 2253 2130 2326 Gratias
2185 2255 2443 2344 agimus
2498 2250 2614 2322 tihi
2666 2254 2955 2324 Domine
3005 2250 3192 2324 Deus
3246 2261 3498 2341 noster.
3554 2265 3623 2321 et
3679 2253 3923 2325 excel-

1187 2366 1425 2440 lentius
1477 2372 1731 2461 gratias
1787 2372 2043 2462 agimus
2095 2378 2369 2464 propter
2420 2371 2642 2439 omnia
2693 2366 3015 2440 beneficia
3067 2377 3179 2440 tua
3233 2393 3398 2461 erga
3442 2393 3590 2453 [ωε.1
3647 2373 3755 2461 qui
3799 2393 3919 2441 uus

1191 2483 1484 2557 infirmos
1560 2495 1635 2574 et
1701 2493 2098 2581 peccatores
2180 2482 2420 2575 dignos
2496 2481 2714 2556 fecisti
2795 2481 3181 2556 celebrandi
3265 2485 3390 2557 hac
3470 2489 3915 2557 ministerium.

1185 2598 1487 2690 Dignare
1539 2609 1608 2672 ut
1659 2599 1828 2672 haec
1879 2604 2253 2674 communio
2323 2598 2822 2689 sacramentalis
2897 2603 3109 2694 prosit
3171 2601 3366 2673 nohis
3438 2601 3518 2673 ad
3590 2605 3919 2697 propitia-

1186 2717 1433 2786 tionem
1470 2714 1880 2808 delictorum,
1922 2728 1988 2788 et
2024 2701 2487 2788 remissionem
2520 2725 2972 2810 peccatorum,
3017 2716 3099 2787 ad
3130 2716 3282 2789 fidei
3330 2717 3915 2805 confirmationem.

1189 2830 1273 2901 ad
1310 2829 1849 2905 observationem
1885 2832 2341 2905 mandatorum
2377 2841 2634 2903 tuorum
2676 2842 3077 2921 sanctorum,
3132 2842 3200 2904 et
3232 2833 3314 2905 ad
3352 2845 3643 2905 tutamen
3687 2857 3911 2905 curam

1186 2945 1424 3020 throno
1476 2948 1775 3039 terribili,
1826 2952 2147 3042 unigeniti
2198 2948 2349 3020 Filii
2402 2952 2520 3020 tui:
2578 2972 2726 3019 cum
2782 2970 2913 3042 quo
2968 2957 3036 3020 te
3089 2947 3282 3021 decet
3334 2949 3550 3041 gloria
3590 2957 3655 3017 et.
3691 2949 3919 3021 honor.

1396 3063 1718 3157 Populus.
1824 3067 2061 3138 Amen.

1397 3179 1766 3253 Sacerdos.
1872 3183 2040 3253 Pax.

1391 3296 1711 3391 Populus.
1814 3296 1903 3369 Et
1954 3319 2103 3369 cum
2156 3298 2384 3390 spiritu
2437 3306 2570 3367 tuo.

1394 3413 1771 3511 Diacoaus.
1876 3413 2061 3500 Post,
2119 3421 2244 3486 etc.

1392 3528 1714 3622 Populus.
1821 3526 2072 3601 Coram
2123 3538 2210 3599 te.

1394 3642 1760 3716 Sacerdos.
1868 3643 2040 3730 Quid
2109 3652 2214 3715 est
2277 3663 2445 3733 ergo
2510 3642 2705 3715 nobis
2774 3643 2952 3737 quod
3024 3643 3464 3717 retribuamus
3533 3645 3749 3716 amori
3816 3652 3925 3714 tuo

1192 3781 1358 3851 erga
1413 3758 1750 3847 homines,
1821 3758 2085 3831 Christe
2138 3759 2322 3829 Deus
2376 3768 2643 3846 noster,
2713 3762 2820 3852 qui
2873 3781 2997 3830 nos
3054 3759 3290 3831 exules
3345 3782 3384 3829 a
3436 3760 3652 3854 patria
3703 3767 3929 3830 nostra

1188 3879 1492 3971 pristina,
1529 3886 1615 3947 -et
1670 3876 1778 3947 diu
1834 3901 1871 3948 a
1929 3884 1994 3946 te
2047 3875 2279 3970 procul
2336 3874 2554 3947 factos
2608 3877 2896 3962 vocasti,
2952 3884 3019 3945 et
3072 3875 3402 3946 adduxisti
3454 3873 3538 3944 ad
3574 3872 3926 3973 familiari-

1189 4002 1390 4063 tatem
1444 4001 1510 4063 et
1560 3991 1861 4063 fiduciam
1917 4000 2170 4078 tecum3
2226 4000 2294 4061 et
2345 3990 2585 4080 dignos
2629 3989 2848 4061 fecisti
2887 4012 3010 4063 nos
3056 3995 3264 4062 vitam
3304 4012 3537 4062 veram
3573 3998 3641 4061 et
3681 3987 3921 4060 laetam

1190 4110 1256 4177 in
1327 4107 1661 4179 saeculum
1737 4131 1775 4179 a
1854 4117 1920 4177 te
1991 4105 2460 4200 consequendi.
2570 4103 2899 4193 Gloriam,
2954 4106 3275 4180 honorem
3342 4117 3410 4178 et
3474 4104 3922 4178 adorationem
4048 4171 4057 4185 ,

1190 4222 1557 4327 referemus
1611 4222 1764 4309 tihi,
1815 4222 2129 4316 Patrique
2181 4231 2333 4307 tuo,
2389 4230 2517 4292 etc.

1398 4338 1774 4409 Diaconas.
1880 4338 2175 4408 Benedic
2227 4338 2532 4409 Domine.

1399 4454 1765 4526 Sacerdos.
1871 4453 2163 4525 Benedic
2221 4450 2544 4539 omnihuS‚
2601 4462 2725 4522 etc.

2046 4792 3149 4840 W
