5150 6534
992 838 1038 915 lli
1062 774 1326 918 titubalau
1357 836 1584 917 blosconl.
1887 834 1967 912 tet

603 1041 679 1086 care
703 1022 875 1099 vobem,
903 1022 942 1086 de
970 1024 1038 1105 ipso
1068 1022 1188 1087 Christo
1214 1021 1410 1108 intelligenda
1435 1040 1523 1098 esse,
1551 1040 1613 1086 nou
1641 1022 1680 1086 de
1705 1022 1796 1105 Agno
1821 1020 1966 1100 Pascbali.

599 1119 790 1198 Passionem,
810 1121 917 1204 inquit,
939 1140 1026 1186 mom
1047 1121 1236 1203 decigrrcbot
1259 1123 1303 1185 cd
1323 1124 1408 1201 crpus
1428 1120 1651 1184 airaiiitadiacm
1671 1123 1790 1202 accepit
1806 1140 1917 1201 macen
1938 1128 1969 1183 ct

597 1218 813 1301 {mgitpridie
833 1229 1109 1302 quampoteretur,
1131 1221 1245 1283 docens
1265 1240 1329 1297 eoa,
1351 1240 1389 1282 ne
1410 1218 1617 1282 wmiudoeic
1638 1239 1749 1301 mnam
1769 1221 1967 1297 annotarent,

600 1319 1966 1401 emouerentpmmtmmatqottanqnomomanprotpeumcctmtmerot,

600 1433 641 1480 en
660 1417 713 1480 die
731 1437 821 1499 qaum
842 1418 1013 1499 Proplretoe
1033 1419 1073 1480 de
1093 1437 1130 1481 eo
1154 1420 1387 1499 proediccrmrt.
1431 1417 1515 1480 llaec
1544 1425 1644 1481 tamen
1669 1417 1819 1485 sententia
1841 1417 1884 1481 illi
1904 1436 1967 1484 uon

599 1514 758 1598 probatur,
782 1517 917 1600 duasque
939 1517 1052 1581 idcirco
1076 1535 1190 1580 coenas
1219 1517 1362 1599 distingui
1379 1516 1483 1598 jubet:
1518 1516 1642 1597 primam
1672 1534 1751 1598 quae
1779 1517 1965 1582 astantibus

599 1621 725 1697 perucia
748 1623 805 1695 est,
827 1634 915 1699 quam
937 1615 1082 1700 Legalem
1103 1615 1198 1680 luisse
1221 1615 1327 1691 credit,
1350 1616 1431 1697 quod
1442 1616 1482 1677 ita
1500 1634 1541 1678 ex
1550 1614 1644 1700 Legis
1658 1615 1847 1698 praescripto
1870 1635 1966 1701 agnus

602 1721 671 1778 erat
692 1714 914 1779 comedendus:
943 1714 1068 1780 alteram
1089 1715 1120 1777 in
1148 1733 1206 1797 qua
1234 1732 1345 1778 novrum
1365 1712 1479 1777 Pascha
1500 1714 1634 1778 instituit.
1678 1714 1730 1777 Usi
1758 1722 1831 1777 sunt
1859 1714 1968 1779 eodem

600 1822 780 1894 “amento
803 1814 931 1896 plurimi,
952 1831 1015 1878 non
1035 1815 1224 1878 recentiores
1252 1813 1342 1877 modo
1369 1812 1527 1896 Theologi,
1542 1813 1605 1876 sed
1634 1812 1724 1876 etiam
1751 1820 1885 1891 veteres,
1907 1833 1966 1896 quo

600 1917 702 1978 huten
722 1910 795 1975 nilril
817 1912 955 1977 abicitur:
979 1921 1010 1976 et
1033 1912 1070 1977 ab
1093 1912 1160 1976 aliis
1184 1922 1341 1995 peccatum
1363 1922 1411 1976 est
1431 1913 1600 1996 ignorantia
1622 1910 1742 1974 Rituum
1763 1911 1966 1977 iudaicorum.

601 2007 726 2076 Certum
748 2012 827 2076 euim
849 2020 898 2078 est
918 2032 960 2076 ex
981 2013 1111 2095 antiquis
1130 2012 1248 2075 illorum
1266 2014 1479 2090 monumentis,
1498 2011 1643 2094 quaedam
1658 2011 1796 2092 imprimo
1811 2011 1967 2092 Pascbate,

600 2110 684 2191 quod
705 2113 736 2175 in
757 2112 841 2174 exitu
863 2112 902 2175 de
923 2112 1067 2197 Aegypto
1090 2112 1274 2176 celebratum
1286 2119 1344 2189 est,
1367 2112 1528 2175 observata
1551 2109 1655 2189 luisse,
1677 2128 1755 2193 quae
1778 2113 1969 2191 postmodum
1998 2154 2000 2160 ·

600 2209 715 2274 ouban
735 2217 816 2289 suut,
839 2219 928 2293 atque
950 2212 1029 2275 inter
1049 2210 1117 2290 alia,
1140 2219 1254 2275 stantes
1277 2218 1309 2273 et
1330 2210 1454 2273 renibus
1473 2210 1625 2273 accinctos
1648 2209 1821 2289 comedere,
1843 2210 1967 2276 baculos

600 2306 750 2374 babentes
772 2310 803 2373 in
825 2310 974 2387 manibus,
996 2319 1026 2374 et
1049 2310 1194 2393 quaedam
1210 2309 1299 2390 hujus
1314 2310 1449 2394 generis,
1471 2308 1631 2392 diligenter
1653 2315 1755 2372 notata
1778 2308 1815 2372 ab
1838 2311 1968 2392 antiquis

602 2409 774 2473 autoribus:
808 2410 839 2471 in
860 2409 1006 2491 licpudct
1025 2409 1221 2490 Happeccclt,
1250 2410 1281 2471 in
1312 2409 1453 2471 Tractatu
1480 2406 1652 2482 Pesacbim,
1682 2414 1713 2470 et
1741 2409 1853 2489 passim
1887 2410 1966 2475 alibi.

599 2504 709 2589 Neque
730 2508 829 2572 locum
850 2507 899 2571 bic
921 2508 1033 2572 habere
1055 2518 1156 2589 potest
1176 2507 1311 2591 vulgaris
1323 2507 1374 2570 illa
1401 2508 1541 2588 exceptio
1565 2505 1603 2570 de
1624 2506 1762 2574 futilitate
1776 2505 1968 2572 ludaicarum

602 2606 825 2683 inditionum,
854 2614 885 2671 et
914 2607 1023 2689 ineptis
1052 2606 1175 2686 fabulis,
1211 2607 1319 2689 quibus
1347 2614 1467 2669 scatere
1498 2605 1664 2668 Pandectas
1680 2604 1880 2682 slalmudicos
1907 2626 1969 2673 non

601 2705 778 2785 inliciamur,
801 2706 859 2769 illia
883 2707 1061 2787 praesertim
1084 2725 1158 2788 quas
1182 2726 1222 2769 ex
1245 2706 1315 2769 odio
1332 2704 1521 2769 Christianae
1543 2704 1710 2787 Religionis
1732 2712 1817 2768 natas
1839 2715 1870 2769 et
1892 2725 1969 2790 pro-

600 2813 729 2890 pagatas
752 2806 953 2887 agnoscimus.
976 2804 1017 2869 At
1038 2824 1116 2887 quae
1138 2804 1374 2869 consuetudines
1396 2811 1528 2882 veteres,
1552 2803 1798 2887 disciplinamque
1820 2814 1968 2887 spectant,

604 2922 683 2986 quae
710 2905 831 2987 vigeret
860 2912 958 2967 stante
985 2904 1112 2986 templo,
1139 2922 1176 2967 ea
1206 2921 1306 2986 neque
1339 2902 1463 2967 ludaeis
1493 2911 1637 2984 prosunt,
1665 2921 1764 2984 neque
1792 2903 1969 2969 Christianis

602 3011 727 3084 nocent,
749 3004 809 3066 imo
832 3022 926 3086 saepe
948 3003 986 3066 ad
1009 3005 1178 3085 scripturae
1199 3022 1317 3082 sacrae,
1340 3004 1430 3066 etiam
1443 3001 1522 3065 Novi
1540 3002 1722 3066 Testamenti
1743 3003 1968 3087 intelligentiam

603 3101 763 3185 plurimum
785 3102 860 3164 lucis
884 3102 1022 3168 allerunt.
1068 3103 1231 3183 Plerosque
1255 3110 1377 3165 autores
1401 3119 1462 3164 non
1483 3101 1580 3165 minus
1601 3110 1725 3165 veteres
1747 3120 1835 3183 quam
1857 3122 1969 3167 recen-

603 3200 709 3278 tiores,
732 3218 792 3265 non
814 3202 887 3265 satis
909 3210 1087 3285 perspectas
1105 3201 1247 3265 babuisse
1265 3202 1485 3279 caeremonias,
1503 3218 1582 3283 quae
1605 3207 1702 3263 stante
1725 3202 1836 3283 templo
1858 3203 1889 3266 in
1912 3222 1969 3267 usu

604 3308 702 3378 eraut,
726 3299 826 3363 multis
848 3302 1033 3384 argumentis
1049 3300 1281 3378 demonstratur,
1304 3308 1334 3362 et
1348 3300 1456 3363 Graeci
1478 3298 1544 3361 illas
1556 3300 1719 3388 praecipuo
1740 3302 1968 3382 ignoraverunt.

603 3397 710 3481 Neque
734 3398 764 3461 id
786 3400 902 3479 rubum,
926 3419 992 3463 curn
1015 3401 1094 3464 inter
1120 3398 1254 3463 iudaeos
1282 3398 1463 3463 Hellenistas
1492 3398 1682 3462 doctissimus
1703 3398 1805 3477 Philo,
1828 3419 1881 3464 eas
1910 3420 1969 3465 ne-

603 3500 716 3577 sciens,
739 3498 901 3581 plerosque
928 3501 959 3563 in
993 3518 1128 3563 errorem
1157 3497 1318 3563 induxerit.
1367 3498 1472 3579 ltaque
1506 3496 1615 3561 Graeci
1648 3497 1716 3561 dum
1743 3497 1856 3561 Latinis
1886 3500 1969 3565 circa

603 3594 720 3679 nyma
740 3595 822 3660 litem
850 3617 890 3660 ex
916 3599 1069 3662 Pascbatis
1100 3598 1274 3661 celebrandi
1304 3597 1423 3661 ratione
1456 3605 1633 3675 moverunt,
1661 3599 1691 3661 in
1720 3598 1848 3663 absurda
1877 3600 1968 3666 multa

602 3696 767 3760 incurrisse
789 3697 938 3776 nolentes,
962 3696 1238 3780 deprehenduntur,
1262 3688 1340 3776 quae
1369 3696 1438 3777 Syri
1460 3695 1579 3777 quidam
1602 3713 1661 3759 non
1684 3696 1871 3781 ellegerunt,
1901 3700 1970 3764 dum

603 3799 642 3857 ut'
658 3793 840 3859 Fermentati
863 3798 909 3859 sui
933 3815 1018 3859 usum
1041 3795 1220 3875 stabilirent,
1244 3794 1420 3877 adjecerunt
1448 3796 1612 3858 narrationi
1634 3795 1837 3881 Evangelicae
1863 3800 1893 3862 in
1915 3799 1969 3863 Li-

603 3895 714 3979 turgia,
739 3891 890 3958 Uiriatum
912 3897 1067 3977 occepisse
1089 3914 1201 3977 ponem
1226 3897 1448 3976 sermmtctnm,
1471 3894 1551 3975 quod
1575 3914 1614 3958 ex
1635 3894 1803 3979 Evangelio
1828 3916 1890 3961 non
1910 3896 1969 3960 ha-

561 4053 563 4057 ,
602 3991 702 4060 betur.
746 3992 809 4057 llac
839 3995 918 4057 enim
946 3995 977 4057 in
1000 4001 1086 4077 parte
1108 3994 1258 4057 Romanae
1281 3992 1439 4057 Ecclesiae
1461 3994 1598 4070 traditio,
1632 3995 1728 4078 magis
1756 4004 1875 4059 constat
1903 3998 1969 4079 ipsa

602 4092 676 4158 eibi:
698 4110 766 4155 nam
788 4112 855 4156 cum
878 4092 1017 4175 exemplo
1041 4091 1151 4156 Christi
1173 4111 1208 4156 se
1232 4100 1342 4168 tuetur,
1365 4093 1498 4155 atilium
1520 4092 1694 4156 celebrasse
1717 4094 1831 4159 Pascha
1853 4096 1969 4160 blosai-

603 4210 671 4256 cum
700 4191 794 4274 vulgo
823 4192 922 4273 docet,
952 4201 1037 4255 recte
1065 4192 1181 4274 Azymo
1211 4194 1290 4274 pane
1324 4191 1430 4270 utitur,
1467 4210 1528 4273 quo
1555 4191 1621 4255 solo
1650 4210 1736 4255 usum
1764 4194 1846 4257 illum
1874 4194 1969 4258 luisse

603 4297 731 4370 constat,
754 4291 843 4354 modo
866 4292 979 4374 Legem
1002 4311 1090 4372 quam
1113 4290 1328 4372 adimpleturus
1356 4299 1493 4370 venerat,
1521 4290 1739 4357 observaverit.
1788 4294 1969 4358 Fermentati

603 4390 694 4468 cuim,
716 4409 734 4452 a
756 4391 852 4471 prima
874 4390 925 4454 illa
946 4409 1077 4473 vespera
1100 4390 1138 4453 ad
1166 4398 1302 4453 octavam
1333 4408 1429 4470 usque
1452 4390 1531 4453 diem
1553 4408 1635 4469 usna,
1658 4391 1714 4453 sub
1738 4392 1847 4455 excidii
1869 4411 1968 4476 poena

603 4495 671 4552 erat
692 4487 871 4571 prohibitus,
896 4509 984 4571 quam
998 4488 1098 4573 legem
1122 4489 1147 4552 si
1169 4507 1283 4552 summo
1303 4488 1372 4570 jure
1394 4488 1715 4570 Christusomisisset,
1738 4490 1856 4572 plenam
1880 4493 1968 4557 dabat

602 4584 737 4676 iudaeis,
760 4588 879 4671 ipsique
901 4588 1060 4670 proditori,
1084 4590 1134 4670 qui
1158 4588 1278 4652 Coenae
1309 4587 1444 4651 Pasobali
1474 4588 1660 4667 interfuerat,
1684 4589 1879 4654 calumniandi
1901 4611 1967 4654 ma-

602 4687 717 4751 teriam.
762 4688 819 4761 Qui
842 4689 921 4751 enim
944 4687 1094 4765 dicebant,
1117 4705 1184 4749 cum
1207 4706 1262 4769 per
1293 4705 1437 4750 summum
1459 4688 1632 4752 miraculum
1660 4687 1807 4753 hominem
1837 4690 1967 4755 Sabbato

603 4790 738 4847 curatum
761 4786 917 4865 vidissent,
946 4790 1003 4849 iate
1031 4788 1119 4849 bomo
1147 4806 1208 4848 non
1237 4795 1283 4848 eat
1309 4805 1330 4848 a
1356 4786 1439 4863 Deo,
1467 4789 1520 4869 qui
1546 4785 1713 4851 Sabbatum
1740 4808 1800 4852 non
1827 4793 1967 4869 cutodit,

603 4882 674 4966 quid
703 4884 742 4947 de
767 4884 892 4967 legitimi
921 4885 1074 4949 Paschatis
1102 4884 1265 4949 violatione
1295 4885 1402 4949 dicturi
1432 4903 1491 4949 non
1519 4884 1670 4951 luissent?
1700 4889 1812 4952 Verum
1839 4887 1877 4952 de
1907 4886 1967 4952 boc

587 4991 782 5065 ‚argumento
804 4985 855 5046 vix
878 4983 1047 5048 Orientales
1070 4983 1179 5065 aliquid
1202 4985 1399 5067 scripserunt,
1421 4986 1479 5048 nisi
1493 4985 1530 5047 'in
1554 4985 1781 5050 Commentariis
1803 4987 1840 5052 ad
1861 4987 1966 5051 Evan-

602 5078 696 5165 gelia,
720 5089 771 5145 aut
792 5103 858 5147 cum
881 5084 1027 5147 adversus
1049 5083 1199 5147 Armenes
1229 5083 1430 5165 disputarent:
1460 5086 1512 5167 qui
1532 5084 1656 5168 Mymis
1680 5093 1820 5165 uturrtur,
1849 5086 1905 5152 sed
1920 5089 1967 5151 ita

602 5184 637 5242 ut
659 5178 738 5243 illam
762 5180 1099 5265 disciplinamabatinis
1122 5200 1182 5245 non
1205 5185 1379 5265 acceperint
1400 5185 1507 5270 magis,
1530 5202 1619 5267 quam
1639 5203 1763 5267 pravam
1785 5195 1816 5250 et
1838 5187 1966 5252 omnium

605 5274 810 5344 Ecclesiamm
840 5282 992 5346 traditioni
1021 5282 1199 5346 contrariam
1229 5283 1491 5363 consuetudinem,
1528 5300 1635 5364 aquarn
1661 5284 1732 5350 vino
1760 5288 1966 5352 consecrando

604 5393 666 5440 uon
688 5378 880 5445 admiscendi.
