5150 6534
502 931 503 935 ,
590 863 664 936 546
1094 859 1455 937 LITURGIA

588 1059 621 1120 et
647 1048 853 1137 potestates,
881 1056 914 1119 te
941 1045 1112 1119 celebrant
1137 1047 1284 1120 Virtutes
1312 1054 1346 1117 et
1372 1045 1541 1116 exercitus
1568 1038 1754 1115 coelestesr
1787 1064 1901 1114 coram
1929 1053 1963 1113 te

589 1167 774 1237 consistunt
801 1163 865 1235 duo
894 1163 1046 1235 animalia
1080 1162 1274 1233 veneranda
1308 1164 1476 1251 cingentia
1513 1169 1659 1230 sanctum
1695 1156 1815 1231 solium
1847 1161 1962 1250 maje-

589 1282 683 1351 statis
710 1290 803 1368 tuae‚
831 1276 1055 1374 quasplures
1088 1275 1211 1348 habent
1245 1276 1366 1361 facies,
1400 1272 1580 1369 pluresque
1614 1273 1752 1364 oculos,
1786 1297 1827 1346 ac
1861 1295 1963 1345 senas

589 1395 660 1465 alas
688 1395 833 1486 singula:
860 1393 1034 1489 Seraphim
1063 1403 1097 1464 et
1123 1391 1314 1480 Cherubim
1340 1389 1427 1462 binis
1454 1391 1516 1463 alis
1537 1389 1729 1481 obtegeniia
1747 1389 1853 1461 facies
1869 1411 1962 1478 suas,

588 1533 632 1581 ne
659 1515 847 1582 intueantur
873 1533 940 1583 non
969 1509 1205 1605 aspectabilem
1232 1507 1421 1580 thesaurum
1448 1507 1627 1579 divinitatis
1655 1516 1748 1577 tuae:
1774 1501 1861 1578 llinis
1884 1510 1963 1578 item

588 1626 693 1721 pedes
721 1647 818 1714 suos,
846 1649 889 1697 ne
916 1625 1094 1696 adurantur
1122 1623 1162 1695 ab
1192 1634 1287 1696 aestu
1313 1626 1525 1694 reverentiae
1551 1632 1646 1694 tuac:
1674 1645 1694 1692 a
1718 1626 1812 1715 quus
1839 1624 1964 1692 minimi

588 1742 717 1814 ardoris
746 1745 957 1836 exiguaeque
985 1740 1180 1812 scintillulae
1207 1740 1417 1811 vehementia
1445 1738 1688 1812 confunduntur
1715 1760 1831 1809 omues
1859 1759 1963 1808 crea-

588 1865 706 1946 turae,
733 1866 800 1928 tum
828 1879 914 1951 quae
941 1857 1014 1929 sola
1042 1866 1152 1927 mente
1180 1856 1420 1947 intelliguntur,
1448 1866 1515 1926 tum
1543 1878 1629 1949 quae
1646 1877 1748 1927 sensu
1767 1855 1963 1947 percipiun-

588 1980 656 2044 tur:
685 1972 814 2043 demum
842 1972 928 2044 binis
955 1970 1102 2043 volantia
1138 1972 1323 2043 acclamant
1357 1974 1521 2058 invicem,
1555 1993 1721 2064 nunquam
1753 1965 1963 2041 cessantibus

590 2086 723 2179 oribus,
751 2098 785 2159 et
813 2087 946 2159 divinae
972 2086 1228 2182 praedicationis
1254 2086 1397 2159 vocibus
1423 2090 1614 2182 perpetuis,
1642 2086 1772 2156 laudem
1798 2078 1966 2156 victoriae

588 2203 826 2299 redemptionis
853 2212 988 2275 nostrae
1016 2206 1222 2275 concinentia
1250 2202 1536 2295 vociferantiaque
1563 2224 1603 2272 ac
1631 2201 1782 2272 dicentia.

693 2317 853 2410 Populus.
908 2320 1060 2390 Sanctus.
1088 2319 1241 2389 Sanctus.
1268 2305 1424 2405 Sanctus,
1452 2328 1515 2388 ctc.

691 2432 866 2504 Sacerdos
897 2434 1088 2505 inclinatus.
1142 2434 1285 2507 Sanctus
1321 2437 1410 2504 eninr
1442 2455 1527 2504 vere
1560 2455 1616 2522 es,
1647 2452 1762 2525 neque
1803 2438 1855 2501 est
1897 2426 1963 2499 ulla

588 2571 743 2621 mensura
771 2548 1037 2640 magnificentiae
1065 2552 1247 2620 sanctitatis
1281 2560 1378 2637 tuae,
1406 2558 1440 2619 et
1471 2548 1636 2638 benignus
1671 2568 1709 2618 es
1745 2547 1776 2616 in
1812 2543 1964 2615 omnibus

589 2662 762 2758 operibus
781 2667 862 2752 tuis3
889 2687 966 2735 nam
1000 2689 1074 2736 cum
1104 2667 1230 2756 justitia
1268 2673 1302 2734 et
1334 2675 1428 2735 certo
1462 2685 1613 2758 veroque
1644 2660 1770 2751 judicio
1806 2657 1964 2731 induxisti

589 2781 699 2852 omnia
727 2801 828 2873 super
853 2801 927 2851 nos.
982 2779 1191 2853 Condideras
1228 2783 1315 2850 onim
1350 2778 1517 2852 homiuem
1550 2788 1657 2850 sumto
1690 2776 1732 2847 de
1766 2785 1855 2847 terra
1882 2774 1965 2871 pul-

587 2917 685 2984 vere,
711 2893 973 2989 honoratumque
1001 2918 1075 2966 eum
1103 2906 1158 2967 tua
1184 2899 1331 2988 imagine
1356 2899 1568 2991 posuerasin
1584 2894 1742 2990 paradiso
1760 2890 1965 2978 deliciarum,

587 3011 678 3081 vitae
708 3008 873 3105 promissa
907 3011 1167 3100 immortalitate,
1195 3014 1223 3083 si
1256 3012 1387 3105 quidem
1423 3023 1510 3082 tuum
1539 3009 1739 3085 observaret
1765 3006 1964 3079 mandatum.

588 3125 713 3196 Verum
742 3125 875 3219 quando
904 3125 961 3196 tibi
987 3126 1063 3198 Deo
1101 3127 1265 3200 conditori
1299 3150 1359 3200 suo
1395 3149 1461 3200 uon
1494 3127 1759 3222 obtemperavit,
1793 3123 1965 3215 subjectus

590 3253 641 3312 est
668 3240 822 3311 fallaciae
850 3246 1029 3337 serpentis,
1058 3251 1272 3338 mortuusque
1300 3266 1360 3338 per
1388 3265 1448 3314 sua
1475 3246 1580 3341 ipsius
1608 3243 1738 3315 delicta.
1792 3240 1844 3312 Tu
1878 3261 1964 3310 vero

588 3354 786 3427 inexilium
814 3357 944 3451 quidem
972 3361 1090 3429 misisti
1118 3362 1326 3452 aequissimis
1360 3359 1493 3449 judiciis
1529 3363 1614 3445 tuis,
1649 3369 1745 3431 extra
1772 3355 1965 3451 paradisum

589 3469 791 3561 deliciarum,
819 3475 851 3543 in
877 3473 962 3544 hunc
988 3473 1162 3546 mundum:
1191 3486 1290 3570 atque
1317 3471 1359 3544 ad
1387 3498 1460 3546 eam
1489 3477 1593 3570 ipsam
1613 3484 1736 3545 terram
1751 3474 1860 3545 denuo
1877 3471 1964 3542 rad-

587 3587 636 3653 ire
671 3590 814 3678 coegisti
850 3611 946 3678 euni,
982 3612 1028 3660 cx
1060 3613 1124 3684 qua
1160 3590 1328 3662 desumtus
1365 3589 1488 3661 luerat:
1529 3590 1590 3662 sed
1624 3593 1669 3661 ita
1707 3600 1741 3662 ut
1776 3590 1963 3661 destinares

587 3701 651 3793 ipsi
680 3701 831 3791 salutem,
859 3726 919 3798 per
947 3727 1020 3775 eam
1048 3709 1351 3796 regenerationem,
1379 3728 1465 3799 quae
1491 3715 1543 3777 est
1569 3709 1601 3775 in
1629 3709 1704 3801 ipso
1732 3705 1865 3779 Christo
1888 3714 1964 3793 tuo;

587 3836 696 3907 neque
724 3819 810 3886 enim
838 3817 1021 3892 dissolvisti
1048 3842 1188 3915 prorsus
1201 3821 1392 3911 figmentum
1421 3831 1508 3892 tuum
1536 3821 1625 3915 quod
1644 3821 1792 3911 laceras,
1821 3820 1963 3906 obone,

588 3951 652 3998 nec
689 3934 869 4003 sustinuisti
901 3945 937 4005 ut
980 3935 1020 4005 ad
1062 3948 1323 4008 consummatam
1362 3940 1622 4009 internecionem
1657 3937 1832 4028 redigeres
1876 3958 1963 4032 opus

587 4055 689 4133 tuum,
717 4046 778 4117 sed
805 4050 944 4120 visitasti
972 4073 1047 4121 eum
1073 4074 1135 4146 per
1161 4050 1307 4143 benigna
1335 4052 1636 4125 misericordiarum
1651 4062 1780 4124 tuarum
1807 4054 1962 4138 viscera3

588 4158 777 4255 placuitque
808 4163 865 4235 tibi
899 4174 935 4235 ut
969 4188 1030 4261 per
1064 4167 1172 4239 denuo
1206 4168 1364 4240 nascendi
1397 4172 1579 4257 rationem,
1613 4168 1794 4240 reduceres
1829 4189 1892 4239 nos
1920 4166 1963 4238 ad

589 4298 662 4345 eam
694 4279 795 4348 vitam
831 4303 929 4373 quam
957 4283 1189 4353 amiseramus:
1230 4286 1400 4377 variisque
1434 4282 1630 4356 oberrantes
1658 4286 1739 4370 viis,
1768 4285 1963 4377 quaesivisti

587 4412 663 4481 nos,
691 4402 724 4462 ct
750 4396 854 4464 variis
881 4394 989 4466 modis
1016 4419 1079 4468 nos
1106 4403 1286 4469 revocasti.
1339 4398 1528 4471 Exhibuisti
1556 4403 1648 4472 viros
1671 4403 1782 4491 justos
1816 4397 1962 4471 saeculis

587 4509 749 4599 pristinis,
778 4511 832 4601 qui
859 4509 957 4581 uobis
993 4511 1035 4582 ad
1068 4512 1324 4604 cognoscendas
1358 4518 1517 4587 veritates
1551 4525 1623 4587 tuas
1658 4517 1749 4586 viam
1782 4535 1962 4585 commou-

588 4631 753 4710 straruut3
781 4626 898 4719 misisti
925 4632 1146 4719 praenuncios
1173 4628 1304 4701 suturae
1332 4629 1446 4702 salutis
1464 4639 1616 4703 nostrae:
1644 4639 1802 4724 operatus
1827 4650 1865 4701 es
1892 4632 1963 4700 mi-

587 4737 713 4821 racula,
742 4749 840 4832 atque
867 4745 1048 4833 potentiam
1076 4748 1258 4816 exercuisti
1284 4767 1347 4839 per
1374 4757 1508 4817 sanctos
1536 4754 1632 4835 tuos;
1660 4749 1811 4817 nimirum
1837 4742 1962 4816 testifi-

588 4873 669 4922 cans
698 4851 848 4947 deipsis
876 4855 965 4948 quod
992 4869 1106 4931 esseut
1134 4860 1383 4955 dispensatores
1412 4860 1558 4933 thesauri
1584 4864 1640 4933 tui.
1671 4859 1800 4952 Legem
1827 4859 1961 4933 insub-

588 4964 706 5036 sidium
734 4967 873 5056 dedisti,
899 4972 1051 5063 Angelos
1085 4974 1242 5047 custodes
1275 4980 1483 5049 constituisti.
1537 4979 1688 5070 Denique
1723 4976 1780 5049 ubi
1811 4979 1962 5048 venisset

587 5079 757 5176 plenitudo
793 5093 997 5180 temporum,
1032 5088 1160 5160 locutus
1195 5113 1232 5161 es
1260 5092 1377 5182 nobis,
1410 5116 1471 5187 per
1497 5097 1605 5188 ipsum
1632 5093 1730 5164 sdium
1758 5102 1866 5182 tuum,
1899 5113 1964 5186 per

588 5218 685 5289 quem
713 5197 845 5270 feceras
873 5206 971 5273 etiam
997 5204 1166 5275 mundum:
1195 5211 1351 5300 quicum
1389 5213 1432 5279 sii
1464 5208 1623 5304 splendor
1649 5203 1796 5300 gloriae,
1829 5218 1864 5278 ct
1890 5230 1962 5279 ex-

587 5333 708 5404 pressa
733 5316 846 5406 imago
875 5321 919 5388 tui
946 5321 1066 5412 ipsius,
1094 5320 1301 5418 adducetque
1334 5327 1493 5395 universa
1519 5324 1627 5397 verbo
1660 5327 1830 5420 potentiae
1865 5347 1961 5414 suae,
