5150 6534
626 793 675 869 76
998 794 1615 876 osssnnvnutonus

624 988 730 1042 statam
752 979 872 1044 iaciunt.
917 982 1101 1064 Praeparant
1124 1000 1233 1063 nempe
1254 1000 1377 1045 suorum
1399 970 1515 1045 mentes
1537 983 1576 1046 ad
1597 1002 1740 1047 summam
1761 985 1907 1067 mysterii,
1932 1001 1994 1049 cu-

620 1082 671 1163 jus
691 1097 779 1141 sacra
807 1078 893 1143 Actio
912 1081 1032 1163 jamiam
1054 1081 1220 1144 inchoanda
1243 1089 1301 1159 est,
1324 1084 1535 1160 reverentiam,
1557 1083 1766 1147 denunciando
1788 1102 1845 1165 per
1864 1082 1993 1146 Diacoui

625 1197 746 1257 vocem,
769 1176 899 1240 futurum
922 1200 992 1243 mox
1013 1182 1044 1242 in
1067 1180 1153 1243 altari
1175 1198 1287 1261 corpus
1311 1188 1341 1243 et
1362 1183 1537 1263 sanguinem
1560 1181 1682 1246 Christi.
1725 1183 1819 1246 Porro
1841 1189 1910 1245 oum
1933 1181 1992 1245 ad-

624 1279 748 1342 hibeant
769 1280 893 1359 propria
917 1279 1122 1361 chrysostomi
1145 1280 1331 1361 aliorumque
1343 1280 1501 1343 Ecclesiae
1524 1281 1675 1361 luminum,
1698 1281 1845 1345 inculcata
1867 1283 1992 1362 saepius

622 1379 659 1441 ad
682 1376 825 1458 populum
848 1378 950 1455 verba,
972 1379 1040 1440 dum
1064 1379 1114 1440 illa
1135 1379 1165 1440 in
1188 1380 1371 1441 contrariam
1393 1379 1481 1459 plane
1501 1381 1690 1458 sententiam,
1712 1380 1870 1443 Aibertino
1892 1382 1994 1442 inter·

621 1485 710 1558 prete
732 1477 935 1540 Protestantes
958 1486 1107 1555 avertunt,
1129 1478 1274 1559 plaudunt
1296 1477 1408 1540 frustra
1431 1478 1488 1558 ipsi
1510 1479 1578 1539 sibi.
1613 1479 1687 1541 Nam
1702 1481 1728 1542 si
1745 1486 1882 1542 veterum
1895 1478 1992 1542 verba

622 1577 695 1640 satis
719 1594 814 1638 exse
836 1577 1013 1657 perspicua,
1046 1578 1266 1640 commentariis
1289 1578 1351 1639 suis
1375 1576 1504 1639 obscura
1526 1575 1652 1651 faciunt;
1681 1586 1711 1640 at
1740 1596 1777 1641 ea
1804 1594 1882 1659 quae
1911 1577 1993 1639 iuter

623 1675 725 1737 Olilcia
748 1691 835 1738 sacro
859 1676 1096 1755 pronunciantur
1119 1676 1155 1737 ad
1178 1676 1309 1756 plebem,
1332 1677 1438 1738 ritibus
1460 1677 1501 1738 ita
1524 1676 1771 1756 determinantur,
1793 1685 1827 1739 ut
1849 1678 1880 1739 in
1902 1676 1992 1738 aliam

623 1776 754 1852 omnino,
778 1774 927 1837 diversam
950 1775 986 1836 ab
1010 1793 1047 1837 ea
1070 1793 1157 1855 quam
1180 1777 1245 1856 ipsa
1266 1775 1360 1838 verba
1384 1776 1514 1837 oilerunt
1536 1776 1794 1859 significationem,
1817 1774 1995 1856 detorqueri

622 1881 783 1954 nequeant.
815 1874 902 1946 Quod
920 1875 999 1935 enim
1021 1874 1104 1936 initio
1127 1892 1234 1937 sacrae
1246 1873 1381 1937 Actionis
1405 1876 1585 1937 annunciant
1596 1874 1732 1951 Diaconi,
1754 1873 1839 1956 quasi
1860 1873 1993 1936 lutrarum

622 1973 712 2053 paulo
743 1981 827 2054 post;
857 1973 935 2035 idem
963 1991 1021 2053 qua
1050 1973 1125 2035 horo
1155 1974 1325 2055 perficitur,
1355 1975 1384 2034 in
1414 1974 1587 2036 memoriam
1609 1981 1772 2050 revocant,
1800 1971 1992 2053 persimiles

622 2072 883 2153 proclamationes,
906 2079 1042 2152 tempore
1065 2073 1300 2135 consecrationis
1323 2073 1509 2135 inchoandae
1531 2082 1561 2135 et
1583 2080 1806 2136 consummatae
1827 2089 1884 2153 per
1895 2071 1993 2133 verba

623 2171 735 2235 Christi
758 2179 788 2233 et
811 2171 1034 2234 invocationem
1057 2173 1184 2253 Spiritus
1207 2175 1318 2235 sancti:
1348 2171 1457 2233 lactum
1487 2190 1558 2234 esse
1585 2180 1733 2234 testantur
1762 2170 1899 2234 similiter
1921 2177 1992 2233 ante

624 2272 871 2347 communionem,
894 2270 1085 2351 populusque
1107 2272 1255 2352 approbat
1278 2271 1406 2333 dicendo
1428 2271 1532 2335 Amen.
1563 2271 1627 2333 Nec
1640 2272 1721 2334 ineo
1734 2268 1993 2333 consistitOrieu·

622 2370 724 2434 talium
753 2370 878 2451 religio,
909 2388 975 2431 cum
1003 2378 1165 2450 praeterea
1192 2369 1261 2433 fidei
1284 2369 1444 2432 Confessio
1466 2379 1535 2432 aute
1557 2370 1740 2433 Sacramenti
1763 2368 1993 2451 perceptionem

624 2469 743 2550 publice
767 2471 828 2548 iat,
850 2476 882 2530 ut
905 2470 935 2530 in
957 2468 1178 2532 Commentario
1202 2471 1239 2532 ad
1262 2470 1388 2550 primam
1409 2469 1574 2550 liturgiam
1597 2470 1768 2550 expositum
1790 2476 1847 2532 est.

710 2567 836 2631 Brevior
857 2568 949 2631 multo
973 2576 1019 2631 est
1041 2569 1072 2629 in
1083 2567 1217 2651 liturgia
1240 2568 1356 2638 Graeca
1380 2568 1456 2630 haec
1471 2568 1596 2630 Diaconi
1608 2567 1722 2646 Oratio,
1745 2568 1771 2629 si
1793 2574 1893 2629 tamen
1909 2570 1995 2627 extat

623 2668 923 2752 integramvulgatis
938 2666 1115 2730 Codicibus:
1139 2669 1333 2749 manuscripti
1355 2669 1432 2729 enim
1454 2668 1599 2729 rarissimi
1620 2674 1700 2745 sunt,
1723 2663 1993 2746 quiaasexoeutia

625 2769 710 2829 annis
740 2767 788 2828 illa
819 2767 959 2847 usurpari
993 2768 1071 2847 apud
1101 2767 1295 2830 Orthodoxos
1330 2766 1617 2847 Hierosolymitanos
1646 2765 1744 2827 desiit.
1788 2765 1869 2828 Fieri
1892 2769 1994 2825 autem

624 2868 733 2947 potuit,
756 2874 788 2928 ut
810 2867 922 2927 initium
946 2867 1147 2929 tantummodo
1171 2868 1388 2948 assignaretur,
1412 2865 1440 2927 id
1456 2866 1566 2946 quippe
1580 2864 1678 2926 multis
1694 2864 1760 2926 aliis
1782 2865 1812 2925 in
1835 2864 1912 2926 locis
1935 2878 1994 2924 usu

624 2966 718 3029 venit.
741 2964 864 3027 addere
877 2982 996 3045 quoque
1013 2966 1154 3028 nonnulla
1162 2966 1230 3047 Syri
1242 2974 1383 3047 potuere:
1407 2964 1486 3044 quod
1509 2981 1602 3044 saepe
1624 2963 1734 3025 lactum
1752 2969 1814 3026 est:
1837 2959 1994 3024 sedaddi-

623 3071 753 3127 tamenta
772 3063 822 3127 illa
834 3064 961 3145 plurium
976 3063 1167 3127 saeculorum
1183 3072 1310 3128 aetatem
1324 3064 1439 3125 lerunt:
1462 3082 1519 3125 nec
1534 3062 1704 3143 quidquam,
1719 3061 1800 3143 qnod
1815 3060 1885 3123 aiibi
1898 3076 1993 3141 saepe

622 3166 783 3244 repetitum
814 3182 873 3226 non
903 3172 1059 3240 occurrat,
1089 3168 1260 3243 continent,
1290 3164 1428 3243 omnique
1452 3163 1529 3226 adeo
1551 3163 1692 3225 novitatis
1714 3161 1890 3242 suspicione
1912 3157 1993 3220 libe-

622 3271 736 3325 rantur.

710 3362 797 3435 Quod
821 3362 931 3443 legitur
953 3364 981 3422 in
1004 3361 1064 3422 line
1086 3380 1164 3423 coeo
1185 3380 1280 3423 saera
1302 3359 1476 3441 offerrentur,
1500 3369 1555 3421 etc.
1577 3379 1634 3424 uos
1656 3359 1805 3422 nonsatis
1821 3356 1993 3439 intelligere

623 3463 755 3544 ingenue
778 3462 915 3537 latemur,
938 3461 992 3522 sed
1015 3478 1077 3523 non
1100 3461 1225 3541 alicujus
1248 3479 1317 3523 esse
1340 3460 1481 3521 momenti
1503 3461 1701 3522 certissimum
1724 3468 1780 3521 est.

711 3560 821 3622 Omnes
845 3577 937 3639 porro
961 3560 1114 3622 orationes
1138 3560 1207 3622 illae
1229 3561 1384 3640 praeviae,
1407 3560 1581 3639 desumptae
1603 3566 1672 3622 sunt
1694 3577 1735 3621 ex
1754 3557 1862 3621 Jacobi
1874 3554 1992 3618 Graeca

623 3659 778 3741 liturgia,
808 3660 941 3738 quamvis
970 3660 1000 3720 in
1029 3678 1065 3721 ea
1095 3677 1155 3722 non
1185 3660 1291 3722 eodem
1317 3675 1444 3740 prorsus
1473 3658 1579 3720 ordine
1602 3657 1782 3739 dispositae:
1811 3664 1842 3719 ct
1867 3653 1991 3719 totidem

625 3775 722 3839 prope
750 3758 854 3820 verbis
883 3758 1025 3841 leguntur
1051 3759 1082 3819 in
1111 3757 1252 3839 Coptica,
1283 3758 1407 3821 Graecis
1430 3756 1659 3833 Alexandrinis,
1682 3765 1713 3820 et
1735 3756 1872 3820 omuibus
1894 3770 1991 3837 prope

625 3858 706 3935 aliis,
738 3858 806 3937 quia
839 3857 954 3920 scilicet
983 3858 1106 3938 spiritns
1134 3857 1290 3921 Ecclesiae
1320 3857 1452 3937 loquitur
1486 3857 1515 3917 in
1548 3856 1623 3935 illis,
1656 3865 1687 3919 et
1720 3856 1830 3940 lingniis
1847 3853 1990 3924 ‘omnim

624 3958 767 4040 gentium.

1087 4217 1181 4288 Date
1203 4240 1336 4310 pacem,
1364 4223 1426 4287 etc.

718 4425 863 4504 Oscoouu
885 4439 969 4518 pacis
992 4436 1071 4518 apud
1094 4438 1205 4518 Syros,
1235 4436 1307 4497 Pac
1328 4444 1456 4499 vocatur
1477 4435 1668 4516 simpliciter,
1699 4435 1750 4515 qui
1772 4450 1846 4495 usus
1868 4447 1992 4514 quoque

625 4541 759 4624 vulgaris
783 4540 863 4622 apud
884 4559 951 4618 nos,
974 4548 1006 4602 ut
1028 4541 1117 4602 etiam
1141 4559 1209 4602 cum
1230 4539 1361 4602 Arabice
1384 4540 1528 4603 scribunt.
1553 4538 1740 4601 observator
1762 4535 1866 4599 eadem
1888 4534 1995 4600 omli

625 4642 720 4704 sancti
744 4639 899 4719 disciplina
922 4639 1000 4720 apud
1023 4638 1177 4701 Ecclesiae
1201 4657 1305 4702 omnes
1324 4638 1504 4716 Orientales,
1527 4639 1742 4718 cujuscumque
1763 4635 1897 4718 linguae,
1919 4633 1995 4698 alta—

626 4759 685 4822 que
707 4739 769 4802 ullo
786 4738 964 4800 discrimine.
999 4737 1137 4801 Canones
1158 4738 1208 4818 qui
1223 4737 1261 4799 de
1274 4737 1324 4798 illa
1336 4747 1438 4800 extant
1451 4756 1491 4799 ex
1503 4737 1657 4799 veteribus
1673 4733 1828 4813 Conciiiis,
1851 4733 1996 4817 leguntur

625 4840 760 4902 similiter
781 4838 812 4900 in
836 4837 971 4900 omnihus
994 4835 1244 4915 Collectionibus,
1276 4846 1306 4899 et
1332 4838 1362 4899 in
1385 4837 1508 4919 Syriaca
1532 4855 1605 4917 prae
1627 4834 1754 4915 reliquis¹
1773 4833 1995 4913 antiquissima:

626 4939 866 5020 observaturque
888 4937 1077 5018 praesertim,
1099 4944 1131 4998 ut
1154 4937 1209 4998 viri
1231 4937 1315 4999 viros
1331 4938 1522 5011 osculentur;
1545 4936 1697 5013 mulieres,
1720 4934 1768 4995 sui
1789 4950 1882 4996 semaa
1904 4932 1993 4997 alias.

626 5033 774 5101 Sacerdos
797 5056 884 5100 sacra
907 5036 1082 5113 celebrans,
1106 5054 1172 5097 cum
1195 5054 1255 5115 pax
1277 5035 1374 5097 danda
1397 5046 1454 5116 est,
1478 5035 1629 5099 osculatur
1650 5034 1748 5114 primo
1770 5032 1882 5111 altare,
1905 5039 1937 5095 et
1959 5040 1995 5098 ut

626 5135 820 5199 Orientalium
836 5135 1023 5200 consuetudo
1040 5141 1096 5213 est,
1120 5136 1214 5197 tribus
1238 5136 1267 5194 in
1291 5135 1377 5214 locis,
1401 5136 1444 5197 od
1465 5135 1657 5214 captandam,
1680 5141 1714 5195 ut
1736 5134 1827 5211 aiunt,
1849 5150 1871 5193 o
1885 5150 1997 5196 manao

625 5238 708 5296 vitae
730 5236 972 5301 benedictionem.
1003 5236 1077 5297 'lum
1099 5234 1151 5296 dat
1173 5233 1307 5296 osculum
1331 5235 1486 5299 Sacerdoti
1508 5234 1695 5312 ministranti,
1718 5233 1745 5295 si
1768 5232 1834 5313 quis
1856 5240 1916 5311 est,
1941 5239 1997 5296 aut
