5150 6534
597 851 673 946 398
795 867 1030 948 destitutio
1056 869 1109 959 ln
1134 867 1343 946 malduit
1368 867 1483 947 MOSIS
1507 866 1767 948 ula-cuum

595 1063 723 1118 stomum
745 1052 862 1116 vixisse
885 1052 1078 1129 existimavit,
1105 1067 1173 1113 cum
1200 1048 1348 1114 Severum
1370 1052 1453 1131 citet,
1475 1050 1698 1115 Antiochenam
1718 1052 1839 1116 scilicet
1861 1052 1972 1117 Mono-

596 1152 785 1235 physitarum
807 1152 1012 1233 praecipuum.
1057 1148 1118 1213 Sed
1139 1149 1265 1231 gravius
1291 1150 1390 1213 adhuc
1411 1149 1527 1212 erravit
1546 1149 1740 1232 Margarinns
1767 1149 1891 1228 Binius,
1919 1153 1970 1233 qui

596 1250 635 1313 ad
658 1237 795 1331 tempora
816 1248 888 1312 iulii
909 1248 944 1311 11.
968 1258 999 1312 et
1020 1248 1105 1312 Pauli
1126 1247 1177 1313 lll.
1199 1246 1281 1310 illum
1311 1249 1449 1329 reduxit,
1475 1249 1596 1331 immani
1623 1250 1873 1329 anachronismo,
1902 1268 1969 1313 cunr

594 1349 697 1412 Moses
724 1348 777 1411 illc
805 1347 883 1411 alter
909 1347 1130 1410 lleredinensis
1159 1345 1265 1424 fuerit,
1305 1346 1470 1411 ilerdam
1489 1366 1516 1411 a
1545 1347 1644 1412 blasio
1673 1349 1740 1431 ejus
1768 1349 1801 1411 iu
1829 1349 1965 1430 Syriacis

595 1446 743 1527 discipulo
767 1463 928 1526 perperam
950 1443 1128 1527 appellatus.
1171 1443 1236 1507 Nec
1269 1444 1394 1509 meliora
1415 1445 1610 1511 Possevinus.
1660 1444 1741 1509 Sane'
1767 1464 1839 1518 cum
1859 1446 1970 1511 llono-

594 1545 746 1627 physitam
765 1542 865 1608 fuisse
887 1550 1016 1622 constat,
1039 1542 1146 1624 quales
1176 1549 1273 1622 erant,
1297 1561 1375 1624 quos
1396 1542 1521 1607 honoris
1550 1552 1581 1607 et
1610 1544 1773 1607 tmtimonii
1794 1563 1890 1609 causa
1912 1563 1969 1627 ap-

594 1642 699 1724 pellat,
722 1643 866 1720 Severus,
887 1641 1020 1705 lacobus
1042 1641 1235 1720 Edesscnus,
1264 1650 1297 1706 et
1318 1643 1395 1708 alter
1423 1643 1618 1727 Serugensis.
1669 1641 1755 1730 lllum
1778 1642 1969 1745 Episcopum

595 1739 689 1804 fuisse
712 1739 878 1804 verisimile
907 1747 971 1818 est,
999 1759 1039 1804 ex
1067 1740 1126 1803 hac
1155 1758 1233 1821 quae
1259 1740 1319 1821 ipsi
1346 1741 1488 1805 tribuitur
1513 1741 1665 1824 Litargia.
1679 1731 1802 1823 necue
1815 1736 1903 1811 enim
1931 1741 1968 1804 ab

595 1840 661 1902 aliis
685 1855 774 1921 quam
796 1838 834 1900 ab
856 1838 1024 1919 llpiscopis
1041 1846 1092 1901 aut
1118 1838 1299 1902 Patriarchis
1328 1841 1527 1922 compositas,
1561 1848 1612 1903 aut
1639 1840 1747 1903 saltem
1766 1839 1827 1902 illis
1850 1839 1969 1903 adscri-

594 1946 663 2018 ptas
686 1937 838 2020 Liturgias
860 1936 929 2017 Syri
952 1946 1132 2020 agnoscunt,
1154 1945 1188 2000 ut
1210 1938 1396 2001 exlllencho
1417 1938 1535 2001 illarum
1556 1956 1633 2018 quas
1654 1938 1845 2020 interpretati
1865 1956 1969 2002 sumus

594 2036 785 2099 manifestum
808 2043 866 2098 est.
910 2035 987 2099 Eum
1009 2035 1126 2099 decimo
1149 2035 1273 2099 saeculo
1303 2037 1419 2101 vixisse
1447 2035 1553 2101 scribit
1573 2037 1756 2115 llaironns,
1748 2047 1751 2052 ·’
1766 2035 1829 2104 scd
1857 2036 1969 2100 nullum

593 2134 681 2216 hujus
704 2134 897 2215 conjecturae
919 2151 993 2197 suae
1015 2136 1223 2215 probationem
1245 2134 1346 2200 offert

681 2231 714 2293 ln
737 2232 794 2294 ista
816 2249 911 2312 porro
933 2231 1070 2316 Liturgia
1090 2233 1165 2296 nibil
1186 2233 1335 2316 singulari
1357 2232 1571 2296 observatione
1591 2230 1724 2314 ind'mct,
1752 2248 1837 2295 cum
1842 2213 1969 2313 taliquia

594 2329 752 2393 Jacohitici
773 2330 850 2393 ritus
873 2330 913 2393 sit
935 2331 1056 2393 omnino
1076 2331 1194 2411 similis,
1215 2333 1345 2395 maxime
1377 2348 1454 2394 vero
1476 2329 1630 2393 duabus
1621 2329 1811 2420 inpartibus
1842 2348 1923 2412 quae
1950 2349 1969 2394 a

593 2428 693 2492 rnulds
717 2429 824 2491 vexari
846 2428 954 2492 solent.
977 2429 1078 2492 Verba
1102 2429 1214 2497 Christi
1235 2430 1410 2493 reseruntur
1431 2435 1524 2510 prout
1544 2428 1670 2512 vulgo'
1660 2446 1692 2491 ιι
1714 2417 1840 2492 Graecis
1861 2428 1969 2496 Litar-

593 2529 655 2611 giis
678 2537 709 2591 et
731 2527 855 2607 reliquis
877 2526 1061 2614 referuntur
1104 2528 1138 2591 ln
1165 2547 1226 2594 uno
1255 2528 1362 2592 codice
1390 2527 1500 2590 desunt
1527 2526 1565 2589 ad
1592 2526 1836 2599 benedictionem
1863 2525 1968 2588 calicis

593 2626 690 2690 verba
712 2626 801 2702 haec,
833 2624 970 2706 Accipite
992 2635 1022 2687 et
1043 2626 1135 2688 bibite
1156 2647 1198 2689 ec
1219 2646 1256 2689 eo
1277 2645 1335 2690 coc
1367 2644 1490 2689 mames.-
1519 2624 1574 2688 sed
1603 2609 1762 2688 manifesto
1791 2641 1901 2687 errore
1928 2622 1969 2686 li-

593 2725 705 2803 brarii,
739 2742 808 2788 cum
839 2726 869 2787 in
900 2722 1154 2805 praecedentibus
1190 2725 1321 2809 legatur,
1347 2724 1484 2805 Accipite
1515 2731 1547 2786 et
1569 2724 1761 2787 maeste.
1810 2721 1968 2786 invocatio

596 2823 725 2904 Spiritus
755 2823 852 2885 sancti
878 2822 977 2885 multis
1007 2840 1130 2904 quoque
1158 2824 1225 2886 aliis
1252 2824 1356 2887 similis
1384 2831 1447 2899 est,
1484 2822 1636 2903 habetque
1664 2821 1792 2884 verbum
1821 2819 1971 2901 perficiat

593 2906 763 3003 τελειώσῃ,
786 2921 865 3000 quod
889 2936 1044 2984 exsensu
1067 2920 1204 2984 Graecae
1225 2924 1312 2985 vocis
1340 2927 1574 2984 consummatam
1603 2927 1635 2983 et
1655 2917 1825 3001 perfectam
1853 2934 1971 2981 conse-

599 3019 765 3082 crationem
788 3018 948 3100 significat,
970 3027 1003 3082 nt
1025 3019 1096 3082 alibi
1117 3021 1290 3101 expositum
1320 3029 1377 3084 est.
1419 3020 1453 3083 ln
1481 3018 1625 3084 Oratione
1647 3036 1725 3099 quae
1747 3018 1903 3098 sequitur,
1933 3016 1974 3079 ur

592 3118 654 3179 illis
676 3118 938 3179 sacramentaliter
959 3119 1213 3180 communicantes
1235 3139 1303 3182 enm
1322 3118 1388 3197 fide
1409 3138 1491 3194 vere,
1513 3126 1569 3181 etc.
1592 3133 1670 3196 quae
1692 3114 1787 3179 verba
1809 3113 1972 3178 literaliter

593 3215 673 3277 idem
696 3215 876 3298 significant,
900 3231 938 3277 ac
960 3216 1018 3278 alia
1041 3234 1119 3296 quae
1148 3219 1178 3278 in
1208 3216 1355 3279 similibus
1378 3215 1565 3279 orationibus
1592 3220 1771 3289 occurrunt,
1799 3211 1861 3289 Occi
1889 3212 1972 3275 aliiae

593 3316 781 3375 sacramenti
797 3316 967 3394 participes
987 3333 1044 3393 per
1063 3317 1129 3395 ejus
1149 3318 1368 3396 suceptionem
1389 3317 1512 3380 emtum.
1561 3313 1637 3376 Nam
1665 3313 1717 3393 qui
1742 3331 1783 3375 ex
1809 3310 1871 3374 illis
1901 3310 1973 3373 elici

594 3429 688 3491 posse
710 3412 911 3490 existimabit,
941 3412 1069 3494 mystice
1090 3420 1204 3475 tantum
1226 3421 1257 3475 et
1278 3412 1484 3494 metaphorice
1513 3412 1626 3505 suscipi
1654 3427 1769 3490 corpus
1794 3407 1913 3472 Christi
1941 3417 1973 3472 ct

593 3527 652 3589 per
674 3509 778 3572 iidem:
801 3509 872 3571 nihil
895 3510 1017 3573 hebebit
1038 3529 1078 3573 ex
1100 3519 1201 3592 etymo
1223 3511 1350 3592 Syriaco
1377 3511 1531 3593 praesidii,
1553 3527 1616 3572 vox
1635 3520 1718 3577 amu
1739 3509 1920 3590 myatcrhcn
1942 3514 1973 3569 ct

593 3615 815 3669 sacramentnm
837 3609 1003 3690 significat:
1037 3609 1096 3671 hoc
1123 3610 1193 3672 loco
1215 3610 1405 3690 participium
1432 3611 1571 3691 mystice,
1599 3609 1666 3671 sive
1694 3606 1972 3684 sacramentalia,

594 3723 634 3765 ex
656 3704 805 3767 idiotismo
828 3706 907 3767 idem
930 3713 977 3768 est
1000 3707 1159 3788 suscipere
1181 3715 1401 3770 sacramentum
1424 3725 1480 3770 scu
1502 3706 1692 3789 mysterium,
1719 3711 1754 3767 ιι
1773 3719 1844 3767 cum
1865 3701 1975 3766 dicunt

595 3802 736 3881 Spiritum
760 3804 926 3864 sanctum
918 3822 948 3864 m
970 3804 1088 3885 piorum
1110 3805 1301 3886 fidelitunque
1329 3797 1484 3868 animabus
1506 3807 1666 3885 quiescere
1697 3811 1729 3867 et
1754 3801 1838 3864 illabi
1855 3801 1975 3881 persc-

593 3902 700 3973 cloria,
723 3907 753 3961 et
773 3902 973 3980 domimnter,
1004 3903 1084 3966 idem
1114 3911 1160 3966 est
1183 3905 1267 3966 acsi
1290 3904 1436 3982 dicerent,
1458 3902 1673 3965 atDomiaam
1702 3908 1732 3963 et
1754 3898 1976 3980 perfectoram

594 3998 626 4061 Si
649 3996 720 4077 qnid
743 3998 935 4062 obscuritatis
958 4008 1051 4077 esset,
1076 4001 1278 4064 discuteretur
1300 4001 1405 4080 facile,
1431 4019 1488 4083 per
1509 4001 1643 4081 ejusdem
1665 3999 1790 4080 generis
1812 3998 1976 4059 orationes

594 4095 713 4173 multas,
737 4113 815 4176 quae
838 4116 953 4176 veram,
976 4107 1007 4160 et
1029 4116 1090 4161 non
1113 4100 1299 4179 spiritualem
1328 4102 1468 4181 corporis
1496 4099 1713 4181 sanguinisque
1742 4094 1977 4174 susceptionem

517 4190 521 4194 ’
592 4198 756 4274 perspicue
778 4195 957 4275 significant.

681 4291 767 4363 Quae
797 4292 835 4354 de
863 4296 934 4375 agni
963 4294 1116 4358 Paschalis
1139 4312 1236 4358 coena
1267 4296 1420 4359 celebrata
1453 4296 1483 4357 in
1513 4295 1620 4357 eadem
1647 4292 1784 4375 liturgia
1814 4291 1977 4375 leguntur,

594 4388 744 4471 explicata
767 4397 836 4452 sunt
859 4391 889 4452 in
910 4392 998 4456 Notis
1021 4393 1058 4456 ad
1080 4393 1246 4478 liturgiam
1267 4394 1417 4458 Dioscori.

984 4702 1572 4755 ψ
