5150 6534
986 815 1016 892 S.
1048 813 1266 893 01080001
1293 817 1516 913 bPlSCOPl,
1549 834 1600 895 dr.
1896 823 1974 897 497

600 1001 879 1114 tranquillitatem,
906 1023 968 1096 pro
995 998 1084 1072 bello
1111 1000 1322 1076 habitationis
1349 1002 1583 1099 frequentiam:
1611 1030 1673 1103 pro
1701 1008 1824 1094 caede,
1854 1031 1973 1103 pacem

601 1112 721 1205 altam3
756 1140 819 1212 pro
846 1117 1009 1189 seditione
1036 1120 1196 1209 quietem;
1230 1141 1292 1213 pro
1327 1119 1492 1192 divisione
1524 1123 1753 1195 concordiam:
1789 1134 1824 1195 ut
1857 1146 1973 1197 omnes
2097 1193 2101 1201 .

601 1234 819 1323 conjunctim,
852 1231 995 1327 hymnos
1023 1230 1198 1303 oderamus
1226 1233 1283 1305 tibi
1312 1257 1385 1305 cum
1413 1235 1598 1329 diligentia,
1632 1249 1665 1309 et
1691 1240 1860 1330 unigenito
1887 1240 1973 1312 Filio

599 1358 658 1419 tuo
686 1358 720 1419 et
746 1348 883 1443 Spiritui
910 1360 976 1420 tuo.

706 1462 867 1556 Populos.
920 1465 1041 1536 Amen.

706 1578 881 1651 Sacerdos
902 1580 1094 1652 inclinatus.
1127 1580 1296 1652 Memento
1314 1580 1458 1651 Domine
1476 1585 1712 1675 cujuscumque
1730 1581 1845 1674 Regis
1856 1583 1974 1672 tidelis,

602 1696 659 1790 qui
694 1693 900 1789 amplectitur
934 1698 1110 1766 veritatem
1144 1703 1250 1783 tuam,
1285 1719 1464 1790 curamque
1498 1695 1598 1768 habet
1631 1696 1745 1792 populi
1781 1702 1824 1768 tui
1858 1698 1974 1772 hdehs

600 1809 748 1882 Benedic
784 1808 977 1881 haereditati
1010 1812 1100 1901 ajam,
1135 1810 1363 1904 bonorumque
1398 1810 1629 1883 abundantiam
1661 1824 1798 1907 praesta
1832 1818 1864 1885 in
1901 1817 1974 1905 ejus

601 1927 755 2021 imperio,
782 1934 816 2002 et
840 1927 872 1996 in
901 1948 1106 2020 quacumque
1133 1929 1281 2016 regione.
1313 1926 1481 1998 Memento
1499 1927 1643 1998 Domine
1669 1937 1848 2019 rectorum,
1874 1934 1973 2025 prin-

601 2043 721 2137 cipum,
749 2049 783 2111 et
809 2042 1018 2111 autoritatem
1046 2039 1246 2130 habentium,
1275 2044 1328 2135 qui
1356 2053 1560 2114 conservant
1586 2044 1782 2134 religionem
1811 2054 1911 2136 tuam,
1940 2056 1974 2117 et

601 2155 725 2254 laci-unt
750 2156 956 2227 voluntatem
983 2167 1089 2244 tuam3
1117 2169 1151 2228 et
1177 2166 1294 2228 averte
1325 2157 1445 2251 plagas
1472 2157 1594 2228 furoris
1630 2162 1662 2229 in
1697 2157 1813 2231 diebus
1845 2183 1974 2250 eorum,

603 2281 639 2343 ut
664 2255 871 2362 cognoscant
899 2282 931 2342 te
967 2271 1170 2343 salvatorem
1200 2295 1276 2344 esse
1304 2276 1447 2343 omnium
1476 2276 1530 2367 qui
1558 2276 1591 2343 in
1619 2282 1652 2343 te
1679 2284 1822 2368 sperant.

706 2384 881 2457 Soccrdm
895 2385 1032 2457 elevans
1051 2409 1176 2457 vocem.
1216 2388 1394 2482 Sapientes
1409 2387 1484 2458 illos
1507 2388 1599 2459 ellice
1621 2389 1762 2459 Domine
1784 2389 1825 2459 ad
1849 2389 1976 2462 obser-

601 2505 772 2574 vationem
797 2501 883 2592 legis
912 2512 1005 2590 tuae,
1033 2512 1067 2571 et
1094 2512 1127 2571 ut
1154 2514 1335 2597 sequantur
1362 2505 1452 2574 viam
1480 2514 1514 2573 et
1541 2504 1748 2598 exemplum,
1781 2526 1913 2596 regum,
1941 2515 1975 2576 et

602 2620 785 2712 principum
813 2616 1094 2688 orthodoxorum.
1150 2617 1342 2713 Comprime
1379 2621 1476 2689 etiam
1503 2618 1646 2689 Domine
1672 2618 1760 2691 bella
1788 2630 1822 2690 et
1847 2620 1975 2714 praelia

602 2755 689 2826 quae
717 2742 837 2803 terram
865 2730 1030 2819 infestant,
1058 2735 1092 2803 in
1120 2732 1236 2805 diebus
1263 2755 1389 2804 eorum.
1443 2733 1495 2803 Da
1518 2733 1582 2804 illis
1603 2744 1637 2804 ut
1658 2737 1881 2826 cogitationes
1907 2734 1975 2806 ha-

491 2904 497 2914 s
560 2881 572 2888 e
600 2843 703 2917 beant
729 2848 899 2942 pacificas
926 2855 959 2917 et
986 2847 1165 2918 concordia
1195 2857 1248 2918 tua
1268 2870 1386 2941 pacem
1406 2847 1468 2918 illis
1489 2851 1640 2944 inspiret:
1669 2872 1848 2943 compesce
1868 2871 1975 2922 soan-

603 2960 678 3032 dala
705 2973 738 3032 et
764 2962 912 3051 dissidia,
939 2985 982 3034 ne
1010 2966 1158 3036 oriantur
1183 2966 1270 3034 inter
1298 2985 1371 3051 eos,
1399 2974 1432 3034 et
1458 2962 1583 3035 illustra
1611 2965 1737 3035 animos
1761 2985 1877 3034 eorum
1900 2963 1976 3035 lucc

601 3079 753 3151 veritatis
785 3088 871 3149 tuae.
925 3077 977 3148 Da
1011 3078 1075 3149 illis
1101 3079 1245 3150 Domine
1276 3078 1483 3174 prudentiam
1518 3078 1696 3151 secundum
1728 3101 1826 3172 quam
1852 3091 1974 3172 regant

602 3193 759 3288 populum
785 3201 875 3264 tuum
902 3192 1100 3265 habitantem
1136 3198 1168 3265 in
1203 3192 1380 3266 ditionibus
1414 3215 1545 3282 eorum,
1579 3204 1612 3265 et
1649 3219 1668 3266 a
1700 3192 1838 3282 malitia,
1875 3203 1975 3288 atque

603 3305 826 3379 dominatione
854 3308 987 3380 duriore
1015 3321 1048 3381 et
1074 3332 1194 3405 aspera
1221 3308 1328 3379 libera
1361 3329 1433 3378 nos.
1486 3307 1595 3379 Auser
1621 3312 1719 3379 etiam
1751 3311 1975 3399 cogitationes

597 3425 811 3518 perniciosas
838 3447 953 3495 eorum
981 3428 1035 3519 qui
1063 3448 1168 3496 saeva
1194 3427 1292 3494 nimis
1319 3434 1440 3514 regunt
1464 3424 1622 3518 populum
1649 3434 1747 3508 tuum,
1778 3423 1819 3495 ab
1848 3424 1975 3496 haere-

603 3535 704 3609 ditate
732 3546 802 3610 tua:
829 3538 933 3610 libera
960 3562 1023 3611 nos
1051 3545 1127 3634 quia
1155 3543 1186 3609 in
1215 3550 1247 3609 te
1274 3541 1502 3632 speravimus,
1531 3549 1564 3609 et
1591 3538 1687 3611 salva
1715 3560 1775 3609 nos
1804 3544 1858 3633 qui
1886 3562 1975 3611 con-

602 3649 731 3723 fitemur
757 3675 878 3725 nomen
906 3663 1015 3742 tuum3
1043 3664 1076 3725 et
1103 3653 1198 3725 simul
1224 3658 1353 3745 gratias
1380 3675 1536 3745 agemus,
1569 3652 1801 3743 adorabimus,
1836 3665 1870 3725 et
1895 3654 1975 3726 lau-

604 3763 754 3838 dabimus
781 3791 902 3839 nomen
930 3779 1018 3840 tuum
1046 3780 1211 3857 sanctum,
1249 3780 1282 3841 et
1309 3771 1469 3861 unigeniti
1496 3767 1570 3839 Filii
1597 3771 1661 3857 tui,
1695 3780 1734 3850 et,
1754 3769 1895 3865 Spiritus
1929 3772 1975 3840 tui

603 3883 719 3953 sancti.

706 3995 883 4069 Sacerdos
916 4000 1106 4070 inclinat-ue.
1168 4000 1337 4071 Memento
1371 4000 1514 4070 Domine
1549 4009 1583 4070 et
1614 4008 1748 4094 praesta
1783 4001 1974 4069 memoriam

604 4110 748 4199 bonam,
774 4112 891 4184 Matris
919 4117 1078 4207 unigeniti
1106 4118 1150 4185 tui
1177 4116 1427 4205 sanctissimae,
1454 4126 1488 4187 et
1514 4115 1632 4186 beatae
1658 4116 1804 4204 Mariae,
1838 4114 1976 4185 loannis

603 4227 784 4323 Baptistae,
812 4228 1050 4324 Prophetarum
1078 4240 1112 4300 et
1125 4228 1364 4325 Apostolorum
1393 4234 1448 4325 qui
1475 4230 1626 4301 iecerunt
1647 4231 1851 4301 voluntatem
1873 4239 1975 4319 mam,

603 4341 789 4439 Martyrum
816 4354 1007 4416 sanctorum
1034 4355 1067 4416 et
1093 4344 1353 4431 Confessorum,
1383 4355 1559 4417 eteorum
1586 4348 1729 4417 omnium
1757 4347 1812 4439 qui
1837 4352 1976 4439 propter

603 4479 727 4530 nomeu
753 4469 842 4530 tuum
870 4458 1066 4533 afflictiones
1094 4462 1329 4549 sustinuerunt,
1354 4464 1534 4556 praecipue
1560 4481 1644 4531 vero
1667 4457 1825 4553 Stephani
1852 4468 1886 4529 ct
1912 4479 1974 4527 re-

604 4571 768 4670 liquorum
796 4576 851 4667 qui
877 4580 1145 4669 persecutionem
1172 4586 1206 4647 et
1232 4578 1413 4648 calumnias
1441 4579 1530 4672 passi
1549 4585 1686 4669 propter
1704 4595 1853 4645 amorem
1874 4582 1974 4657 tuum,

606 4711 751 4783 agonem
778 4699 812 4761 et
838 4700 1006 4763 certamen
1034 4691 1195 4763 obierunt.
1228 4694 1371 4786 Suscipe
1396 4691 1540 4762 Domine
1562 4689 1749 4762 oblationes
1770 4709 1897 4772 eorum,
1920 4688 1975 4779 qui

606 4804 649 4876 ad
675 4806 805 4878 illorum
833 4810 1003 4878 orationes
1030 4807 1237 4899 confugiunt,
1264 4828 1326 4899 per
1352 4804 1587 4876 multitudinem
1614 4808 1745 4896 gratiae
1771 4813 1857 4874 tuae.

708 4921 858 4992 atavam
878 4945 1004 4993 uocem.
1040 4922 1250 4994 Convertere
1267 4921 1410 4991 Domine
1428 4919 1470 4991 de
1492 4918 1637 4991 excelsis
1655 4918 1824 4990 coelorum
1846 4927 1976 4988 tuorum

579 5031 820 5126 'sublimibus,
848 5060 934 5131 quae
961 5037 1140 5108 adorantur
1166 5035 1208 5107 ab
1239 5035 1413 5125 omnibus,
1445 5044 1480 5106 et
1512 5033 1634 5127 adjuva
1667 5054 1887 5120 aesomnes,
1921 5033 1977 5125 qui

605 5149 762 5223 ardenter
789 5164 979 5247 exposcunt
1004 5151 1162 5223 auxilium
1188 5174 1250 5246 per
1275 5174 1397 5247 preces
1425 5172 1551 5223 eorum.
1600 5147 1731 5218 Exaudi
1759 5147 1977 5243 deprecatio-

605 5288 669 5338 nes
695 5288 811 5339 corum
838 5291 900 5364 pun
927 5278 1016 5340 terra
1043 5264 1230 5339 habitabili:
1264 5266 1432 5361 responde
1458 5263 1672 5362 petitionibus
1700 5261 1906 5335 adorantium
1933 5272 1980 5349 te,
