5150 6534
844 900 1023 979 thttttt
1059 897 1384 978 institituit
1409 897 1705 978 Attioctttttt.
1888 898 1965 973 527

701 1088 864 1183 Poprduc.
917 1091 1035 1161 Amen.

702 1207 886 1279 Sacerdos.
940 1205 1098 1277 Similiter
1124 1203 1217 1275 vultu
1229 1226 1359 1276 sursum
1377 1202 1527 1291 elevato,
1554 1202 1744 1295 significans
1759 1201 1964 1275 voluntatem

506 1401 510 1406 ,
597 1329 730 1399 unicam
755 1345 870 1411 suam,
896 1321 1004 1392 Patris
1032 1326 1083 1393 sui
1110 1330 1144 1392 et
1169 1320 1312 1415 Spiritus
1339 1322 1390 1391 sui
1416 1321 1541 1406 sancti,
1567 1318 1660 1390 velut
1691 1319 1734 1389 ad
1760 1319 1966 1391 confirman-

599 1441 676 1513 dam
701 1442 877 1511 veritatem
903 1440 1018 1509 mortis
1045 1437 1252 1509 voluntariae
1278 1457 1340 1530 pro
1367 1433 1473 1506 salute
1501 1437 1653 1526 imaginis
1686 1457 1787 1526 suae,
1820 1437 1967 1528 quaein
2055 1416 2058 1427 ¹

598 1558 813 1652 corruptione
836 1553 990 1645 jacebat,
1018 1556 1116 1625 etiam
1150 1550 1288 1622 calicem
1320 1555 1430 1637 vitae,
1465 1574 1563 1646 quem
1595 1554 1776 1623 miscuerat
1807 1553 1887 1621 vino
1921 1573 1968 1622 ex

599 1695 685 1768 uva,
714 1681 747 1743 et
773 1692 859 1764 aqua
889 1668 1029 1740 naturali
1055 1667 1235 1741 secundum
1251 1689 1458 1754 mensuram,
1486 1669 1632 1761 accepit,
1658 1678 1833 1763 postquam
1848 1666 1969 1763 epulati

600 1796 714 1861 essent
741 1809 786 1859 ex
811 1788 1046 1871 sacramentis,
1081 1794 1115 1854 et
1140 1787 1266 1875 gratias
1302 1786 1386 1875 egit,
1417 1785 1446 1871 †
1472 1782 1658 1870 benedixit,
1684 1786 1713 1872 †
1739 1781 1967 1870 sanctificavit,

601 1906 691 1993 †et
716 1900 865 1974 similiter
894 1898 1109 1973 familiaribus
1137 1902 1207 1970 suis
1233 1901 1402 1992 porrexit,
1430 1907 1465 1968 et
1491 1898 1590 1968 dixit:
1615 1899 1770 1994 Accipite
1801 1909 1835 1971 et
1865 1896 1968 1969 bibite

603 2018 725 2111 singuli
751 2040 797 2089 ex
822 2039 922 2088 manu
949 2016 1098 2087 alterius:
1126 2018 1202 2109 quia
1229 2013 1281 2083 hic
1308 2022 1361 2084 est
1378 2017 1514 2105 sanguis
1530 2035 1623 2085 meus
1635 2016 1755 2101 vivus,
1782 2015 1838 2106 qui
1857 2012 1968 2083 effim-

602 2134 688 2207 ditur
713 2156 774 2230 pro
801 2131 943 2204 bumano
971 2153 1097 2223 genere
1124 2134 1158 2201 in
1183 2152 1237 2201 me
1263 2129 1439 2219 credente,
1467 2127 1510 2200 ab
1525 2127 1739 2201 abolitionem
1756 2131 1968 2225 insipientia-

601 2272 693 2337 rum,
722 2258 756 2319 et
781 2252 884 2320 vitam
913 2257 1091 2319 aeternam.

706 2365 868 2457 Populus.
918 2365 1038 2437 Amen.

707 2479 891 2550 Sacerdos.
946 2477 1095 2572 Cumque
1122 2476 1205 2548 baec
1232 2480 1266 2547 in
1292 2497 1437 2571 persona
1464 2499 1525 2548 sua
1539 2479 1611 2572 ipse
1635 2476 1882 2571 complevisset,
1908 2478 1968 2547 in-

599 2599 710 2688 junxit
736 2596 817 2683 illis,
844 2594 1146 2690 praecipiendoque
1173 2593 1270 2665 dixit:
1300 2596 1570 2688 quotiescumque
1584 2593 1770 2665 concordes
1787 2596 1872 2664 inter
1891 2616 1969 2682 voe,

602 2735 663 2810 per
690 2711 773 2783 baec
799 2711 895 2783 simul
921 2712 1181 2801 conjungemini,
1208 2712 1322 2781 mortis
1337 2731 1435 2780 meae
1449 2709 1636 2781 voluntaria
1654 2711 1848 2781 memoriam
1867 2711 1969 2800 agite,

603 2831 857 2901 resurrectionis
896 2848 991 2896 meae
1026 2825 1179 2895 salutaris
1214 2828 1561 2896 commemorationem
1587 2824 1706 2917 facite,
1732 2836 1766 2897 et
1792 2824 1970 2896 adventum

602 2968 714 3017 meum
740 2965 845 3038 usque
873 2941 914 3012 ad
941 2944 1221 3012 resurrectionem
1247 2950 1434 3033 expectate.

707 3059 866 3152 Populos.
918 3059 1037 3130 Mortis
1064 3068 1140 3128 tuae
1166 3056 1311 3128 Domine
1338 3060 1531 3128 memoriam
1559 3060 1697 3149 agimus.

707 3175 890 3247 Sacerdos.
943 3176 1024 3259 Quis
1051 3176 1172 3267 poterit
1198 3172 1370 3268 explicare
1396 3172 1513 3244 verbis
1549 3181 1651 3244 totam
1691 3173 1970 3268 dispensationem

603 3303 708 3385 mam,
736 3313 834 3386 quam
861 3300 1016 3386 operatus
1043 3311 1081 3359 es
1107 3310 1169 3383 pro
1197 3287 1310 3375 nobie,
1338 3310 1358 3358 o
1385 3288 1534 3361 Verbum
1559 3291 1668 3379 Deus3
1696 3300 1752 3360 aut
1778 3292 1850 3383 quis
1869 3310 1971 3359 asse·
2082 3282 2093 3292 ”

606 3413 659 3505 qui
685 3409 808 3503 poterit
834 3408 1092 3477 exinanitionem
1119 3413 1206 3475 tuam
1233 3404 1474 3495 voluntariam,
1499 3428 1561 3500 per
1587 3428 1685 3501 quam
1711 3414 1859 3476 tamena
1885 3403 1972 3477 solio

606 3523 802 3597 abscondito
830 3522 937 3593 Patris
975 3525 1022 3592 tui
1047 3544 1114 3593 non
1142 3543 1180 3594 es
1208 3519 1397 3613 elongatus,
1425 3533 1458 3593 et
1478 3521 1520 3592 ad
1535 3521 1702 3611 malitiam,
1728 3520 1971 3592 infirmitatem-

607 3662 670 3735 que
696 3649 845 3710 nostram
871 3640 992 3708 venisti
1019 3637 1174 3728 integre?
1202 3638 1284 3723 Quis
1311 3637 1508 3710 scrutabitur
1534 3641 1739 3710 nativitatem
1765 3648 1854 3709 tuam
1880 3646 1971 3707 tem-

578 3756 775 3852 poralem,
801 3776 863 3849 per
890 3776 985 3848 quam
1019 3751 1104 3824 filios
1137 3752 1305 3824 bominum
1333 3777 1353 3823 a
1380 3763 1518 3825 satanae
1551 3757 1711 3826 servitute
1741 3753 1907 3841 liberasti,
1939 3763 1974 3824 et

606 3895 626 3944 a
652 3880 818 3968 potestate
845 3874 1017 3966 tyrannica
1045 3881 1210 3942 etsaeva
1237 3892 1301 3941 nos
1337 3868 1511 3964 eripuisti?
1543 3868 1624 3953 Quis
1655 3869 1873 3961 investigabit
1902 3867 1972 3941 ba-

605 3989 760 4081 ptismum
786 3996 875 4056 tuum
901 3989 935 4056 in
960 3985 1129 4074 iordane,
1162 4007 1348 4080 perquem
1382 3985 1503 4056 donum
1536 3984 1722 4079 adoptionis
1754 3984 1851 4057 nobis
1884 4008 1973 4058 con-

526 4174 536 4184 ,
607 4104 752 4189 cessisti,
786 4104 1046 4196 mysteriumque
1083 4100 1252 4173 Trinitatis
1286 4110 1422 4173 sanctae
1457 4099 1616 4172 revelasti
1649 4112 1684 4172 et
1715 4101 1972 4175 demonstrasti?

609 4218 689 4303 Quis
716 4229 822 4311 aequa
848 4217 1008 4311 rependet
1033 4216 1244 4312 passionibus
1271 4221 1335 4288 tuis
1362 4221 1548 4307 immeritis,
1574 4221 1737 4312 mortique
1753 4227 1830 4289 tuae
1844 4218 1971 4290 volun-

606 4336 725 4419 tariae,
752 4354 814 4428 per
840 4356 923 4426 quas
952 4337 1180 4428 compressisti
1212 4338 1389 4428 passiones
1421 4344 1554 4405 nostras
1589 4335 1631 4405 ad
1664 4343 1838 4429 peccatum
1870 4333 1971 4405 incli-

606 4460 742 4520 nantes:
769 4461 976 4543 mortemque
1002 4461 1150 4522 nostram
1175 4452 1394 4545 peccatricem
1422 4450 1598 4522 occidisti?
1626 4451 1707 4536 Quis
1721 4473 1789 4522 non
1801 4447 1972 4520 mirabitur

601 4567 884 4648 ‚resurrectionem
918 4576 1006 4637 tuam
1038 4565 1222 4651 vivificam,
1259 4588 1320 4660 per
1348 4589 1445 4661 quam
1470 4570 1747 4638 resurrectionem
1779 4564 1973 4657 generalem

609 4683 752 4751 omnium
778 4679 944 4752 bominum
980 4690 1105 4753 certam
1139 4681 1265 4769 fecisti,
1299 4682 1452 4777 quodque
1485 4681 1719 4777 corporaliter,
1752 4681 1813 4752 sed
1845 4680 1972 4776 absque

608 4797 763 4869 sensibus
790 4801 939 4890 passioni
967 4797 1122 4869 obnoxiis
1150 4819 1330 4888 resurgere
1356 4798 1500 4870 debeant
1524 4798 1672 4870 homines
1698 4798 1864 4885 universi,
1889 4797 1972 4893 pol-

607 4910 717 4984 licitus
760 4912 823 4984 es?
866 4913 947 4998 Quis
982 4936 1048 4984 non
1087 4922 1219 5009 stupeat
1258 4917 1488 4987 ascensionem
1526 4912 1708 5006 gloriosam
1750 4912 1793 4983 ad
1830 4913 1973 5004 coelum,

609 5030 860 5122 sessionemque
887 5037 974 5098 tuam
1001 5029 1172 5100 excelsam
1199 5052 1300 5125 super
1327 5051 1443 5103 omnes
1458 5040 1585 5102 mentes
1602 5032 1785 5101 existentes
1800 5028 1878 5119 illie,
1906 5052 1972 5126 quo

609 5143 707 5215 nobis
734 5142 778 5214 ad
803 5147 974 5235 regionem
1002 5144 1173 5217 divinitate
1198 5146 1349 5242 plenam,
1382 5150 1447 5218 iter
1480 5145 1602 5217 fecisti:
1635 5154 1669 5215 et
1701 5144 1972 5239 quemadmodum

610 5256 737 5344 dixisti,
763 5257 820 5330 ubi
846 5283 918 5332 sum
945 5282 1028 5352 ego,
1056 5261 1121 5333 illic
1148 5265 1210 5333 erit
1237 5271 1270 5333 et
1295 5266 1445 5335 minister
1470 5283 1580 5348 meus,
1615 5263 1660 5333 ita
1696 5270 1730 5331 et
1762 5260 1841 5333 illud
1874 5260 1974 5333 nobis

609 5373 791 5470 perfecisti
842 5377 1083 5451 Adoratiouem
1109 5389 1143 5450 et
1169 5377 1426 5471 exaltationem,
1453 5376 1633 5453 secundum
1648 5376 1837 5451 facultatem
1857 5379 1977 5453 vires-
