5150 6534
838 863 1058 941 GREGORll
1092 862 1346 941 CATHOLICI
1383 862 1614 946 ortulum,
1650 876 1700 936 nc.
1846 839 1848 844 V
1889 862 1959 937 461

704 1050 864 1143 Populus.
917 1051 1036 1121 Amen.

703 1165 887 1236 Sacerdos.
939 1166 983 1237 Et
1015 1165 1078 1236 hoc
1111 1169 1216 1259 ipsum
1244 1165 1321 1236 illud
1347 1168 1476 1235 mistum
1504 1163 1591 1259 quod
1619 1176 1670 1235 est
1698 1167 1730 1233 in
1756 1163 1821 1235 boc
1848 1163 1963 1249 calice,

599 1286 706 1376 ipsum
734 1284 930 1372 sanguinem
958 1280 1078 1353 Christi
1107 1282 1170 1350 Dei
1196 1285 1311 1351 nostri.

703 1397 862 1488 Poprdos.
918 1397 1037 1466 Amen.
1123 1445 1126 1450 Δ

704 1512 887 1584 Sacerdos.
941 1511 1013 1582 Nos
1041 1520 1148 1580 autem
1176 1511 1294 1581 efficiat
1320 1534 1433 1606 puros,
1463 1516 1506 1583 ita
1534 1524 1568 1583 nt
1595 1533 1781 1582 mereamur
1802 1510 1966 1581 accedere

601 1629 644 1700 ad
676 1638 819 1700 montem
852 1637 1018 1713 sanetum,
1050 1648 1157 1718 neque
1192 1625 1354 1721 lapidibus
1390 1626 1567 1699 obruamur
1601 1637 1635 1698 nt
1666 1628 1763 1697 bruta
1801 1625 1990 1712 animalia,

599 1755 738 1840 propter
764 1765 868 1836 opera
895 1753 1008 1814 nostra
1037 1740 1247 1835 passionibus
1275 1743 1432 1814 obnoxia.
1491 1743 1559 1814 Sed
1593 1744 1633 1813 ad
1668 1753 1811 1816 montem
1839 1764 1965 1814 ascen-

601 1859 735 1945 damus,
766 1863 798 1929 in
827 1859 935 1929 medio
963 1855 1204 1945 nobissimus,
1238 1862 1489 1953 participatione
1517 1864 1750 1955 mysteriorum
1777 1869 1967 1929 sanctorum

601 1973 828 2072 perfruamur,
862 1985 895 2045 et
926 1973 1146 2044 familiaritate
1181 1972 1277 2045 beata
1311 1975 1532 2066 gaudeamuS,
1570 1987 1668 2069 atquo
1701 1979 1733 2044 in
1767 1972 1966 2044 habitatione

600 2091 839 2182 Angelicomm
867 2089 1023 2160 Ordinem
1051 2092 1268 2184 reperiamur,
1296 2101 1331 2161 ut
1358 2114 1429 2162 cum
1458 2091 1639 2162 electorum
1666 2103 1794 2161 tuorum
1815 2110 1966 2177 congre-

600 2210 735 2298 gatione
770 2205 878 2277 locum
915 2206 1113 2280 habeamus.
1151 2210 1421 2300 sanctitatemque
1456 2216 1489 2276 et
1525 2211 1699 2301 puritatem
1737 2218 1801 2277 tam
1839 2208 1967 2284 atrimae

599 2347 696 2417 quam
714 2326 866 2417 corporis
884 2345 1140 2416 consequamur:
1161 2334 1195 2392 ut
1214 2327 1311 2393 otium
1328 2323 1612 2395 confirmationem
1629 2323 1803 2393 Ecclesiae
1820 2328 1965 2394 sanotae

501 2531 504 2535 ²
600 2461 686 2533 quae
713 2443 875 2529 sauguine
902 2441 1129 2532 propitiatorio
1158 2437 1288 2509 salvata
1318 2450 1386 2526 est,
1421 2451 1453 2509 et
1487 2462 1588 2535 super
1622 2450 1749 2534 petram
1778 2437 1851 2508 fidoi
1879 2457 1966 2505 con-

598 2554 755 2638 stabilita,
782 2564 816 2623 ut
844 2554 885 2625 ab
916 2553 1079 2638 omnibus,
1108 2566 1140 2623 et
1166 2575 1228 2647 per
1255 2558 1382 2640 omnin,
1410 2556 1569 2645 gloriam,
1597 2554 1775 2640 bonorem,
1804 2564 1836 2623 et
1863 2552 1965 2622 exarl-

600 2672 757 2741 tationem
784 2669 966 2739 referamus
996 2667 1050 2739 tibi
1077 2672 1185 2754 Patri,
1214 2670 1317 2758 Filio,
1346 2681 1379 2741 et
1405 2672 1540 2764 Spiritui
1568 2682 1706 2756 sancto,
1733 2681 1795 2740 etc.

706 2781 866 2876 Populus.
919 2786 1037 2860 Arnen.

705 2899 880 2969 Soccrdoc
907 2901 1096 2969 incitantur.
1151 2900 1292 2996 Suscipe
1318 2904 1460 2974 Domino
1488 2901 1682 2972 sacrificium
1711 2900 1774 2972 lroe
1806 2908 1965 2972 nostrum,

602 3015 691 3109 quod
724 3013 736 3052 ⁵
762 3025 871 3085 mente
899 3026 931 3085 et
958 3019 1067 3085 animo
1097 3016 1152 3086 tibi
1180 3019 1325 3103 offertur,
1352 3039 1413 3110 pro
1441 3019 1523 3089 Sion
1550 3029 1676 3102 saneta,
1704 3030 1808 3088 matre
1825 3019 1983 3115 omnium

601 3128 838 3217 Ecclesiarum,
866 3142 898 3201 et
924 3152 986 3224 pro
1013 3130 1175 3201 Ecclesiis
1203 3136 1266 3204 tuis
1294 3138 1417 3203 sanctis
1445 3156 1530 3227 quae
1558 3137 1589 3204 in
1617 3143 1687 3205 toto
1716 3134 1797 3205 orbe
1825 3143 1910 3212 sunt,
1934 3140 1967 3199 ct

601 3269 664 3341 pro
692 3247 808 3316 ordine
834 3248 990 3340 primario
1017 3246 1208 3334 Pastorum,
1242 3247 1477 3334 Sacerdotem,
1512 3261 1545 3320 ot
1571 3247 1869 3337 Rectorum‘ejus:
1904 3270 1965 3341 pro

601 3366 702 3432 venia
730 3373 763 3432 et
790 3366 898 3455 quiete
925 3362 1063 3432 filiorum
1093 3365 1182 3452 ejus,
1217 3385 1278 3455 pro
1315 3370 1571 3436 conservatione
1604 3365 1743 3434 filiorum
1777 3366 1868 3453 ejus,
1905 3385 1966 3457 per

603 3482 744 3570 gratiam
771 3488 873 3564 tuam,
901 3481 999 3548 visita
1027 3500 1089 3549 nos
1118 3500 1252 3563 omnes,
1280 3482 1312 3549 in
1341 3479 1502 3552 omnibus.

706 3593 880 3664 Sacerdos
907 3593 1043 3663 cloccas
1064 3617 1188 3664 cocere.
1244 3596 1328 3680 Quia
1356 3619 1401 3665 ex
1430 3607 1460 3666 te
1487 3597 1636 3690 procedit
1667 3606 1700 3666 et
1733 3599 1837 3667 oritur
1869 3615 1965 3664 omno

602 3699 737 3796 bonum,
764 3720 797 3781 et
825 3732 922 3782 omne
950 3709 1068 3781 donum
1087 3710 1283 3804 perfectum,
1312 3717 1418 3783 omnis
1440 3714 1673 3807 contemplatio
1696 3715 1822 3794 suavis,
1851 3691 1966 3780 ornnes

602 3829 810 3896 visitationes
837 3824 1018 3918 perfectae,
1046 3830 1151 3897 omnis
1180 3826 1349 3897 abundans
1376 3827 1580 3915 benedictio,
1608 3851 1705 3899 omne
1733 3828 1905 3919 gaudium,
1933 3835 1966 3895 et

604 3944 710 4013 omnis
738 3942 916 4028 exultatio,
945 3945 1052 4011 omnis
1080 3945 1183 4013 virtus
1211 3956 1244 4012 et
1270 3942 1443 4027 fortitudo,
1472 3967 1569 4014 omne
1595 3943 1698 4014 robur
1725 3944 1766 4014 ad
1793 3942 1966 4037 praelian-
2011 3940 2017 3964 ¹

604 4057 691 4145 dum,
719 4061 824 4128 omnis
853 4060 1109 4149 insipientiarurn
1137 4057 1313 4142 abstersio,
1342 4062 1448 4129 omnis
1476 4060 1673 4130 condonatio
1696 4062 1966 4153 praevaricatio-

602 4196 695 4244 num:
722 4184 860 4268 propter
887 4196 991 4266 quae,
1020 4183 1053 4243 ot
1079 4195 1140 4266 pro
1168 4173 1317 4243 omnibus
1345 4174 1483 4265 gloriam
1522 4177 1755 4271 amplissimam
1792 4173 1965 4245 referimus

604 4290 676 4376 tibi,
704 4290 796 4361 Dens
824 4289 941 4376 Pater,
970 4301 1002 4359 et
1028 4289 1113 4359 Filio
1142 4298 1213 4375 tuo,
1242 4300 1274 4359 et
1301 4290 1436 4384 Spiritui
1464 4302 1580 4362 sancto
1609 4302 1672 4363 tuo.

707 4406 866 4497 Populus.
919 4408 1037 4476 Amen.

705 4520 879 4591 Sacerdos
905 4522 1096 4591 inclinatus.
1124 4522 1268 4609 Exaudi,
1297 4522 1449 4609 Domine,
1475 4545 1537 4616 per
1554 4524 1825 4593 intercessionem
1846 4544 1965 4609 rueam,

602 4657 717 4707 omnes
746 4640 799 4730 qui
826 4640 983 4707 invocant
1007 4647 1058 4707 te:
1087 4660 1202 4708 omnes
1230 4641 1283 4731 qni
1311 4641 1414 4708 variis
1443 4641 1655 4708 tentationum
1683 4637 1861 4728 generibus
1879 4660 1964 4728 gra-

601 4757 690 4823 viter
716 4753 912 4844 affliguntur:
949 4753 1023 4824 illos
1056 4757 1109 4846 qui
1145 4757 1232 4823 omni
1266 4775 1392 4844 genere
1425 4757 1591 4846 spinarum
1628 4764 1660 4824 et
1695 4757 1834 4826 sentium
1869 4753 1964 4845 huJus

602 4869 712 4939 mundi
746 4872 922 4962 iniquitatis
954 4869 1092 4939 involuti
1128 4867 1290 4956 laborant,
1318 4869 1438 4956 libera,
1471 4880 1505 4939 et
1532 4870 1670 4940 salutem
1697 4872 1777 4963 ipsis
1805 4869 1963 4940 concede.

602 4983 738 5076 Adjuva
771 4989 870 5055 etiam
904 5008 963 5056 eos
998 4988 1051 5078 qui
1085 5007 1195 5055 curam
1229 4995 1348 5075 gerunt
1381 4983 1556 5057 Ecclesiae
1583 4996 1659 5056 tuae
1686 4996 1829 5056 sanotae.
1883 4985 1963 5055 ble-

604 5110 714 5172 mento
741 5111 868 5194 patrum
897 5112 929 5170 et
956 5099 1092 5202 fratrum
1119 5110 1322 5185 nostrorum,
1360 5110 1393 5169 et
1419 5123 1532 5171 eorum
1561 5103 1615 5195 qui
1651 5100 1692 5171 ad
1720 5110 1753 5171 te
1786 5104 1962 5192 migrave—

604 5227 690 5306 runt,
718 5227 751 5287 et
778 5239 892 5287 eorum
912 5218 965 5309 qui
994 5219 1118 5308 spirant
1141 5215 1201 5289 sub
1225 5239 1304 5287 cura
1331 5227 1364 5287 ot
1390 5220 1595 5310 protectione
1623 5227 1695 5287 tua:
1719 5227 1752 5287 ut
1772 5221 1869 5288 etiam
1897 5240 1963 5288 eo-

1676 5334 1759 5408 ol*
1848 5371 1853 5382 ·
