5150 6534
978 856 1247 936 surturi
1299 858 1611 937 ott-tttt.
1898 844 1977 951 att

686 1042 887 1118 oceanea
918 1043 1056 1116 dauns
1092 1067 1218 1124 eooen.
1271 1046 1339 1118 Per
1373 1054 1407 1119 te
1442 1048 1530 1119 euim
1565 1054 1659 1137 stat,
1687 1056 1724 1120 et
1758 1055 1978 1121 conservatur

605 1178 705 1232 unum
732 1161 904 1257 quodque,
929 1177 993 1256 per
1016 1172 1052 1233 te
1075 1165 1265 1257 petitiones*
1280 1178 1398 1234 omnes
1407 1166 1521 1255 justae
1543 1162 1701 1235 ellectum
1719 1173 1977 1258 consequuntur,

605 1273 803 1372 affluuutque
828 1276 1078 1350 benedictiones
1105 1276 1243 1368 effusae,
1271 1300 1351 1375 spes
1364 1277 1536 1367 honestae,
1560 1278 1733 1369 ‘gaudium
1758 1288 1793 1349 et
1817 1278 1974 1376 voluptas

605 1394 738 1482 omnis,
759 1403 909 1488 potestus
936 1397 1061 1481 omnis,
1088 1403 1122 1464 et
1147 1397 1266 1483 virtus,
1293 1396 1399 1467 omnis
1415 1403 1642 1465 consummata
1659 1392 1840 1489 perfectio,
1868 1399 1976 1469 omnis

605 1505 766 1602 denique·
774 1519 949 1580 creaturae
964 1519 1040 1581 mae
1056 1508 1279 1597 subsistentia,
1299 1522 1406 1605 teque
1432 1508 1529 1582 decet
1560 1509 1688 1602 gloria,
1715 1509 1844 1600 bonor,
1869 1521 1975 1607 pote-

604 1631 757 1712 stnsaet
781 1625 854 1697 laus
881 1648 957 1697 cum
982 1626 1154 1717 unigenito
1173 1625 1265 1697 vFilio
1280 1636 1371 1713 tuo,
1397 1635 1433 1697 et
1458 1625 1582 1720 Spiritu
1609 1637 1676 1699 tuo.
1704 1660 1705 1664 ¹

650 1761 688 1798 ,n
711 1737 872 1834 Populus.
924 1742 1044 1814 Amen.

681 1854 884 1929 *Somnos
909 1857 1100 1927 inclinatos.
1153 1856 1297 1930 Domine
1323 1860 1527 1946 misericors,
1554 1870 1589 1931 et
1604 1857 1764 1948 clemens,
1792 1860 1847 1953 qui
1868 1879 1977 1953 parva

604 1980 764 2064 rogatus,
791 1976 935 2045 maxima
962 1970 1078 2045 tribuis
1105 1973 1319 2066 diligentibus
1345 1984 1390 2062 te,
1419 1974 1539 2046 exaudi
1556 1978 1745 2046 tenuitatem
1759 1994 1867 2044 meam
1890 1996 1977 2069 quae

603 2095 640 2158 te
665 2107 752 2158 nunc
777 2091 914 2161 invocat
945 2110 1006 2184 pro
1032 2092 1073 2160 iis
1100 2089 1253 2162 omuibus
1280 2092 1334 2184 qui
1356 2092 1566 2181 gravissimis
1588 2086 1823 2161 tentationibus
1843 2088 1975 2180 dejecti,

605 2201 648 2274 ad
663 2212 709 2274 lte
735 2203 937 2298 coniugium.
990 2204 1128 2277 Accede
1153 2206 1336 2295 velociter,
1363 2214 1397 2277 et
1422 2228 1482 2278 eos
1509 2205 1627 2294 libem,
1654 2204 1854 2299 dignamque
1879 2226 1975 2276 mer-

605 2317 940 2410 calamitatibus,
967 2324 1022 2416 qui
1048 2321 1269 2394 oblationibus
1294 2321 1472 2393 Ecclesiae
1498 2332 1592 2410 tuae,
1623 2332 1658 2393 et
1690 2317 1870 2418 pauperum
1906 2342 1975 2391 ne-

606 2433 818 2510 cessitatibus
844 2440 1102 2508 communicant:
1130 2458 1312 2532 eorumque
1338 2447 1584 2526 memoresto,
1618 2438 1673 2532 qui
1699 2445 1735 2509 ut
1767 2440 1817 2509 sui
1851 2440 1974 2509 memi-

603 2553 782 2641 nissemus,
809 2553 906 2625 nobis
921 2564 1182 2648 praeceperunt:
1210 2561 1443 2647 mementoque
1455 2575 1570 2625 eorum
1585 2556 1729 2624 omnium
1746 2556 1801 2648 qui
1816 2556 1975 2624 invocant

605 2688 729 2740 nomen
755 2678 844 2740 buum
872 2679 1030 2740 sanctum.

658 2766 667 2782 ’
710 2784 870 2877 Populus.
920 2783 1043 2865 Amen.

709 2900 888 2972 Diaconos
914 2901 1000 2970 aton
1027 2900 1197 2970 Cononem
1222 2899 1412 2970 secondom.

656 3038 678 3049 ‘¹
709 3015 884 3088 Socer-dm
910 3016 1047 3086 alaeam
1070 3036 1195 3085 eonem.
1248 3013 1381 3085 Exaudi
1407 3014 1550 3086 Domine
1575 3035 1695 3109 preces
1722 3013 1835 3109 populi
1855 3018 1913 3103 tui,
1940 3023 1975 3086 et

606 3134 742 3228 suscipe
769 3130 1023 3226 deprecationes
1049 3133 1164 3223 gregis
1191 3132 1254 3200 tui:
1280 3152 1400 3225 parce,
1428 3139 1461 3202 et
1486 3134 1648 3203 miserere
1675 3140 1889 3225 peccatorum
1916 3134 1975 3201 'm-

606 3250 803 3343 sipientium,
830 3252 1047 3342 pereuntium,
1075 3256 1108 3318 et
1126 3246 1348 3341 perditorum3
1374 3249 1600 3340 captivorum3
1627 3256 1661 3317 et
1687 3248 1742 3339 qui
1760 3250 1974 3341 persecutio-

606 3366 892 3458 nem-patiuntur:
920 3366 1032 3458 quiin
1067 3366 1237 3455 angustia,
1272 3370 1307 3433 et
1339 3365 1558 3456 oppressione
1585 3372 1677 3451 sunt,
1714 3372 1748 3432 et
1779 3362 1974 3433 calumniam

607 3477 802 3550 iraudemve
829 3482 1010 3567 sustinent;
1037 3467 1307 3574 peregrino'rum,
1336 3476 1486 3566 exulum3
1519 3481 1738 3567 miserorum,
1773 3488 1807 3548 et
1839 3489 1973 3572 paupe-

606 3617 697 3683 rum,
723 3594 959 3690 orphanorum,
985 3595 1178 3666 viduarum:
1206 3616 1321 3666 eorum
1349 3597 1404 3688 qui
1431 3597 1559 3688 peccati
1584 3594 1725 3667 vinculis
1752 3592 1973 3687 implicantur:

605 3714 721 3805 quoin
745 3714 829 3782 mari
857 3721 912 3781 aut
937 3721 1027 3782 terra
1054 3713 1329 3806 peregrinantum
1365 3732 1480 3781 eorum
1513 3709 1654 3805 denique
1689 3714 1833 3783 omnium
1860 3713 1915 3804 qui
1941 3719 1974 3779 te

604 3830 762 3922 optimum
790 3826 1020 3897 auxiliatorem
1048 3829 1171 3913 sciunt,
1198 3825 1354 3914 credunt,
1382 3836 1415 3897 et
1441 3827 1656 3915 confitentur,¹
1692 3836 1725 3908 et
1758 3825 1815 3897 tibi
1842 3825 1972 3897 laudem
2068 3841 2070 3846 ’

605 3942 801 4014 referemus.

711 4057 870 4151 Papulas.
923 4060 1043 4131 Amen.

664 4215 666 4221 ,
707 4169 886 4244 Diaconos
912 4174 997 4244 dicit
1024 4173 1194 4242 Cononem
1221 4175 1366 4242 tertium.

707 4288 882 4361 Sacerdos
907 4289 1098 4359 inclinatos.
1158 4285 1318 4359 Concede
1357 4289 1453 4358 etiam
1492 4286 1634 4358 Domine
1668 4288 1793 4381 populo
1828 4300 1902 4378 tuo,
1940 4301 1973 4361 et

604 4404 679 4477 orbi
714 4409 872 4477 universo
908 4416 1059 4499 tempora
1091 4403 1231 4491 fertilia,
1271 4406 1445 4497 omnisque
1468 4402 1657 4492 ,ubertatim
1691 4402 1971 4498 benignitatisque

605 4532 685 4592 tuae
710 4521 920 4615 plenissima,
947 4530 981 4591 et
1005 4519 1147 4591 benedic
1173 4541 1322 4591 coronae
1350 4522 1434 4607 anni,
1462 4541 1523 4613 per
1540 4518 1677 4604 imbres,
1705 4541 1830 4607 rorem,
1856 4520 1971 4592 bono-

603 4657 743 4731 rumque
770 4641 913 4708 omnium
939 4641 1145 4721 varietatem,
1173 4644 1207 4706 et
1232 4638 1339 4706 omnis
1356 4639 1489 4727 generis
1507 4634 1670 4707 fructuum
1683 4632 1830 4706 feracem
1859 4635 1971 4706 ubun-

605 4750 765 4840 dantiam3
792 4755 867 4845 quia
893 4761 929 4823 tu
954 4772 1088 4846 semper
1114 4739 1284 4823 auxilir'nris
1312 4762 1486 4824 creaturae
1511 4762 1597 4823 tuae.
1727 4783 1728 4786 ¹

671 4881 674 4886 ·
708 4868 858 4939 metans
887 4890 1013 4938 nocem.
1064 4866 1187 4939 Libera
1221 4890 1304 4955 nos,
1339 4869 1436 4940 salva
1468 4889 1548 4956 nos,
1579 4876 1613 4939 tu
1646 4871 1712 4962 qui
1734 4889 1844 4939 curam
1878 4870 1970 4959 geris

606 4985 768 5069 omnium,
797 4983 839 5056 ab
867 4988 955 5055 omni
981 4987 1219 5079 oppressione,
1247 4994 1280 5054 et
1306 4982 1506 5071 rebellione,
1534 4983 1575 5056 ab
1603 4986 1692 5056 omni
1725 4986 1970 5078 persecutione,

605 5106 640 5169 et
664 5109 778 5194 peste,
799 5098 841 5170 ab
870 5104 958 5171 omni
985 5101 1103 5187 coede,
1131 5108 1165 5170 et
1190 5120 1343 5170 annonae
1369 5103 1518 5186 caritate,
1544 5099 1769 5186 tribulatione,
1797 5109 1833 5171 et
1857 5104 1970 5195 capti-

602 5217 729 5305 vitate,
761 5215 933 5312 plagarum
974 5216 1168 5305 inflictione,
1203 5225 1237 5286 et
1271 5219 1442 5308 sanguinis
1475 5217 1653 5303 effusione,
1688 5225 1722 5286 et
1757 5238 1777 5307 a
1813 5217 1969 5306 gentibus

603 5352 690 5425 quae
716 5355 736 5403 a
763 5331 926 5424 religione
952 5343 1006 5404 tua
1033 5333 1162 5405 alienae
1189 5343 1279 5422 sunt;
1307 5354 1416 5428 neque
1442 5334 1616 5427 corripias,
1642 5339 1677 5402 et
1701 5331 1819 5426 punias
1845 5354 1909 5406 uos
1935 5337 1969 5404 in
