5150 6534
624 829 674 904 94
996 831 1612 911 obsanvlrlonus
1709 842 1711 846 ’

335 992 610 1049 F⁰¹¹¹¹i¹¹¹l⁰⁰⁸²¹⁰¹¹³³
708 1013 935 1079 Observandum
964 1014 1094 1096 denique
1124 1016 1218 1096 Syros
1246 1016 1276 1077 iu
1305 1034 1341 1078 ea
1364 1016 1590 1097 pronuncianda
1611 1024 1747 1079 veterem
1769 1017 1994 1099 simplicitatem

301 1080 439 1147 simplicior
447 1081 515 1148 apud
530 1082 609 1149 Syros

301 1181 376 1234 qnam
402 1167 470 1234 apud
498 1167 610 1224 Graecas

301 1256 466 1307 recentiores.

621 1117 716 1200 magis
738 1117 899 1179 retinuisse
921 1133 1008 1196 quam
1022 1115 1167 1193 Graecos,
1190 1117 1241 1196 qui
1259 1115 1402 1178 formulas
1419 1115 1531 1196 aliquot
1545 1118 1748 1197 interponunt,
1763 1123 1796 1178 ut
1809 1117 1840 1178 in
1852 1116 1993 1200 Liturgia

620 1216 723 1279 Basilii
733 1213 881 1279 Sacerdos
901 1221 1022 1277 secreto
1045 1214 1132 1277 dicit:
1170 1212 1298 1276 Domine
1319 1217 1372 1297 pai
1383 1215 1526 1294 Spiritum
1540 1222 1676 1277 maenam
1697 1216 1776 1277 bora
1793 1217 1883 1277 tertia
1903 1214 1994 1297 Apo-

621 1317 707 1379 stotia
735 1317 859 1389 misisti,
896 1314 993 1388 iliam,
1023 1314 1156 1391 abone,
1178 1334 1216 1375 ne
1238 1314 1366 1393 aafmaa
1387 1334 1408 1376 a
1429 1335 1486 1378 me.
1532 1313 1594 1376 Cor
1614 1316 1755 1376 ιιιιιιισσιιι
1776 1333 1851 1376 crea
1877 1315 1910 1377 ia
1931 1336 1992 1395 ma,

553 1401 557 1412 ’
619 1417 719 1490 Dens,
749 1424 778 1476 et
805 1414 950 1493 Spiritum
976 1419 1090 1475 rectum
1116 1414 1227 1474 innova
1256 1416 1289 1474 in
1310 1415 1478 1475 visceribus
1498 1416 1581 1477 meis.
1627 1413 1701 1475 'lum
1724 1413 1876 1477 Diaconos
1898 1424 1993 1497 caput

620 1516 779 1593 inclinem,
803 1514 941 1593 designat
964 1513 1064 1574 orario
1088 1519 1223 1573 sanctum
1245 1530 1354 1592 panem
1377 1522 1407 1574 et
1429 1513 1500 1575 dicit
1523 1521 1657 1577 secreto:
1680 1511 1830 1590 benedic,
1850 1513 1992 1593 Dominae,

621 1624 757 1678 canebam
776 1633 903 1693 panau.-
932 1620 1021 1693 atque
1043 1612 1083 1672 ita
1106 1611 1143 1672 ad
1166 1611 1267 1674 calicis
1291 1610 1548 1674 benedictionem:
1579 1631 1657 1693 quae
1678 1613 1783 1675 iisdem
1804 1614 1909 1677 verbis
1933 1632 1992 1677 oc-

622 1721 746 1777 currunt
768 1713 798 1773 in
822 1712 955 1793 liturgia
979 1711 1202 1793 chrysostome
1226 1729 1285 1772 non
1299 1712 1338 1772 -in
1362 1710 1477 1773 Graeca
1499 1711 1616 1789 iacobi,
1639 1729 1738 1792 neque
1762 1714 1791 1773 iu
1811 1711 1938 1775 Graccis
1960 1719 1992 1775 et

622 1813 756 1894 Copticis
768 1810 991 1887 Alexandrinis,
1014 1828 1113 1891 neque
1136 1811 1165 1870 in
1187 1805 1384 1871 Nestorianis.
1418 1810 1513 1872 Amen
1525 1818 1637 1873 tantum
1659 1811 1852 1893 subjungitur
1874 1830 1891 1874 a
1914 1811 1991 1874 Dia-

621 1928 710 1984 cono,
733 1911 770 1974 ad
794 1917 949 1991 utramque
973 1911 1119 1972 orationis
1141 1917 1267 1991 partem.

709 2010 815 2074 Obiter
830 2028 949 2091 quoque
971 2009 1131 2071 notandum
1154 2017 1212 2086 est,
1234 2008 1432 2071 Baderianum
1456 2009 1574 2089 quoties
1596 2008 1711 2070 titulum
1736 2010 1822 2092 hujus
1844 2011 1990 2075 amnonis

623 2112 728 2174 Latine
751 2110 915 2191 expressit,
938 2126 1099 2190 perperam
1122 2110 1252 2170 vertisse
1274 2107 1446 2169 Lectionem
1467 2108 1598 2186 Spiritus
1619 2111 1733 2186 sancti,
1761 2108 1844 2172 nullo
1866 2126 1968 2173 sensu

331 2372 364 2424 r.
381 2375 425 2425 aa.
1079 2371 1248 2441 Memento
1273 2368 1430 2456 Domine,
1458 2376 1521 2440 etc.

332 2593 465 2663 biptycba.
713 2581 776 2658 Hic
798 2591 941 2671 incipiunt
962 2587 1121 2670 Diptycba,
1145 2589 1312 2670 dequibus
1335 2608 1402 2651 cum
1424 2589 1513 2651 multa
1537 2589 1615 2652 dicta
1638 2591 1696 2653 sint
1717 2592 1748 2652 in
1763 2590 1985 2655 Commentario

624 2694 662 2758 ad
684 2695 784 2757 Rasilii
809 2693 963 2774 Copticam
985 2692 1160 2774 Liturgiam,
1185 2711 1263 2771 qnae
1285 2690 1419 2773 Syriacis
1441 2694 1926 2774 quoqueEcclesiisconveninnt,
1947 2711 1986 2757 eo

622 2796 753 2858 lectores
776 2794 960 2855 remittimus.
990 2792 1080 2854 Utin
1104 2793 1228 2855 Graecis
1251 2793 1405 2871 incipiunt,
1427 2782 1609 2875 Μνὴσθριι
1631 2783 1732 2879 κύριε.
1755 2793 1985 2856 Μοιιισιιιοῦο-

622 2896 710 2972 mirae,
735 2894 774 2956 ita
797 2894 827 2954 in
851 2892 984 2974 Syriacis
1000 2891 1142 2972 liturgiis
1166 2892 1202 2952 ab
1225 2900 1351 2969 ababa,
1373 2890 1455 2971 quod
1477 2890 1554 2952 idem
1569 2900 1625 2953 est.
1655 2892 1766 2953 Oratur
1779 2911 1836 2973 pro
1850 2892 1986 2956 omnibus

619 2993 711 3055 rebus
735 2999 765 3054 et
787 2992 938 3072 personis,
961 2992 1038 3052 vivis
1061 2998 1091 3052 et
1113 2992 1249 3053 mortuis.

707 3094 811 3155 Statim
834 3090 943 3152 dicitur
966 3092 1061 3152 oratio
1084 3109 1140 3169 pro
1164 3090 1301 3152 Ecclesia
1324 3089 1488 3165 Catholica,
1511 3097 1542 3152 et
1555 3090 1729 3171 Apostolica
1750 3089 1872 3153 fundata
1893 3108 1986 3173 supra

620 3198 736 3271 petram
760 3190 840 3265 fidei,
863 3197 895 3251 ut
918 3190 948 3250 in
972 3188 1088 3251 Graeca
1110 3189 1214 3250 iacobi
1238 3196 1268 3251 et
1291 3190 1321 3249 in
1344 3189 1480 3251 amnibus
1504 3190 1584 3251 aliis:
1616 3197 1676 3251 tum
1699 3206 1754 3269 pro
1778 3188 1854 3252 locis
1876 3191 1986 3254 sanctis

621 3298 653 3352 ct
682 3298 785 3352 sancta
816 3289 887 3353 Sion
910 3290 1039 3350 omnium
1062 3288 1266 3350 Ecclesiarum
1288 3294 1395 3362 matre,
1417 3295 1449 3349 ut
1472 3290 1501 3349 in
1525 3288 1640 3351 eadem.
1675 3283 1910 3373 Προςῳέρομέν
1934 3305 1989 3353 σοι

621 3383 769 3451 δέσποτα
780 3384 835 3451 καὶ
852 3377 935 3467 ὑπὲρ
953 3378 1053 3471 ἁγίων
1070 3404 1130 3449 σον
1141 3377 1258 3464 τόπων,
1275 3374 1333 3459 ab}
1348 3374 1509 3463 ἑδόξασας
1521 3384 1563 3470 τῇ
1573 3381 1751 3471 ἐπιφανείᾳ
1764 3384 1825 3450 τοῦ
1839 3387 1990 3473 Χριστοῦ

620 3503 695 3564 σου,
726 3484 781 3549 καὶ
810 3486 851 3570 τῇ
874 3472 1082 3571 ἐπιφοιτήσει
1105 3484 1166 3547 τοῦ
1187 3477 1282 3566 ἁγίου
1305 3501 1366 3547 σον
1394 3475 1595 3563 πνεύματος·
1626 3482 1875 3572 προηγουμένως
1905 3479 1988 3574 ὑπὲρ

621 3584 679 3666 τῆς
701 3576 835 3663 ἐνδόξου
858 3575 942 3647 Σιών
963 3584 1020 3668 τῆς
1040 3574 1162 3670 μητρὸς
1183 3582 1298 3646 πασῶν
1318 3583 1384 3646 τοῖν
1406 3579 1588 3667 ἐκκλησιῶν.
1631 3584 1792 3666 Offerimas
1820 3587 1892 3663 tibi,
1919 3588 1988 3651 Do-

621 3687 716 3759 mine,
747 3694 776 3745 et
800 3705 858 3763 pra
885 3686 1001 3744 carretis
1022 3686 1091 3743 istis
1112 3685 1204 3758 lacis,
1230 3703 1305 3763 quos
1331 3685 1516 3762 plurificasti
1535 3686 1777 3763 manifestatione
1799 3684 1915 3748 Cbriati
1934 3689 1987 3762 lai,

621 3789 651 3843 et
671 3784 802 3845 aduentu
823 3785 923 3844 saneti
943 3785 986 3843 tui
1007 3782 1155 3860 Spiritus:
1182 3781 1351 3860 Praecipue
1375 3803 1435 3861 pro
1463 3785 1599 3863 pluriam
1620 3784 1710 3858 Sion,
1739 3792 1837 3846 mnatre
1857 3787 1988 3848 οιιιιιιιιοι

621 3881 835 3945 Ecclesianrm.
871 3881 994 3962 Syriaca
1018 3881 1200 3961 exemplaria
1224 3882 1328 3942 eadem
1351 3899 1446 3962 prope
1470 3882 1562 3945 verba
1585 3882 1705 3956 babent,
1728 3883 1898 3963 exquibus
1921 3884 1988 3947 ebl-
2013 3934 2015 3938 .

621 3983 699 4043 citur
711 3981 859 4063 liturgias
874 3981 949 4056 illas,
971 3979 1115 4041 Graecam
1138 3989 1168 4042 et
1188 3980 1351 4060 Syriacam,
1375 3983 1513 4061 proprias
1527 3980 1682 4043 Ecclesiae
1697 3983 1987 4068 Hierasolpmitanae
2063 4039 2065 4045 .

622 4080 732 4154 luisse,
762 4100 819 4143 nec
850 4079 968 4141 aliunde
991 4081 1210 4159 quaerendam,
1242 4098 1296 4141 cur
1318 4080 1434 4142 Jacobo
1458 4087 1596 4160 tanquam
1618 4082 1715 4143 autori
1736 4081 1895 4144 attributae
1916 4084 1987 4146 sint

623 4179 830 4242 Conveniebat
852 4181 929 4241 enim
953 4178 1031 4239 illius
1054 4179 1208 4241 Ecclesiae
1231 4180 1327 4258 primo
1350 4178 1514 4258 Episcopo,
1537 4167 1621 4240 ut'ab
1638 4197 1675 4240 eo
1690 4180 1821 4242 instituta
1835 4180 1989 4242 diceretur

623 4277 762 4339 sacribeii
786 4278 958 4340 celebrandi
982 4277 1086 4355 lorma,
1104 4297 1180 4357 quac
1200 4277 1361 4357 antiquitus
1372 4277 1433 4338 illic
1446 4278 1617 4356 obseruata,
1632 4295 1688 4358 per
1702 4279 1867 4341 {reditionis
1880 4279 1988 4341 lineam

623 4377 660 4438 ad
684 4378 748 4458 ejus
771 4395 966 4439 successores
987 4376 1161 4458 transmissa
1186 4376 1290 4439 iuerat.

329 4471 446 4523 Ecclesia
460 4472 610 4537 tlierosoly-
711 4475 979 4555 llierosolpmitaua
1001 4475 1149 4553 Ecclesia,
1172 4483 1267 4537 mater
1290 4475 1418 4536 omnium
1441 4474 1563 4536 aliarum
1586 4474 1710 4553 dicitur,
1742 4477 1810 4556 quia
1832 4475 1930 4557 prima
1952 4475 1990 4540 ab

303 4559 396 4654 mium
419 4558 1002 4657 1118ῑθῐΕθῦῙῊροειοΙίε[ιιοοιιῑοοοῐ,
1027 4582 1118 4635 etex
1147 4575 1245 4637 Sionis
1273 4574 1455 4647 caenaculo,
1483 4575 1534 4636 ubi
1565 4574 1692 4654 Spiritus
1720 4584 1841 4638 sauctus
1870 4576 1901 4637 in
1933 4592 1990 4639 eoa

303 4658 404 4694 ''mm‘'
624 4674 833 4749 descenderat,
864 4672 1001 4752 proiecti,
1026 4673 1273 4751 praedicaverunt
1287 4673 1409 4753 ubique,
1433 4675 1608 4754 etreliquas
1624 4677 1850 4737 constituerant
1879 4675 1992 4756 Neque

624 4775 737 4837 idcirco
762 4772 989 4835 existimandum
1012 4780 1059 4833 est
1081 4772 1252 4851 ampliorem
1275 4775 1354 4835 inter
1369 4772 1626 4853 Syraslacobitas
1650 4773 1823 4857 dignitatem
1845 4782 1876 4836 et
1897 4783 1992 4838 auto-

624 4877 741 4936 ritatem
765 4871 1037 4951 llierosolynritana
1060 4870 1212 4950 Episcopo
1236 4872 1405 4934 attributam
1428 4873 1529 4936 luisse.
1561 4873 1677 4934 liabent
1699 4875 1728 4934 in
1752 4872 1991 4938 Collectionibus

625 4973 778 5035 Canonum
801 4970 875 5049 suis,
899 4968 1050 5032 Cononem
1072 4968 1233 5031 Nicaeuum
1255 4971 1304 5033 Vl.
1327 4970 1500 5054 legitimum,
1521 4972 1686 5034 secundum
1709 4991 1798 5053 quem
1819 4971 1991 5037 nioeceses

625 5075 686 5134 suis
710 5070 849 5133 limitibus
872 5070 1165 5147 circumscribuntur,
1189 5077 1219 5131 et
1241 5070 1304 5132 Vll.
1334 5073 1364 5132 in
1388 5089 1447 5150 quo
1470 5072 1608 5132 statuitur
1638 5080 1671 5133 ut
1692 5072 1797 5133 Aeliae
1817 5071 1993 5151 Episcopus

624 5172 799 5246 bmraretar,
821 5178 892 5251 post
914 5170 1100 5232 Patriarchas
1122 5168 1296 5248 Rornanum,
1319 5169 1563 5245 Alexandrinum,
1580 5179 1610 5231 et
1620 5169 1847 5234 Antiochenam.
1870 5170 1993 5254 Nempe

624 5279 711 5332 vetus
744 5270 897 5331 Canonum
926 5269 1070 5332 Collectio
1101 5269 1243 5349 Syriaca,
1275 5267 1414 5333 Canones
1441 5270 1509 5332 illas
1539 5277 1747 5350 repraesentat
1774 5278 1917 5334 accurate
1949 5287 1994 5345 ex
