5150 6534
587 831 665 906 514
1091 826 1450 904 Llrunoln

585 1016 739 1109 lugentes
768 1014 962 1103 consolare,
991 1016 1126 1086 alllictos
1153 1014 1323 1100 conforta,
1351 1034 1518 1108 pauperes
1546 1022 1579 1084 et
1605 1035 1735 1104 egenos
1768 1015 1860 1085 vitae
1893 1036 1963 1085 ne-

587 1137 744 1207 cessariis
771 1135 914 1204 instrue:
943 1130 1110 1226 orphanos
1138 1140 1172 1201 et
1197 1128 1316 1201 viduas
1344 1128 1513 1219 guberna:
1540 1131 1742 1220 navigantes
1770 1128 1812 1200 ad
1830 1138 1963 1223 portum

589 1250 713 1338 deduc,
753 1245 1042 1344 peregrinantibus
1078 1267 1191 1316 eomes
1227 1254 1320 1332 esto;
1355 1244 1552 1316 calumniam
1586 1266 1706 1340 passos
1741 1255 1774 1332 et
1809 1249 1964 1341 captiuos

565 1366 709 1438 libera:
738 1367 909 1459 oppressis
937 1373 970 1432 et
988 1361 1123 1454 direptis
1145 1360 1300 1431 auxilium
1318 1370 1351 1431 et
1367 1361 1625 1433 misericordiam
1653 1360 1793 1433 exhibe:
1822 1383 1964 1434 omnes-

590 1503 654 1575 que
689 1483 743 1575 qui
777 1485 807 1549 in
849 1478 1104 1550 necessitatibus
1141 1486 1197 1546 aut
1229 1474 1385 1570 periculis
1420 1487 1597 1548 versantur
1624 1462 1738 1570 eripe,
1774 1499 1835 1571 per
1877 1475 1965 1546 bra-

590 1595 697 1667 cluum
727 1605 815 1667 tuum
843 1591 1075 1689 insuperabile.
1128 1590 1199 1663 Eos
1229 1594 1283 1686 qui
1311 1615 1329 1662 a
1358 1591 1511 1684 malignis
1539 1591 1707 1688 spiritibus
1739 1603 1906 1664 texantur
1932 1601 1967 1662 et

592 1711 808 1799 infestantur,
834 1708 939 1781 libera
966 1732 1026 1803 per
1053 1711 1233 1801 potentiam
1262 1717 1348 1777 tuam
1381 1730 1546 1799 magnam.
1599 1708 1670 1779 Eos
1704 1712 1758 1803 qui
1793 1706 1968 1800 subjacent

594 1827 776 1898 violentiae
802 1829 999 1920 iniquitatis,
1026 1824 1132 1896 salva.
1186 1823 1252 1894 lllis
1281 1826 1336 1916 qui
1363 1835 1439 1895 sunt
1465 1827 1497 1894 io
1525 1825 1654 1909 exiliis,
1682 1834 1714 1895 et
1749 1826 1966 1918 persecutio-

591 1942 687 2016 nibus
711 1946 899 2034 jactautur,
926 1953 998 2013 esto
1026 1949 1158 2011 curator
1185 1949 1219 2009 et
1246 1939 1453 2010 consolator:
1481 1939 1543 2010 illis
1572 1942 1626 2034 qui
1661 1943 1692 2010 in
1728 1962 1866 2012 carcere
1899 1940 1967 2011 de-

592 2062 755 2145 tinentur,
784 2068 817 2127 et
844 2059 1048 2148 alligantur,
1076 2053 1260 2126 libertatem
1287 2054 1446 2126 concede.
1500 2053 1650 2126 lubrmos
1684 2077 1785 2144 sana,
1822 2077 1883 2149 eos
1912 2059 1967 2150 qui

594 2173 681 2246 male
707 2172 830 2244 habent
857 2195 953 2259 eura,
981 2170 1172 2243 confractos
1201 2169 1322 2261 alliga,
1350 2181 1383 2240 et
1409 2169 1506 2242 nobis
1534 2172 1685 2244 omnibus
1701 2174 1858 2243 serviset
1875 2170 1967 2241 ado-

593 2287 760 2361 ratoribus
788 2292 868 2376 tuis,
896 2298 1030 2381 praesta
1057 2289 1189 2356 veniam
1218 2295 1251 2355 et
1277 2288 1509 2356 remissionem
1530 2291 1672 2358 omnium
1695 2289 1968 2381 praevaricatio-

592 2427 686 2477 num:
715 2415 747 2474 et
773 2407 948 2497 unicuique
976 2401 1156 2490 auxilium,
1184 2411 1217 2471 et
1245 2401 1398 2495 quidquid
1427 2403 1505 2473 utile
1539 2425 1616 2473 esse
1652 2412 1764 2497 potest
1798 2401 1898 2472 modo
1934 2410 1969 2472 et

596 2530 748 2614 tempore
777 2521 1000 2603 convenienti,
1029 2516 1177 2588 concede
1204 2516 1360 2600 Domine,
1388 2520 1442 2609 qui
1464 2520 1530 2589 scis
1551 2521 1658 2588 omnia
1676 2530 1709 2591 et
1727 2527 1826 2613 potes
1846 2517 1970 2605 omnia,

595 2643 629 2706 et
656 2633 712 2705 tibi
740 2634 881 2726 gloriam
910 2644 943 2704 et
968 2632 1098 2703 laudem
1125 2631 1324 2715 referimus,
1352 2644 1414 2703 etc.

701 2750 862 2842 Populus.
915 2750 1035 2821 Amen.

698 2865 873 2936 Sacerdos
898 2862 1090 2935 inclinatus.
1144 2864 1313 2936 Memento
1341 2865 1483 2937 Domine
1514 2859 1694 2935 ⁰omnium
1719 2865 1850 2956 Regum
1877 2866 1969 2937 lide-

594 2984 671 3055 lium
699 2993 732 3054 et
759 2984 939 3076 principum
967 2979 1078 3074 populi
1106 2984 1172 3069 tui,
1200 2983 1253 3074 qui
1282 2991 1418 3068 eruant,
1446 2992 1480 3051 et
1500 2981 1658 3072 adjuvant
1675 2980 1862 3051 Ecclesiam
1880 2987 1970 3053 tuam

596 3109 762 3186 sanctam3
790 3108 823 3168 et
858 3075 1007 3168 concede
1043 3095 1106 3166 illis
1143 3101 1385 3187 strenuitatem,
1420 3106 1518 3190 atque
1546 3098 1720 3167 victoriam
1748 3095 1789 3166 de
1816 3093 1967 3166 hostibus

595 3217 674 3287 suis.
727 3213 895 3284 Memento
924 3214 1023 3282 etiam
1056 3211 1199 3283 Domine
1233 3215 1392 3298 orrrrrium,
1421 3217 1476 3306 qui
1503 3215 1674 3307 oppressi,
1702 3214 1971 3306 persecutionem

598 3340 631 3400 et
657 3333 890 3400 necessitatem
927 3330 1112 3422 patiuntur,
1146 3327 1287 3399 benedic
1323 3331 1391 3398 aeri
1425 3338 1458 3398 et
1491 3351 1639 3413 coronae
1676 3329 1752 3399 anni
1787 3347 1849 3420 per
1882 3348 1971 3416 gra-

598 3449 677 3516 tiam
705 3454 803 3514 tuam.

704 3559 855 3629 Elenuns
881 3581 1006 3632 coeam.
1058 3558 1103 3630 Et
1130 3581 1259 3631 omnem
1287 3559 1487 3630 altitudinem
1515 3559 1705 3631 elevantem
1739 3580 1777 3629 se
1805 3556 1971 3631 adversus

598 3677 774 3748 veritatem
809 3674 984 3745 Ecclesiae
1019 3686 1097 3746 tuae
1132 3685 1283 3760 sanctae,
1320 3675 1468 3769 deprime
1505 3685 1538 3745 et
1569 3688 1687 3747 everte
1720 3696 1782 3768 per
1813 3675 1972 3745 virtutem

598 3803 688 3863 tuam
716 3789 981 3883 insuperabilem.
1035 3789 1150 3884 Lupos
1178 3794 1277 3860 etiam
1304 3791 1507 3884 spirituales,
1536 3796 1591 3885 qui
1617 3792 1813 3862 insidiantur
1849 3788 1973 3863 ovibus

599 3910 715 4000 gregis
743 3909 789 3976 tui
816 3905 1010 3998 spiritualiS,
1042 3905 1146 3999 perde
1180 3915 1213 3975 et
1249 3905 1423 4000 disperge;
1459 3915 1558 4000 atque
1594 3908 1635 3979 ab
1674 3908 1825 3982 omuibus
1861 3909 1972 4004 plagis

600 4045 682 4116 quas
710 4025 860 4112 gravitas
888 4031 1101 4115 peccatorum
1129 4005 1317 4093 nostrorum
1346 4021 1468 4094 inducit
1494 4044 1595 4116 super
1621 4045 1702 4111 nos,
1730 4025 1825 4099 salva
1854 4049 1970 4122 popu-

599 4137 665 4208 lum
692 4147 781 4208 tuum
808 4139 968 4209 Domine:
995 4160 1014 4206 a
1042 4135 1138 4207 bellis
1166 4146 1199 4207 et
1225 4136 1527 4231 persecutionibus:
1556 4161 1575 4207 a
1598 4138 1687 4210 lame
1703 4149 1737 4211 et
1753 4141 1971 4213 mortalitate:

600 4250 641 4321 nb
669 4252 829 4322 incendiis
857 4262 890 4322 et
925 4249 1169 4323 submersione:
1205 4252 1246 4323 ab
1283 4253 1505 4341 adversitate,
1538 4251 1741 4341 rebellione,
1775 4259 1901 4348 injuriis
1939 4266 1974 4327 et

601 4365 890 4462 oppressionibus:
919 4391 938 4436 a
966 4365 1165 4454 latrociniis,
1193 4380 1226 4439 et
1253 4368 1353 4459 iuga,
1388 4368 1510 4456 exilio,
1545 4378 1579 4437 et
1612 4368 1757 4442 damnis:
1789 4395 1808 4440 a
1843 4372 1974 4444 crude-

599 4483 707 4570 litate,
736 4507 755 4554 a
783 4480 1036 4568 tentationibus,
1065 4508 1085 4554 a
1112 4481 1287 4574 flagitiosis
1315 4495 1348 4555 et
1375 4484 1494 4555 invidis
1522 4483 1724 4558 bominibus:
1751 4485 1793 4557 ab
1813 4486 1974 4559 effusione

601 4600 772 4688 sanguinis
800 4609 1006 4690 pergentes
1034 4598 1170 4671 alienas.
1224 4600 1343 4693 Neque
1370 4608 1507 4694 propter
1524 4609 1663 4694 peccata
1679 4612 1821 4674 naturae
1836 4615 1975 4675 nostrae

600 4712 751 4804 fragilis,
778 4720 811 4781 et
837 4712 966 4803 fluxae,
993 4715 1155 4787 excludas
1184 4738 1203 4786 a
1239 4713 1336 4786 nobis
1365 4715 1523 4806 juvandis
1559 4716 1716 4788 auxilium
1752 4729 1849 4789 tuum.
1904 4717 1975 4790 Sed

600 4828 776 4922 perillam
803 4830 1063 4901 misericordiam
1091 4830 1302 4901 essentialem
1329 4835 1459 4921 gratiae
1485 4841 1562 4903 tuae
1589 4831 1738 4920 divinae,
1772 4856 1876 4928 pasce
1909 4854 1974 4905 nos

600 4946 634 5013 in
661 4947 764 5037 pratis
792 4945 962 5017 custodiae
991 4957 1087 5034 tuae,
1115 4949 1190 5039 qnia
1219 4945 1392 5018 clementia
1426 4956 1481 5019 tua
1515 4969 1615 5041 super
1648 4950 1827 5022 universos
1861 4949 1974 5020 edun-

603 5058 705 5144 ditur,
733 5068 832 5152 tuque
859 5082 897 5130 es
925 5061 1104 5133 auxiliator
1131 5071 1164 5131 et
1190 5060 1355 5153 refugium
1382 5074 1548 5152 nostrum,
1583 5062 1707 5157 tibique
1742 5066 1886 5157 gloriam
1910 5086 1975 5135 re·

601 5170 758 5260 ferimuS,
785 5185 848 5246 etc.

707 5285 867 5380 Populus.
919 5292 1039 5364 Arnen.
