5150 6534
725 853 766 930 tlt
790 852 998 931 Lll'llliGIAll
1024 852 1055 930 S.
1081 852 1246 930 DIOllYSll
1272 852 1520 930 ATllllNlEllSlS
1545 851 1724 931 EPISCOPI.
1843 850 1921 927 213

543 1033 695 1100 venientis
717 1036 749 1098 in
769 1034 804 1101 ll.
827 1035 996 1119 Virginem,
1029 1035 1059 1097 in
1082 1034 1300 1098 incarnationis
1323 1035 1482 1116 mysteri0,
1505 1036 1687 1116 exprimunt.
1730 1035 1837 1098 Altera
1859 1053 1921 1098 vox

543 1133 707 1198 hebraicae
735 1134 862 1217 originis
892 1142 955 1212 est,
984 1133 1158 1215 legiturque
1186 1134 1268 1195 initio
1300 1134 1456 1197 Geueseos
1486 1151 1523 1195 eo
1552 1134 1620 1197 loco
1643 1135 1776 1214 Spiritus
1797 1133 1922 1195 Domini

542 1231 702 1311 {crebotm
724 1251 816 1312 mper
835 1250 944 1312 aquas,
969 1240 1107 1311 tanquam
1129 1232 1275 1294 incubans
1299 1239 1328 1294 et
1350 1232 1469 1309 fovens,
1492 1232 1715 1315 genitalemque
1737 1232 1919 1294 vimimmit-

545 1338 629 1393 tens:
652 1347 741 1411 quam
764 1332 995 1411 expositionem
1008 1329 1044 1392 ab
1059 1330 1211 1410 Ephremo
1233 1339 1387 1411 acceptam
1410 1330 1542 1393 laudavit
1564 1339 1595 1392 et
1617 1330 1774 1411 amplexus
1797 1331 1919 1391 estBa-

545 1429 640 1493 silius.
684 1428 737 1491 llis
759 1430 852 1513 igitur
875 1429 976 1491 verbis
998 1428 1168 1510 significant
1186 1428 1356 1491 Orientales
1379 1430 1520 1491 virtutem
1543 1428 1671 1491 coelitus
1685 1430 1816 1507 missam,
1841 1447 1918 1509 quae
1949 1442 2020 1493 lton.
2033 1443 2242 1498 sesamam

545 1528 578 1591 in
599 1526 678 1590 dona
700 1519 856 1608 proposita
878 1527 1053 1589 mirabiliter
1075 1536 1236 1607 operetur,
1260 1534 1292 1588 ut
1313 1528 1344 1588 in
1367 1528 1528 1590 creationis
1550 1529 1634 1590 initio
1658 1535 1688 1589 et
1711 1526 1919 1590 incarnatione

544 1624 656 1689 lactum
679 1633 741 1687 est:
765 1642 833 1687 nam
855 1632 984 1707 utraque
1006 1628 1243 1706 comparatione,
1266 1626 1440 1688 miraculum
1463 1625 1595 1707 quotidie
1614 1625 1919 1688 inEucharistiafieri

546 1722 666 1787 solitum
689 1724 851 1806 explicant,
875 1733 907 1786 et
929 1725 1034 1787 iisdem
1057 1724 1159 1787 verbis
1181 1733 1316 1789 utuntur.

1040 2036 1075 2104 5.
1120 2035 1153 2103 A
1181 1998 1329 2117 laccho,
1357 2037 1421 2102 etc.

555 2239 558 2244 ’
650 2236 779 2314 Suuruu
807 2247 837 2309 id
869 2265 909 2310 ex
931 2248 1048 2312 Graeca
1068 2252 1173 2314 Jacobi
1195 2250 1332 2331 Liturgia
1355 2251 1644 2332 llierosolmnitanae
1666 2249 1822 2313 Ecclesiae
1844 2268 1922 2330 pro-

547 2352 630 2435 pria,
659 2370 738 2432 quae
761 2350 882 2413 lundata
906 2370 924 2413 a
945 2353 1060 2415 Jacobo
1082 2354 1177 2416 fratre
1200 2354 1329 2431 Domini,
1353 2353 1581 2415 successionem
1604 2352 1675 2416 lrdei
1697 2360 1728 2415 et
1751 2351 1921 2415 cathedrae

548 2449 587 2513 ad
610 2469 678 2513 eum
699 2451 807 2512 merito
830 2450 998 2529 referebat,
1027 2471 1126 2533 neque
1155 2456 1279 2534 proprie
1303 2452 1340 2514 ad
1362 2451 1581 2513 Antiochenam
1603 2450 1770 2513 Ecclesiam
1792 2470 1809 2514 a
1833 2452 1922 2513 Petro

548 2546 699 2610 fundatam
722 2548 903 2627 pertinebat.
949 2550 1009 2613 Sed
1039 2570 1106 2614 cum
1129 2570 1195 2614 eam
1221 2552 1385 2633 liturgiam
1408 2552 1437 2611 in
1459 2552 1558 2613 vicina
1581 2549 1746 2612 Palaestina
1768 2550 1921 2611 celebrem

548 2647 644 2710 adse
667 2647 899 2724 transtulissent,
922 2650 997 2712 hane
1020 2649 1176 2713 formulam
1199 2652 1403 2713 retinuerunt:
1427 2656 1458 2711 et
1480 2667 1515 2710 ca
1540 2665 1676 2728 quoque,
1700 2657 1732 2711 ut
1755 2647 1835 2725 alibi,
1860 2665 1920 2708 no-

547 2753 641 2808 tatum
655 2752 702 2807 est
713 2743 869 2809 Jacobitae
885 2748 969 2810 abusi
984 2744 1062 2811 sunt.
1084 2748 1128 2810 lta
1140 2749 1218 2810 enim
1230 2748 1499 2811 denominationem
1512 2766 1600 2827 quam
1618 2747 1920 2810 alacoboBaradato

548 2845 613 2907 sive
636 2843 766 2907 Zanzalo
789 2862 843 2907 eos
866 2848 1034 2928 accepisse,
1058 2846 1167 2910 Graeci
1189 2855 1323 2926 autores,
1346 2865 1407 2908 non
1430 2847 1526 2909 minus
1551 2864 1639 2926 quam
1659 2845 1919 2908 Orientaleslllel-
1964 2897 1969 2909 .

548 2940 649 3004 ciritae
671 2949 702 3004 et
724 2941 898 3006 Nestoriani
919 2951 1084 3026 testantur,
1108 2945 1145 3006 ad
1168 2945 1346 3027 Apostolum
1369 2944 1516 3008 referunt.
1634 3005 1637 3011 .

826 3254 861 3325 6.
902 3253 1058 3348 Simplex
1085 3260 1143 3350 qui
1169 3257 1215 3325 ad
1241 3257 1517 3346 compositionem
1542 3256 1643 3323 venit.

650 3457 744 3534 Hanc
767 3472 861 3535 verba
885 3476 980 3556 magis
1003 3475 1156 3537 rhetorice
1179 3494 1267 3557 quam
1291 3474 1474 3556 Theologice
1503 3473 1598 3548 dicta,
1629 3470 1724 3530 minus
1753 3477 1838 3531 recte
1866 3468 1923 3530 la-

549 3571 716 3634 cubiturum
739 3577 911 3655 opinionem
931 3578 1096 3658 explicant.
1130 3577 1195 3640 Nec
1206 3577 1284 3640 enim
1296 3577 1541 3657 compositionem
1553 3578 1731 3655 agnoscunt,
1755 3573 1812 3633 nisi
1825 3574 1922 3653 qualis

549 3678 597 3759 cst
619 3669 670 3732 illa
692 3689 770 3752 quae
792 3675 822 3734 in
845 3663 981 3755 symbolo
1004 3676 1159 3738 Athanasii
1183 3676 1274 3753 dicto,
1299 3676 1435 3737 habetur.
1479 3673 1565 3734 Sicut
1587 3672 1690 3733 amoro
1711 3673 1874 3733 rationulis
1896 3680 1926 3732 et

550 3786 625 3830 maro
647 3789 726 3832 umus
746 3773 918 3848 esthemo,
949 3777 993 3836 ito
1015 3775 1099 3836 Deua
1120 3783 1150 3835 et
1170 3775 1258 3836 domo
1279 3792 1357 3835 unua
1378 3780 1424 3833 est
1446 3771 1600 3845 Christus,
1630 3788 1708 3850 quae
1737 3771 1922 3849 comparatio

550 3868 686 3947 quamvis
715 3887 732 3930 a
762 3871 911 3933 nonnullis
942 3873 1077 3934 Patribus
1108 3879 1266 3953 usurpata,
1295 3871 1436 3933 Facundo
1464 3878 1495 3932 et
1523 3869 1588 3931 aliis
1612 3888 1672 3931 non
1695 3869 1816 3949 placuit,
1862 3866 1922 3929 Sed
1971 3879 1999 3930 t.
2017 3878 2043 3931 9.
2059 3897 2085 3947 p.
2104 3879 2166 3934 ³95.

550 3957 621 4026 dum
643 3984 732 4029 unam
755 3976 890 4031 naturam
912 3971 1106 4052 profitentur,
1136 3974 1178 4032 ita
1201 3969 1408 4033 confusionem
1431 3969 1660 4048 riristionemque
1683 3966 1863 4042 excludunt,
1891 3973 1924 4027 ut

551 4068 732 4146 compositio
755 4071 877 4148 proprie
900 4068 979 4131 dicta
1001 4069 1082 4147 nulla
1104 4071 1159 4147 sit,
1189 4069 1245 4130 uisi
1276 4075 1424 4147 quatenus
1454 4084 1586 4128 summae
1609 4064 1825 4146 perfectaeque
1849 4064 1925 4125 sim-

552 4158 678 4241 plicitati
697 4165 752 4227 ilci
775 4168 948 4247 opponitur,
968 4185 1055 4248 quam
1076 4185 1135 4229 non
1158 4168 1248 4231 habet
1260 4166 1350 4228 horno
1364 4174 1513 4228 assumtus
1530 4183 1570 4226 ex
1582 4165 1717 4247 Virgine,
1733 4164 1782 4225 cui
1794 4162 1926 4224 Verbum

552 4277 626 4322 caro
650 4259 759 4325 iactum
782 4266 851 4326 dum
881 4266 993 4328 unitum
1024 4274 1086 4344 est,
1118 4268 1148 4327 in
1180 4264 1336 4346 quamdam
1359 4263 1605 4344 compositionem
1628 4263 1721 4324 venit·
1767 4261 1827 4324 Sed
1850 4260 1926 4322 haec

554 4356 626 4421 alibi
647 4364 815 4426 accuratius
839 4364 1079 4443 explicabuntur.
