<?xml version="1.0" encoding="UTF-8"?>
<!DOCTYPE html PUBLIC "-//W3C//DTD XHTML 1.0 Transitional//EN"
    "http://www.w3.org/TR/xhtml1/DTD/xhtml1-transitional.dtd">
<html xmlns="http://www.w3.org/1999/xhtml" xml:lang="en" lang="en">
 <head>
  <title>
</title>
<meta http-equiv="Content-Type" content="text/html;charset=utf-8" />
  <meta name='ocr-system' content='tesseract 3.04.00' />
  <meta name='ocr-capabilities' content='ocr_page ocr_carea ocr_par ocr_line ocrx_word'/>
</head>
<body>
  <div class='ocr_page' id='page_1' title='image "./liturgiarumorie00renagoog_0062.png"; bbox 0 0 5150 6534; ppageno 0'>
   <div class='ocr_carea' id='block_1_1' title="bbox 724 832 1717 912">
    <p class='ocr_par' dir='ltr' id='par_1_1' title="bbox 724 832 1717 912">
     <span class='ocr_line' id='line_1_1' title="bbox 724 832 1717 912; baseline 0 -4"><span class='ocrx_word' id='word_1_1' title='bbox 724 833 778 909; x_wconf 79' lang='lat'>24</span> <span class='ocrx_word' id='word_1_2' title='bbox 1110 832 1717 912; x_wconf 77' lang='lat' dir='ltr'>ohoocohhohls</span> 
     </span>
    </p>
   </div>
   <div class='ocr_carea' id='block_1_2' title="bbox 694 1019 2208 3545">
    <p class='ocr_par' dir='ltr' id='par_1_2' title="bbox 721 1019 2096 1233">
     <span class='ocr_line' id='line_1_2' title="bbox 721 1019 2096 1115; baseline 0 -23"><span class='ocrx_word' id='word_1_3' title='bbox 721 1024 801 1114; x_wconf 79' lang='lat' dir='ltr'>igne</span> <span class='ocrx_word' id='word_1_4' title='bbox 827 1021 1090 1114; x_wconf 77' lang='lat' dir='ltr'>inextinguibili,</span> <span class='ocrx_word' id='word_1_5' title='bbox 1118 1021 1305 1115; x_wconf 87' lang='lat' dir='ltr'>dignusque</span> <span class='ocrx_word' id='word_1_6' title='bbox 1332 1022 1454 1095; x_wconf 88' lang='lat' dir='ltr'>efficiar</span> <span class='ocrx_word' id='word_1_7' title='bbox 1479 1022 1678 1092; x_wconf 83' lang='lat' dir='ltr'>remissione</span> <span class='ocrx_word' id='word_1_8' title='bbox 1704 1029 1918 1112; x_wconf 87' lang='lat' dir='ltr'>peccatorum</span> <span class='ocrx_word' id='word_1_9' title='bbox 1945 1029 1980 1091; x_wconf 87' lang='lat' dir='ltr'>et</span> <span class='ocrx_word' id='word_1_10' title='bbox 2006 1019 2096 1092; x_wconf 90' lang='lat' dir='ltr'>deli-</span> 
     </span>
     <span class='ocr_line' id='line_1_3' title="bbox 723 1136 2033 1233; baseline -0.003 -22"><span class='ocrx_word' id='word_1_11' title='bbox 723 1147 871 1229; x_wconf 91' lang='lat' dir='ltr'>ctorum,</span> <span class='ocrx_word' id='word_1_12' title='bbox 898 1142 983 1210; x_wconf 90' lang='lat' dir='ltr'>sicut</span> <span class='ocrx_word' id='word_1_13' title='bbox 1008 1142 1182 1233; x_wconf 77' lang='lat' dir='ltr'>peccatrix</span> <span class='ocrx_word' id='word_1_14' title='bbox 1209 1147 1242 1209; x_wconf 90' lang='lat' dir='ltr'>et</span> <span class='ocrx_word' id='word_1_15' title='bbox 1267 1137 1370 1211; x_wconf 90' lang='lat' dir='ltr'>latro:</span> <span class='ocrx_word' id='word_1_16' title='bbox 1396 1139 1541 1210; x_wconf 85' lang='lat' dir='ltr'>Domine</span> <span class='ocrx_word' id='word_1_17' title='bbox 1566 1138 1660 1208; x_wconf 91' lang='lat' dir='ltr'>Deus</span> <span class='ocrx_word' id='word_1_18' title='bbox 1686 1146 1801 1207; x_wconf 90' lang='lat' dir='ltr'>noster</span> <span class='ocrx_word' id='word_1_19' title='bbox 1827 1137 1860 1205; x_wconf 90' lang='lat' dir='ltr'>in</span> <span class='ocrx_word' id='word_1_20' title='bbox 1887 1136 2033 1209; x_wconf 89' lang='lat' dir='ltr'>saecula.</span> 
     </span>
    </p>

    <p class='ocr_par' dir='ltr' id='par_1_3' title="bbox 724 1254 2097 1675">
     <span class='ocr_line' id='line_1_4' title="bbox 828 1254 2097 1348; baseline 0 -23"><span class='ocrx_word' id='word_1_21' title='bbox 828 1255 876 1326; x_wconf 79' lang='lat' dir='ltr'>m</span> <span class='ocrx_word' id='word_1_22' title='bbox 908 1278 981 1325; x_wconf 90' lang='lat' dir='ltr'>cum</span> <span class='ocrx_word' id='word_1_23' title='bbox 1014 1257 1236 1325; x_wconf 79' lang='lat' dir='ltr'>communicat</span> <span class='ocrx_word' id='word_1_24' title='bbox 1268 1255 1368 1325; x_wconf 86' lang='lat' dir='ltr'>dicit:</span> <span class='ocrx_word' id='word_1_25' title='bbox 1410 1254 1577 1325; x_wconf 88' lang='lat' dir='ltr'>Particula</span> <span class='ocrx_word' id='word_1_26' title='bbox 1607 1254 1836 1347; x_wconf 89' lang='lat' dir='ltr'>propitiatoria</span> <span class='ocrx_word' id='word_1_27' title='bbox 1877 1256 2030 1348; x_wconf 86' lang='lat' dir='ltr'>corporis</span> <span class='ocrx_word' id='word_1_28' title='bbox 2063 1262 2097 1325; x_wconf 89' lang='lat' dir='ltr'>et</span> 
     </span>
     <span class='ocr_line' id='line_1_5' title="bbox 724 1369 2096 1464; baseline -0.004 -19"><span class='ocrx_word' id='word_1_29' title='bbox 724 1373 894 1464; x_wconf 80' lang='lat' dir='ltr'>sanguinis</span> <span class='ocrx_word' id='word_1_30' title='bbox 923 1369 1045 1443; x_wconf 78' lang='lat' dir='ltr'>Christi</span> <span class='ocrx_word' id='word_1_31' title='bbox 1076 1370 1157 1460; x_wconf 91' lang='lat' dir='ltr'>Dei,</span> <span class='ocrx_word' id='word_1_32' title='bbox 1190 1370 1286 1441; x_wconf 86' lang='lat' dir='ltr'>datur</span> <span class='ocrx_word' id='word_1_33' title='bbox 1319 1393 1422 1444; x_wconf 92' lang='lat' dir='ltr'>servo</span> <span class='ocrx_word' id='word_1_34' title='bbox 1454 1369 1583 1441; x_wconf 84' lang='lat' dir='ltr'>infirmo</span> <span class='ocrx_word' id='word_1_35' title='bbox 1619 1378 1653 1440; x_wconf 92' lang='lat' dir='ltr'>et</span> <span class='ocrx_word' id='word_1_36' title='bbox 1684 1371 1855 1463; x_wconf 79' lang='lat' dir='ltr'>peccatori</span> <span class='ocrx_word' id='word_1_37' title='bbox 1888 1369 1929 1440; x_wconf 98' lang='lat' dir='ltr'>ad</span> <span class='ocrx_word' id='word_1_38' title='bbox 1961 1371 2096 1441; x_wconf 87' lang='lat' dir='ltr'>veniam</span> 
     </span>
     <span class='ocr_line' id='line_1_6' title="bbox 726 1483 2097 1582; baseline -0.001 -24"><span class='ocrx_word' id='word_1_39' title='bbox 726 1486 921 1559; x_wconf 90' lang='lat' dir='ltr'>delictomm</span> <span class='ocrx_word' id='word_1_40' title='bbox 949 1497 982 1558; x_wconf 88' lang='lat' dir='ltr'>et</span> <span class='ocrx_word' id='word_1_41' title='bbox 1007 1489 1243 1559; x_wconf 89' lang='lat' dir='ltr'>remissionem</span> <span class='ocrx_word' id='word_1_42' title='bbox 1269 1497 1485 1582; x_wconf 89' lang='lat' dir='ltr'>peccatomm</span> <span class='ocrx_word' id='word_1_43' title='bbox 1510 1490 1545 1557; x_wconf 89' lang='lat' dir='ltr'>in</span> <span class='ocrx_word' id='word_1_44' title='bbox 1570 1483 1873 1579; x_wconf 89' lang='lat' dir='ltr'>utroquesaeculo,</span> <span class='ocrx_word' id='word_1_45' title='bbox 1900 1488 1936 1556; x_wconf 91' lang='lat' dir='ltr'>in</span> <span class='ocrx_word' id='word_1_46' title='bbox 1962 1485 2097 1558; x_wconf 86' lang='lat' dir='ltr'>saecula</span> 
     </span>
     <span class='ocr_line' id='line_1_7' title="bbox 725 1602 1121 1675; baseline -0.008 0"><span class='ocrx_word' id='word_1_47' title='bbox 725 1602 944 1675; x_wconf 89' lang='lat' dir='ltr'>saeculorum.</span> <span class='ocrx_word' id='word_1_48' title='bbox 1001 1603 1121 1674; x_wconf 74' lang='grc' dir='ltr'>Απιθη.</span> 
     </span>
    </p>

    <p class='ocr_par' dir='ltr' id='par_1_4' title="bbox 723 1716 2098 2274">
     <span class='ocr_line' id='line_1_8' title="bbox 754 1716 2098 1811; baseline 0.002 -29"><span class='ocrx_word' id='word_1_49' title='bbox 754 1778 757 1782; x_wconf 84' lang='grc'>,</span> <span class='ocrx_word' id='word_1_50' title='bbox 826 1719 874 1788; x_wconf 83' lang='lat' dir='ltr'>Et</span> <span class='ocrx_word' id='word_1_51' title='bbox 897 1742 970 1788; x_wconf 92' lang='lat' dir='ltr'>cum</span> <span class='ocrx_word' id='word_1_52' title='bbox 992 1718 1078 1788; x_wconf 87' lang='lat' dir='ltr'>bibit</span> <span class='ocrx_word' id='word_1_53' title='bbox 1102 1740 1148 1789; x_wconf 83' lang='lat' dir='ltr'>ec</span> <span class='ocrx_word' id='word_1_54' title='bbox 1173 1718 1302 1807; x_wconf 86' lang='lat' dir='ltr'>cal—ica,</span> <span class='ocrx_word' id='word_1_55' title='bbox 1332 1720 1426 1789; x_wconf 83' lang='lat' dir='ltr'>dicit.</span> <span class='ocrx_word' id='word_1_56' title='bbox 1452 1716 1618 1788; x_wconf 89' lang='lat' dir='ltr'>Particula</span> <span class='ocrx_word' id='word_1_57' title='bbox 1633 1718 1862 1811; x_wconf 88' lang='lat' dir='ltr'>propitiatoria</span> <span class='ocrx_word' id='word_1_58' title='bbox 1881 1717 2035 1811; x_wconf 91' lang='lat' dir='ltr'>corporis</span> <span class='ocrx_word' id='word_1_59' title='bbox 2063 1723 2098 1785; x_wconf 90' lang='lat' dir='ltr'>et</span> 
     </span>
     <span class='ocr_line' id='line_1_9' title="bbox 723 1832 2095 1927; baseline -0.004 -20"><span class='ocrx_word' id='word_1_60' title='bbox 723 1837 895 1927; x_wconf 81' lang='lat' dir='ltr'>sanguinis</span> <span class='ocrx_word' id='word_1_61' title='bbox 923 1833 1047 1906; x_wconf 80' lang='lat' dir='ltr'>Christi</span> <span class='ocrx_word' id='word_1_62' title='bbox 1073 1833 1137 1905; x_wconf 91' lang='lat' dir='ltr'>Dei</span> <span class='ocrx_word' id='word_1_63' title='bbox 1163 1837 1289 1923; x_wconf 90' lang='lat' dir='ltr'>nostri,</span> <span class='ocrx_word' id='word_1_64' title='bbox 1323 1834 1419 1906; x_wconf 91' lang='lat' dir='ltr'>datur</span> <span class='ocrx_word' id='word_1_65' title='bbox 1453 1833 1630 1906; x_wconf 76' lang='lat' dir='ltr'>Sacerdoti</span> <span class='ocrx_word' id='word_1_66' title='bbox 1664 1832 1875 1920; x_wconf 88' lang='lat' dir='ltr'>venerando,</span> <span class='ocrx_word' id='word_1_67' title='bbox 1910 1853 2095 1904; x_wconf 88' lang='lat' dir='ltr'>oeconomo</span> 
     </span>
     <span class='ocr_line' id='line_1_10' title="bbox 725 1946 2097 2046; baseline -0.003 -25"><span class='ocrx_word' id='word_1_68' title='bbox 725 1950 842 2023; x_wconf 90' lang='lat' dir='ltr'>domus</span> <span class='ocrx_word' id='word_1_69' title='bbox 869 1950 951 2038; x_wconf 90' lang='lat' dir='ltr'>Dei,</span> <span class='ocrx_word' id='word_1_70' title='bbox 980 1954 1035 2044; x_wconf 93' lang='lat' dir='ltr'>qui</span> <span class='ocrx_word' id='word_1_71' title='bbox 1066 1948 1173 2021; x_wconf 86' lang='lat' dir='ltr'>fundit</span> <span class='ocrx_word' id='word_1_72' title='bbox 1198 1972 1319 2046; x_wconf 90' lang='lat' dir='ltr'>preces</span> <span class='ocrx_word' id='word_1_73' title='bbox 1353 1972 1438 2045; x_wconf 88' lang='lat' dir='ltr'>quae</span> <span class='ocrx_word' id='word_1_74' title='bbox 1470 1948 1704 2033; x_wconf 88' lang='lat' dir='ltr'>exaudiuntur,</span> <span class='ocrx_word' id='word_1_75' title='bbox 1737 1948 1903 2041; x_wconf 83' lang='lat' dir='ltr'>offertque</span> <span class='ocrx_word' id='word_1_76' title='bbox 1935 1946 2097 2019; x_wconf 82' lang='lat' dir='ltr'>sacrificia</span> 
     </span>
     <span class='ocr_line' id='line_1_11' title="bbox 723 2060 2095 2162; baseline -0.004 -24"><span class='ocrx_word' id='word_1_77' title='bbox 723 2065 962 2161; x_wconf 74' lang='lat' dir='ltr'>acceptabilia,</span> <span class='ocrx_word' id='word_1_78' title='bbox 995 2066 1243 2161; x_wconf 87' lang='lat' dir='ltr'>custoditurque</span> <span class='ocrx_word' id='word_1_79' title='bbox 1277 2070 1474 2162; x_wconf 89' lang='lat' dir='ltr'>aprincipe</span> <span class='ocrx_word' id='word_1_80' title='bbox 1503 2067 1680 2137; x_wconf 88' lang='lat' dir='ltr'>Pastorum</span> <span class='ocrx_word' id='word_1_81' title='bbox 1714 2060 1856 2135; x_wconf 84' lang='lat' dir='ltr'>Christo.</span> <span class='ocrx_word' id='word_1_82' title='bbox 1918 2063 2095 2135; x_wconf 88' lang='lat' dir='ltr'>Orationes</span> 
     </span>
     <span class='ocr_line' id='line_1_12' title="bbox 723 2179 1906 2274; baseline 0 -22"><span class='ocrx_word' id='word_1_83' title='bbox 723 2182 809 2253; x_wconf 88' lang='lat' dir='ltr'>illius</span> <span class='ocrx_word' id='word_1_84' title='bbox 836 2185 901 2254; x_wconf 88' lang='lat' dir='ltr'>sint</span> <span class='ocrx_word' id='word_1_85' title='bbox 926 2179 1110 2253; x_wconf 91' lang='lat' dir='ltr'>nobiscum.</span> <span class='ocrx_word' id='word_1_86' title='bbox 1165 2182 1285 2253; x_wconf 88' lang='lat' dir='ltr'>Amen.</span> <span class='ocrx_word' id='word_1_87' title='bbox 1903 2269 1906 2274; x_wconf 17' lang='grc' dir='ltr'>ι</span> 
     </span>
    </p>

    <p class='ocr_par' dir='ltr' id='par_1_5' title="bbox 723 2296 2097 2620">
     <span class='ocr_line' id='line_1_13' title="bbox 827 2296 2094 2370; baseline 0.001 -2"><span class='ocrx_word' id='word_1_88' title='bbox 827 2298 886 2368; x_wconf 87' lang='lat' dir='ltr'>Ad</span> <span class='ocrx_word' id='word_1_89' title='bbox 911 2298 1112 2368; x_wconf 78' lang='lat' dir='ltr'>Diaconum.</span> <span class='ocrx_word' id='word_1_90' title='bbox 1139 2297 1306 2370; x_wconf 88' lang='lat' dir='ltr'>Modesto.</span> <span class='ocrx_word' id='word_1_91' title='bbox 1334 2298 1415 2369; x_wconf 86' lang='lat' dir='ltr'>Aut.</span> <span class='ocrx_word' id='word_1_92' title='bbox 1442 2296 1608 2370; x_wconf 88' lang='lat' dir='ltr'>Monacbo</span> <span class='ocrx_word' id='word_1_93' title='bbox 1635 2299 1826 2370; x_wconf 90' lang='lat' dir='ltr'>Antoniano</span> <span class='ocrx_word' id='word_1_94' title='bbox 1855 2296 2094 2369; x_wconf 88' lang='lat' dir='ltr'>etOeconomo</span> 
     </span>
     <span class='ocr_line' id='line_1_14' title="bbox 724 2412 2097 2507; baseline -0.001 -22"><span class='ocrx_word' id='word_1_95' title='bbox 724 2413 841 2485; x_wconf 92' lang='lat' dir='ltr'>domus</span> <span class='ocrx_word' id='word_1_96' title='bbox 867 2414 949 2499; x_wconf 89' lang='lat' dir='ltr'>Dei,</span> <span class='ocrx_word' id='word_1_97' title='bbox 979 2412 1021 2484; x_wconf 89' lang='lat' dir='ltr'>ad</span> <span class='ocrx_word' id='word_1_98' title='bbox 1046 2415 1314 2507; x_wconf 88' lang='lat' dir='ltr'>propitiationem</span> <span class='ocrx_word' id='word_1_99' title='bbox 1341 2413 1536 2486; x_wconf 88' lang='lat' dir='ltr'>delictorum</span> <span class='ocrx_word' id='word_1_100' title='bbox 1553 2417 1637 2505; x_wconf 89' lang='lat' dir='ltr'>ejus,</span> <span class='ocrx_word' id='word_1_101' title='bbox 1666 2424 1699 2485; x_wconf 92' lang='lat' dir='ltr'>et</span> <span class='ocrx_word' id='word_1_102' title='bbox 1713 2417 1943 2486; x_wconf 90' lang='lat' dir='ltr'>remissionem</span> <span class='ocrx_word' id='word_1_103' title='bbox 1967 2434 2097 2507; x_wconf 89' lang='lat' dir='ltr'>pecca-</span> 
     </span>
     <span class='ocr_line' id='line_1_15' title="bbox 723 2528 1750 2620; baseline -0.002 -19"><span class='ocrx_word' id='word_1_104' title='bbox 723 2539 832 2601; x_wconf 90' lang='lat' dir='ltr'>torum</span> <span class='ocrx_word' id='word_1_105' title='bbox 859 2531 942 2620; x_wconf 84' lang='lat' dir='ltr'>ejus</span> <span class='ocrx_word' id='word_1_106' title='bbox 996 2528 1175 2600; x_wconf 79' lang='lat' dir='ltr'>OratIones</span> <span class='ocrx_word' id='word_1_107' title='bbox 1204 2531 1276 2619; x_wconf 89' lang='lat' dir='ltr'>ejus</span> <span class='ocrx_word' id='word_1_108' title='bbox 1304 2532 1368 2601; x_wconf 90' lang='lat' dir='ltr'>sint</span> <span class='ocrx_word' id='word_1_109' title='bbox 1392 2528 1577 2601; x_wconf 87' lang='lat' dir='ltr'>nobiscum.</span> <span class='ocrx_word' id='word_1_110' title='bbox 1629 2529 1750 2601; x_wconf 80' lang='lat' dir='ltr'>Amen.</span> 
     </span>
    </p>

    <p class='ocr_par' dir='ltr' id='par_1_6' title="bbox 694 2627 2208 2971">
     <span class='ocr_line' id='line_1_16' title="bbox 694 2627 2208 2737; baseline 0 -22"><span class='ocrx_word' id='word_1_111' title='bbox 694 2666 704 2677; x_wconf 91' lang='lat'><strong>·</strong></span> <span class='ocrx_word' id='word_1_112' title='bbox 827 2643 1002 2715; x_wconf 82' lang='lat' dir='ltr'>Sacerdos</span> <span class='ocrx_word' id='word_1_113' title='bbox 1030 2650 1153 2737; x_wconf 86' lang='lat' dir='ltr'>portat</span> <span class='ocrx_word' id='word_1_114' title='bbox 1188 2643 1316 2715; x_wconf 84' lang='lat' dir='ltr'>diacum</span> <span class='ocrx_word' id='word_1_115' title='bbox 1346 2648 1382 2714; x_wconf 88' lang='lat' dir='ltr'>iu</span> <span class='ocrx_word' id='word_1_116' title='bbox 1415 2646 1561 2716; x_wconf 79' lang='lat' dir='ltr'>deutera</span> <span class='ocrx_word' id='word_1_117' title='bbox 1586 2670 1667 2715; x_wconf 81' lang='lat' dir='ltr'>aaa:</span> <span class='ocrx_word' id='word_1_118' title='bbox 1701 2644 1840 2715; x_wconf 89' lang='lat' dir='ltr'>calicem</span> <span class='ocrx_word' id='word_1_119' title='bbox 1873 2648 1909 2714; x_wconf 85' lang='lat' dir='ltr'>iu</span> <span class='ocrx_word' id='word_1_120' title='bbox 1943 2647 2110 2733; x_wconf 78' lang='lat' dir='ltr'>sinistra,-</span> <span class='ocrx_word' id='word_1_121' title='bbox 2206 2627 2208 2632; x_wconf 33' lang='lat'><strong>¹</strong></span> 
     </span>
     <span class='ocr_line' id='line_1_17' title="bbox 722 2759 2095 2855; baseline -0.001 -22"><span class='ocrx_word' id='word_1_122' title='bbox 722 2765 882 2855; x_wconf 83' lang='lat' dir='ltr'>acuitque</span> <span class='ocrx_word' id='word_1_123' title='bbox 908 2784 931 2830; x_wconf 90' lang='lat' dir='ltr'>a</span> <span class='ocrx_word' id='word_1_124' title='bbox 957 2759 1066 2830; x_wconf 83' lang='lat' dir='ltr'>latera</span> <span class='ocrx_word' id='word_1_125' title='bbox 1091 2759 1365 2854; x_wconf 82' lang='lat' dir='ltr'>Septentriouali</span> <span class='ocrx_word' id='word_1_126' title='bbox 1391 2761 1438 2831; x_wconf 90' lang='lat' dir='ltr'>ad</span> <span class='ocrx_word' id='word_1_127' title='bbox 1462 2761 1647 2831; x_wconf 69' lang='lat' dir='ltr'>nostrate:</span> <span class='ocrx_word' id='word_1_128' title='bbox 1674 2784 1747 2831; x_wconf 82' lang='lat' dir='ltr'>crum</span> <span class='ocrx_word' id='word_1_129' title='bbox 1767 2783 1850 2831; x_wconf 85' lang='lat' dir='ltr'>aero</span> <span class='ocrx_word' id='word_1_130' title='bbox 1874 2765 2095 2850; x_wconf 75' lang='lat' dir='ltr'>conuertitur,</span> 
     </span>
     <span class='ocr_line' id='line_1_18' title="bbox 725 2876 1924 2971; baseline -0.003 -22"><span class='ocrx_word' id='word_1_131' title='bbox 725 2878 838 2949; x_wconf 85' lang='lat' dir='ltr'>eleuat</span> <span class='ocrx_word' id='word_1_132' title='bbox 865 2877 1021 2947; x_wconf 82' lang='lat' dir='ltr'>deutrum</span> <span class='ocrx_word' id='word_1_133' title='bbox 1046 2899 1150 2948; x_wconf 80' lang='lat' dir='ltr'>auam.</span> <span class='ocrx_word' id='word_1_134' title='bbox 1207 2876 1352 2971; x_wconf 83' lang='lat' dir='ltr'>Cumque</span> <span class='ocrx_word' id='word_1_135' title='bbox 1379 2878 1598 2970; x_wconf 78' lang='lat' dir='ltr'>eprediuuiur</span> <span class='ocrx_word' id='word_1_136' title='bbox 1624 2880 1803 2968; x_wconf 69' lang='lat' dir='ltr'>ripuaria,</span> <span class='ocrx_word' id='word_1_137' title='bbox 1832 2878 1924 2946; x_wconf 89' lang='lat' dir='ltr'>dicit.</span> 
     </span>
    </p>

    <p class='ocr_par' dir='ltr' id='par_1_7' title="bbox 722 2989 2097 3410">
     <span class='ocr_line' id='line_1_19' title="bbox 826 2989 2097 3087; baseline 0.001 -25"><span class='ocrx_word' id='word_1_138' title='bbox 826 2991 884 3062; x_wconf 86' lang='lat' dir='ltr'>Ex</span> <span class='ocrx_word' id='word_1_139' title='bbox 919 2989 1014 3061; x_wconf 92' lang='lat' dir='ltr'>altari</span> <span class='ocrx_word' id='word_1_140' title='bbox 1056 3001 1111 3063; x_wconf 92' lang='lat' dir='ltr'>tuo</span> <span class='ocrx_word' id='word_1_141' title='bbox 1154 2995 1384 3087; x_wconf 86' lang='lat' dir='ltr'>propitiatorio</span> <span class='ocrx_word' id='word_1_142' title='bbox 1425 2991 1605 3064; x_wconf 89' lang='lat' dir='ltr'>descendat</span> <span class='ocrx_word' id='word_1_143' title='bbox 1637 2996 1738 3063; x_wconf 88' lang='lat' dir='ltr'>venia</span> <span class='ocrx_word' id='word_1_144' title='bbox 1777 2990 1819 3061; x_wconf 92' lang='lat' dir='ltr'>ad</span> <span class='ocrx_word' id='word_1_145' title='bbox 1853 3013 1974 3064; x_wconf 91' lang='lat' dir='ltr'>servos</span> <span class='ocrx_word' id='word_1_146' title='bbox 2007 3002 2097 3079; x_wconf 90' lang='lat' dir='ltr'>tuos,</span> 
     </span>
     <span class='ocr_line' id='line_1_20' title="bbox 723 3106 2095 3201; baseline 0 -21"><span class='ocrx_word' id='word_1_147' title='bbox 723 3108 788 3181; x_wconf 86' lang='lat' dir='ltr'>Fili</span> <span class='ocrx_word' id='word_1_148' title='bbox 812 3108 896 3197; x_wconf 92' lang='lat' dir='ltr'>Dei,</span> <span class='ocrx_word' id='word_1_149' title='bbox 924 3109 979 3200; x_wconf 89' lang='lat' dir='ltr'>qui</span> <span class='ocrx_word' id='word_1_150' title='bbox 1004 3110 1126 3179; x_wconf 85' lang='lat' dir='ltr'>venisti</span> <span class='ocrx_word' id='word_1_151' title='bbox 1153 3107 1362 3180; x_wconf 90' lang='lat' dir='ltr'>adsalutem</span> <span class='ocrx_word' id='word_1_152' title='bbox 1388 3117 1554 3198; x_wconf 91' lang='lat' dir='ltr'>nostram,</span> <span class='ocrx_word' id='word_1_153' title='bbox 1581 3118 1808 3201; x_wconf 89' lang='lat' dir='ltr'>venturusque</span> <span class='ocrx_word' id='word_1_154' title='bbox 1835 3130 1873 3179; x_wconf 91' lang='lat' dir='ltr'>es</span> <span class='ocrx_word' id='word_1_155' title='bbox 1901 3106 1944 3177; x_wconf 90' lang='lat' dir='ltr'>ad</span> <span class='ocrx_word' id='word_1_156' title='bbox 1974 3131 2095 3180; x_wconf 90' lang='lat' dir='ltr'>resur-</span> 
     </span>
     <span class='ocr_line' id='line_1_21' title="bbox 722 3222 2094 3315; baseline 0.001 -23"><span class='ocrx_word' id='word_1_157' title='bbox 722 3224 906 3293; x_wconf 88' lang='lat' dir='ltr'>rectionem</span> <span class='ocrx_word' id='word_1_158' title='bbox 941 3232 1106 3314; x_wconf 86' lang='lat' dir='ltr'>nostram,</span> <span class='ocrx_word' id='word_1_159' title='bbox 1146 3234 1180 3296; x_wconf 89' lang='lat' dir='ltr'>et</span> <span class='ocrx_word' id='word_1_160' title='bbox 1211 3224 1257 3313; x_wconf 43' lang='lat' dir='ltr'>,ad</span> <span class='ocrx_word' id='word_1_161' title='bbox 1291 3228 1543 3297; x_wconf 91' lang='lat' dir='ltr'>renovationem</span> <span class='ocrx_word' id='word_1_162' title='bbox 1577 3226 1713 3315; x_wconf 87' lang='lat' dir='ltr'>generis</span> <span class='ocrx_word' id='word_1_163' title='bbox 1744 3226 1849 3293; x_wconf 90' lang='lat' dir='ltr'>nostri</span> <span class='ocrx_word' id='word_1_164' title='bbox 1883 3226 1919 3294; x_wconf 87' lang='lat' dir='ltr'>in</span> <span class='ocrx_word' id='word_1_165' title='bbox 1958 3222 2094 3296; x_wconf 91' lang='lat' dir='ltr'>saecula</span> 
     </span>
     <span class='ocr_line' id='line_1_22' title="bbox 725 3336 945 3410; baseline -0.014 0"><span class='ocrx_word' id='word_1_166' title='bbox 725 3336 945 3410; x_wconf 91' lang='lat' dir='ltr'>saeculorum.</span> 
     </span>
    </p>

    <p class='ocr_par' dir='ltr' id='par_1_8' title="bbox 828 3451 2096 3545">
     <span class='ocr_line' id='line_1_23' title="bbox 828 3451 2096 3545; baseline 0.006 -25"><span class='ocrx_word' id='word_1_167' title='bbox 828 3451 875 3521; x_wconf 84' lang='lat' dir='ltr'>Et</span> <span class='ocrx_word' id='word_1_168' title='bbox 902 3475 975 3520; x_wconf 91' lang='lat' dir='ltr'>cum</span> <span class='ocrx_word' id='word_1_169' title='bbox 1002 3453 1192 3541; x_wconf 78' lang='lat' dir='ltr'>descendit,</span> <span class='ocrx_word' id='word_1_170' title='bbox 1220 3454 1313 3524; x_wconf 88' lang='lat' dir='ltr'>dicit.</span> <span class='ocrx_word' id='word_1_171' title='bbox 1366 3453 1600 3527; x_wconf 84' lang='lat' dir='ltr'>Miserationes</span> <span class='ocrx_word' id='word_1_172' title='bbox 1627 3452 1693 3523; x_wconf 91' lang='lat' dir='ltr'>Dei</span> <span class='ocrx_word' id='word_1_173' title='bbox 1718 3456 1831 3545; x_wconf 83' lang='lat' dir='ltr'>magui</span> <span class='ocrx_word' id='word_1_174' title='bbox 1859 3465 1893 3525; x_wconf 91' lang='lat' dir='ltr'>et</span> <span class='ocrx_word' id='word_1_175' title='bbox 1910 3452 2096 3527; x_wconf 87' lang='lat' dir='ltr'>Salvatoris</span> 
     </span>
    </p>
   </div>
   <div class='ocr_carea' id='block_1_3' title="bbox 723 3564 2217 3667">
    <p class='ocr_par' dir='ltr' id='par_1_9' title="bbox 723 3564 2217 3667">
     <span class='ocr_line' id='line_1_24' title="bbox 723 3564 2217 3667; baseline 0.003 -29"><span class='ocrx_word' id='word_1_176' title='bbox 723 3570 828 3639; x_wconf 90' lang='lat' dir='ltr'>nostri</span> <span class='ocrx_word' id='word_1_177' title='bbox 854 3566 937 3636; x_wconf 89' lang='lat' dir='ltr'>Jesu</span> <span class='ocrx_word' id='word_1_178' title='bbox 964 3564 1099 3656; x_wconf 87' lang='lat' dir='ltr'>Christi,</span> <span class='ocrx_word' id='word_1_179' title='bbox 1128 3572 1192 3641; x_wconf 93' lang='lat' dir='ltr'>sint</span> <span class='ocrx_word' id='word_1_180' title='bbox 1219 3592 1320 3665; x_wconf 91' lang='lat' dir='ltr'>super</span> <span class='ocrx_word' id='word_1_181' title='bbox 1347 3593 1408 3643; x_wconf 90' lang='lat' dir='ltr'>eos</span> <span class='ocrx_word' id='word_1_182' title='bbox 1436 3574 1489 3665; x_wconf 92' lang='lat' dir='ltr'>qui</span> <span class='ocrx_word' id='word_1_183' title='bbox 1515 3579 1648 3665; x_wconf 86' lang='lat' dir='ltr'>portant</span> <span class='ocrx_word' id='word_1_184' title='bbox 1681 3579 1795 3642; x_wconf 89' lang='lat' dir='ltr'>sancta</span> <span class='ocrx_word' id='word_1_185' title='bbox 1832 3579 1866 3640; x_wconf 91' lang='lat' dir='ltr'>et</span> <span class='ocrx_word' id='word_1_186' title='bbox 1901 3593 2001 3667; x_wconf 87' lang='lat' dir='ltr'>super</span> <span class='ocrx_word' id='word_1_187' title='bbox 2035 3592 2096 3642; x_wconf 90' lang='lat' dir='ltr'>eos</span> <span class='ocrx_word' id='word_1_188' title='bbox 2213 3609 2217 3617; x_wconf 95' lang='lat'>·</span> 
     </span>
    </p>
   </div>
   <div class='ocr_carea' id='block_1_4' title="bbox 723 3681 2101 5401">
    <p class='ocr_par' dir='ltr' id='par_1_10' title="bbox 723 3681 2101 4452">
     <span class='ocr_line' id='line_1_25' title="bbox 725 3681 2096 3782; baseline 0.002 -27"><span class='ocrx_word' id='word_1_189' title='bbox 725 3688 779 3779; x_wconf 90' lang='lat' dir='ltr'>qul</span> <span class='ocrx_word' id='word_1_190' title='bbox 805 3682 860 3754; x_wconf 92' lang='lat' dir='ltr'>illa</span> <span class='ocrx_word' id='word_1_191' title='bbox 888 3681 1103 3775; x_wconf 89' lang='lat' dir='ltr'>distribuunt,</span> <span class='ocrx_word' id='word_1_192' title='bbox 1137 3696 1193 3757; x_wconf 90' lang='lat' dir='ltr'>aut</span> <span class='ocrx_word' id='word_1_193' title='bbox 1228 3689 1283 3780; x_wconf 91' lang='lat' dir='ltr'>qui</span> <span class='ocrx_word' id='word_1_194' title='bbox 1315 3686 1370 3757; x_wconf 90' lang='lat' dir='ltr'>illa</span> <span class='ocrx_word' id='word_1_195' title='bbox 1406 3689 1602 3782; x_wconf 90' lang='lat' dir='ltr'>suscipiunt:</span> <span class='ocrx_word' id='word_1_196' title='bbox 1639 3697 1694 3756; x_wconf 91' lang='lat' dir='ltr'>aut</span> <span class='ocrx_word' id='word_1_197' title='bbox 1729 3688 1926 3780; x_wconf 82' lang='lat' dir='ltr'>quicumque</span> <span class='ocrx_word' id='word_1_198' title='bbox 1960 3708 2096 3780; x_wconf 92' lang='lat' dir='ltr'>operam</span> 
     </span>
     <span class='ocr_line' id='line_1_26' title="bbox 725 3798 2101 3897; baseline 0.001 -25"><span class='ocrx_word' id='word_1_199' title='bbox 725 3800 780 3872; x_wconf 89' lang='lat' dir='ltr'>dat</span> <span class='ocrx_word' id='word_1_200' title='bbox 806 3812 841 3871; x_wconf 90' lang='lat' dir='ltr'>ut</span> <span class='ocrx_word' id='word_1_201' title='bbox 866 3798 931 3870; x_wconf 92' lang='lat' dir='ltr'>illis</span> <span class='ocrx_word' id='word_1_202' title='bbox 959 3804 1195 3891; x_wconf 87' lang='lat' dir='ltr'>communicet,</span> <span class='ocrx_word' id='word_1_203' title='bbox 1222 3802 1422 3897; x_wconf 88' lang='lat' dir='ltr'>inutraque</span> <span class='ocrx_word' id='word_1_204' title='bbox 1455 3802 1607 3896; x_wconf 86' lang='lat' dir='ltr'>saeculo,</span> <span class='ocrx_word' id='word_1_205' title='bbox 1642 3804 1675 3871; x_wconf 93' lang='lat' dir='ltr'>in</span> <span class='ocrx_word' id='word_1_206' title='bbox 1710 3801 1845 3874; x_wconf 89' lang='lat' dir='ltr'>saecula</span> <span class='ocrx_word' id='word_1_207' title='bbox 1877 3802 2101 3874; x_wconf 59' lang='lat' dir='ltr'>saeculorum(</span> 
     </span>
     <span class='ocr_line' id='line_1_27' title="bbox 723 3915 2094 4011; baseline -0.001 -22"><span class='ocrx_word' id='word_1_208' title='bbox 723 3917 843 3989; x_wconf 80' lang='lat' dir='ltr'>Amen.</span> <span class='ocrx_word' id='word_1_209' title='bbox 896 3915 944 3985; x_wconf 84' lang='lat' dir='ltr'>Et</span> <span class='ocrx_word' id='word_1_210' title='bbox 966 3920 1194 4011; x_wconf 83' lang='lat' dir='ltr'>prosequitur.</span> <span class='ocrx_word' id='word_1_211' title='bbox 1234 3915 1390 3989; x_wconf 86' lang='lat' dir='ltr'>Extende</span> <span class='ocrx_word' id='word_1_212' title='bbox 1417 3919 1560 3992; x_wconf 89' lang='lat' dir='ltr'>Domine</span> <span class='ocrx_word' id='word_1_213' title='bbox 1587 3918 1760 3989; x_wconf 84' lang='lat' dir='ltr'>dexteram</span> <span class='ocrx_word' id='word_1_214' title='bbox 1779 3928 1868 3989; x_wconf 90' lang='lat' dir='ltr'>tuam</span> <span class='ocrx_word' id='word_1_215' title='bbox 1883 3918 2094 4008; x_wconf 88' lang='lat' dir='ltr'>invisibilem,</span> 
     </span>
     <span class='ocr_line' id='line_1_28' title="bbox 726 4030 2097 4129; baseline 0.001 -26"><span class='ocrx_word' id='word_1_216' title='bbox 726 4044 759 4105; x_wconf 90' lang='lat' dir='ltr'>et</span> <span class='ocrx_word' id='word_1_217' title='bbox 784 4030 925 4105; x_wconf 90' lang='lat' dir='ltr'>benedic</span> <span class='ocrx_word' id='word_1_218' title='bbox 952 4035 1204 4123; x_wconf 84' lang='lat' dir='ltr'>congregationi</span> <span class='ocrx_word' id='word_1_219' title='bbox 1231 4032 1438 4106; x_wconf 88' lang='lat' dir='ltr'>adorantium</span> <span class='ocrx_word' id='word_1_220' title='bbox 1463 4047 1514 4124; x_wconf 91' lang='lat' dir='ltr'>te,</span> <span class='ocrx_word' id='word_1_221' title='bbox 1551 4037 1606 4128; x_wconf 93' lang='lat' dir='ltr'>qui</span> <span class='ocrx_word' id='word_1_222' title='bbox 1637 4034 1819 4128; x_wconf 88' lang='lat' dir='ltr'>suscipiunt</span> <span class='ocrx_word' id='word_1_223' title='bbox 1852 4056 1974 4129; x_wconf 89' lang='lat' dir='ltr'>corpus</span> <span class='ocrx_word' id='word_1_224' title='bbox 2008 4046 2097 4106; x_wconf 92' lang='lat' dir='ltr'>tuum</span> 
     </span>
     <span class='ocr_line' id='line_1_29' title="bbox 727 4146 2096 4245; baseline 0.001 -27"><span class='ocrx_word' id='word_1_225' title='bbox 727 4158 760 4218; x_wconf 89' lang='lat' dir='ltr'>et</span> <span class='ocrx_word' id='word_1_226' title='bbox 787 4149 980 4238; x_wconf 81' lang='lat' dir='ltr'>sanguinem</span> <span class='ocrx_word' id='word_1_227' title='bbox 995 4160 1096 4220; x_wconf 72' lang='lat' dir='ltr'>‘tuum</span> <span class='ocrx_word' id='word_1_228' title='bbox 1123 4151 1401 4244; x_wconf 88' lang='lat' dir='ltr'>propitiatorium,</span> <span class='ocrx_word' id='word_1_229' title='bbox 1429 4150 1470 4221; x_wconf 89' lang='lat' dir='ltr'>ad</span> <span class='ocrx_word' id='word_1_230' title='bbox 1498 4153 1724 4245; x_wconf 88' lang='lat' dir='ltr'>expiationem</span> <span class='ocrx_word' id='word_1_231' title='bbox 1738 4146 1943 4242; x_wconf 88' lang='lat' dir='ltr'>delictomm,</span> <span class='ocrx_word' id='word_1_232' title='bbox 1968 4154 2096 4221; x_wconf 90' lang='lat' dir='ltr'>remis-</span> 
     </span>
     <span class='ocr_line' id='line_1_30' title="bbox 726 4265 2096 4359; baseline 0.001 -23"><span class='ocrx_word' id='word_1_233' title='bbox 726 4265 854 4336; x_wconf 91' lang='lat' dir='ltr'>sionem</span> <span class='ocrx_word' id='word_1_234' title='bbox 880 4276 1114 4359; x_wconf 87' lang='lat' dir='ltr'>peccatomm,</span> <span class='ocrx_word' id='word_1_235' title='bbox 1142 4278 1175 4337; x_wconf 89' lang='lat' dir='ltr'>et</span> <span class='ocrx_word' id='word_1_236' title='bbox 1201 4266 1430 4339; x_wconf 89' lang='lat' dir='ltr'>confidentiam</span> <span class='ocrx_word' id='word_1_237' title='bbox 1458 4289 1572 4340; x_wconf 92' lang='lat' dir='ltr'>coram</span> <span class='ocrx_word' id='word_1_238' title='bbox 1599 4276 1648 4353; x_wconf 83' lang='lat' dir='ltr'>te,</span> <span class='ocrx_word' id='word_1_239' title='bbox 1675 4265 1818 4337; x_wconf 91' lang='lat' dir='ltr'>Domine</span> <span class='ocrx_word' id='word_1_240' title='bbox 1844 4265 1936 4336; x_wconf 91' lang='lat' dir='ltr'>Deus</span> <span class='ocrx_word' id='word_1_241' title='bbox 1969 4275 2096 4355; x_wconf 88' lang='lat' dir='ltr'>noster,</span> 
     </span>
     <span class='ocr_line' id='line_1_31' title="bbox 725 4377 1104 4452; baseline 0.008 -3"><span class='ocrx_word' id='word_1_242' title='bbox 725 4381 759 4449; x_wconf 89' lang='lat' dir='ltr'>ia</span> <span class='ocrx_word' id='word_1_243' title='bbox 787 4377 932 4450; x_wconf 88' lang='lat' dir='ltr'>saecula.</span> <span class='ocrx_word' id='word_1_244' title='bbox 985 4382 1104 4452; x_wconf 87' lang='lat' dir='ltr'>Amen.</span> 
     </span>
    </p>

    <p class='ocr_par' dir='ltr' id='par_1_11' title="bbox 830 4495 1729 4592">
     <span class='ocr_line' id='line_1_32' title="bbox 830 4495 1729 4592; baseline 0 -26"><span class='ocrx_word' id='word_1_245' title='bbox 830 4495 877 4566; x_wconf 82' lang='lat' dir='ltr'>Et</span> <span class='ocrx_word' id='word_1_246' title='bbox 904 4496 979 4566; x_wconf 86' lang='lat' dir='ltr'>dum</span> <span class='ocrx_word' id='word_1_247' title='bbox 1005 4500 1155 4588; x_wconf 86' lang='lat' dir='ltr'>impertit</span> <span class='ocrx_word' id='word_1_248' title='bbox 1181 4501 1441 4569; x_wconf 79' lang='lat' dir='ltr'>communionem</span> <span class='ocrx_word' id='word_1_249' title='bbox 1462 4498 1608 4592; x_wconf 85' lang='lat' dir='ltr'>populo,</span> <span class='ocrx_word' id='word_1_250' title='bbox 1637 4499 1729 4568; x_wconf 87' lang='lat' dir='ltr'>dicit.</span> 
     </span>
    </p>

    <p class='ocr_par' dir='ltr' id='par_1_12' title="bbox 731 4609 2096 4822">
     <span class='ocr_line' id='line_1_33' title="bbox 831 4609 2096 4709; baseline 0.002 -27"><span class='ocrx_word' id='word_1_251' title='bbox 831 4609 886 4682; x_wconf 89' lang='lat' dir='ltr'>Ad</span> <span class='ocrx_word' id='word_1_252' title='bbox 914 4614 1137 4707; x_wconf 89' lang='lat' dir='ltr'>expiationem</span> <span class='ocrx_word' id='word_1_253' title='bbox 1166 4612 1378 4701; x_wconf 89' lang='lat' dir='ltr'>delictomm,</span> <span class='ocrx_word' id='word_1_254' title='bbox 1405 4623 1438 4684; x_wconf 91' lang='lat' dir='ltr'>et</span> <span class='ocrx_word' id='word_1_255' title='bbox 1462 4616 1693 4686; x_wconf 89' lang='lat' dir='ltr'>remissionem</span> <span class='ocrx_word' id='word_1_256' title='bbox 1715 4621 1927 4709; x_wconf 91' lang='lat' dir='ltr'>peccatorum</span> <span class='ocrx_word' id='word_1_257' title='bbox 1947 4616 1980 4684; x_wconf 90' lang='lat' dir='ltr'>iu</span> <span class='ocrx_word' id='word_1_258' title='bbox 1995 4623 2096 4684; x_wconf 91' lang='lat' dir='ltr'>utro-</span> 
     </span>
     <span class='ocr_line' id='line_1_34' title="bbox 731 4725 1618 4822; baseline 0.002 -25"><span class='ocrx_word' id='word_1_259' title='bbox 731 4749 795 4822; x_wconf 95' lang='lat' dir='ltr'>que</span> <span class='ocrx_word' id='word_1_260' title='bbox 822 4725 976 4813; x_wconf 89' lang='lat' dir='ltr'>saeculo,</span> <span class='ocrx_word' id='word_1_261' title='bbox 1004 4730 1037 4796; x_wconf 92' lang='lat' dir='ltr'>in</span> <span class='ocrx_word' id='word_1_262' title='bbox 1065 4728 1199 4798; x_wconf 87' lang='lat' dir='ltr'>saecula</span> <span class='ocrx_word' id='word_1_263' title='bbox 1226 4728 1445 4801; x_wconf 91' lang='lat' dir='ltr'>saeculorum.</span> <span class='ocrx_word' id='word_1_264' title='bbox 1498 4731 1618 4801; x_wconf 86' lang='lat' dir='ltr'>Amen.</span> 
     </span>
    </p>

    <p class='ocr_par' dir='ltr' id='par_1_13' title="bbox 835 4841 1653 4937">
     <span class='ocr_line' id='line_1_35' title="bbox 835 4841 1653 4937; baseline 0.005 -25"><span class='ocrx_word' id='word_1_265' title='bbox 835 4841 900 4927; x_wconf 85' lang='lat' dir='ltr'>Oai</span> <span class='ocrx_word' id='word_1_266' title='bbox 926 4846 1185 4914; x_wconf 81' lang='lat' dir='ltr'>ceurmuuioaem</span> <span class='ocrx_word' id='word_1_267' title='bbox 1212 4848 1362 4937; x_wconf 84' lang='lat' dir='ltr'>accipit,</span> <span class='ocrx_word' id='word_1_268' title='bbox 1389 4847 1481 4915; x_wconf 85' lang='lat' dir='ltr'>dicit.</span> <span class='ocrx_word' id='word_1_269' title='bbox 1532 4847 1653 4919; x_wconf 86' lang='lat' dir='ltr'>Amen.</span> 
     </span>
    </p>

    <p class='ocr_par' dir='ltr' id='par_1_14' title="bbox 730 4959 2097 5401">
     <span class='ocr_line' id='line_1_36' title="bbox 833 4959 2096 5049; baseline 0.002 -20"><span class='ocrx_word' id='word_1_270' title='bbox 833 4959 1008 5029; x_wconf 80' lang='lat' dir='ltr'>Sacerdos</span> <span class='ocrx_word' id='word_1_271' title='bbox 1043 4982 1116 5028; x_wconf 90' lang='lat' dir='ltr'>cum</span> <span class='ocrx_word' id='word_1_272' title='bbox 1149 4982 1308 5030; x_wconf 77' lang='lat' dir='ltr'>reuersus</span> <span class='ocrx_word' id='word_1_273' title='bbox 1340 4968 1407 5049; x_wconf 82' lang='lat' dir='ltr'>ert,</span> <span class='ocrx_word' id='word_1_274' title='bbox 1442 4964 1534 5032; x_wconf 86' lang='lat' dir='ltr'>dicit.</span> <span class='ocrx_word' id='word_1_275' title='bbox 1595 4962 1710 5035; x_wconf 90' lang='lat' dir='ltr'>Gloria</span> <span class='ocrx_word' id='word_1_276' title='bbox 1744 4963 1803 5035; x_wconf 93' lang='lat' dir='ltr'>tibi</span> <span class='ocrx_word' id='word_1_277' title='bbox 1834 4962 1977 5034; x_wconf 91' lang='lat' dir='ltr'>Domine</span> <span class='ocrx_word' id='word_1_278' title='bbox 2004 4961 2096 5033; x_wconf 90' lang='lat' dir='ltr'>Deus</span> 
     </span>
     <span class='ocr_line' id='line_1_37' title="bbox 730 5074 2097 5172; baseline 0.003 -28"><span class='ocrx_word' id='word_1_279' title='bbox 730 5084 845 5145; x_wconf 90' lang='lat' dir='ltr'>noster</span> <span class='ocrx_word' id='word_1_280' title='bbox 871 5077 904 5145; x_wconf 91' lang='lat' dir='ltr'>in</span> <span class='ocrx_word' id='word_1_281' title='bbox 930 5074 1074 5147; x_wconf 88' lang='lat' dir='ltr'>saecula.</span> <span class='ocrx_word' id='word_1_282' title='bbox 1127 5076 1269 5146; x_wconf 87' lang='lat' dir='ltr'>Domine</span> <span class='ocrx_word' id='word_1_283' title='bbox 1295 5075 1377 5148; x_wconf 84' lang='lat' dir='ltr'>lesu</span> <span class='ocrx_word' id='word_1_284' title='bbox 1404 5076 1553 5167; x_wconf 89' lang='lat' dir='ltr'>Christe,</span> <span class='ocrx_word' id='word_1_285' title='bbox 1581 5100 1703 5172; x_wconf 88' lang='lat' dir='ltr'>corpus</span> <span class='ocrx_word' id='word_1_286' title='bbox 1722 5090 1810 5149; x_wconf 89' lang='lat' dir='ltr'>tuum</span> <span class='ocrx_word' id='word_1_287' title='bbox 1829 5091 1989 5166; x_wconf 87' lang='lat' dir='ltr'>sanctum,</span> <span class='ocrx_word' id='word_1_288' title='bbox 2009 5076 2097 5172; x_wconf 95' lang='lat' dir='ltr'>quod</span> 
     </span>
     <span class='ocr_line' id='line_1_38' title="bbox 732 5188 2096 5290; baseline 0.006 -32"><span class='ocrx_word' id='word_1_289' title='bbox 732 5188 951 5279; x_wconf 73' lang='lat' dir='ltr'>comedimuS,</span> <span class='ocrx_word' id='word_1_290' title='bbox 979 5200 1014 5261; x_wconf 90' lang='lat' dir='ltr'>et</span> <span class='ocrx_word' id='word_1_291' title='bbox 1039 5194 1175 5281; x_wconf 82' lang='lat' dir='ltr'>sanguis</span> <span class='ocrx_word' id='word_1_292' title='bbox 1202 5202 1276 5263; x_wconf 79' lang='lat' dir='ltr'>turus</span> <span class='ocrx_word' id='word_1_293' title='bbox 1303 5196 1548 5287; x_wconf 87' lang='lat' dir='ltr'>propitiatorius</span> <span class='ocrx_word' id='word_1_294' title='bbox 1575 5218 1672 5290; x_wconf 91' lang='lat' dir='ltr'>quem</span> <span class='ocrx_word' id='word_1_295' title='bbox 1699 5193 1857 5285; x_wconf 90' lang='lat' dir='ltr'>bibimus,</span> <span class='ocrx_word' id='word_1_296' title='bbox 1882 5217 1952 5267; x_wconf 91' lang='lat' dir='ltr'>non</span> <span class='ocrx_word' id='word_1_297' title='bbox 1978 5199 2012 5265; x_wconf 92' lang='lat' dir='ltr'>in</span> <span class='ocrx_word' id='word_1_298' title='bbox 2035 5197 2096 5286; x_wconf 92' lang='lat' dir='ltr'>ju-</span> 
     </span>
     <span class='ocr_line' id='line_1_39' title="bbox 732 5304 2004 5401; baseline 0.006 -27"><span class='ocrx_word' id='word_1_299' title='bbox 732 5304 862 5395; x_wconf 89' lang='lat' dir='ltr'>dicium,</span> <span class='ocrx_word' id='word_1_300' title='bbox 889 5316 944 5377; x_wconf 90' lang='lat' dir='ltr'>ant</span> <span class='ocrx_word' id='word_1_301' title='bbox 970 5310 1005 5378; x_wconf 88' lang='lat' dir='ltr'>in</span> <span class='ocrx_word' id='word_1_302' title='bbox 1030 5306 1211 5379; x_wconf 88' lang='lat' dir='ltr'>vindictam</span> <span class='ocrx_word' id='word_1_303' title='bbox 1235 5308 1293 5380; x_wconf 91' lang='lat' dir='ltr'>liat</span> <span class='ocrx_word' id='word_1_304' title='bbox 1317 5307 1433 5401; x_wconf 92' lang='lat' dir='ltr'>nobis,</span> <span class='ocrx_word' id='word_1_305' title='bbox 1460 5310 1521 5384; x_wconf 92' lang='lat' dir='ltr'>sed</span> <span class='ocrx_word' id='word_1_306' title='bbox 1546 5314 1580 5381; x_wconf 95' lang='lat' dir='ltr'>in</span> <span class='ocrx_word' id='word_1_307' title='bbox 1605 5314 1709 5384; x_wconf 88' lang='lat' dir='ltr'>vitam</span> <span class='ocrx_word' id='word_1_308' title='bbox 1736 5314 1828 5382; x_wconf 88' lang='lat' dir='ltr'>etin</span> <span class='ocrx_word' id='word_1_309' title='bbox 1854 5313 2004 5384; x_wconf 88' lang='lat' dir='ltr'>salutem.</span> 
     </span>
    </p>
   </div>
   <div class='ocr_carea' id='block_1_5' title="bbox 0 0 2582 6532">
    <p class='ocr_par' dir='ltr' id='par_1_15' title="bbox 0 0 2582 6532">
     <span class='ocr_line' id='line_1_40' title="bbox 0 0 2582 6532; baseline 0 0"><span class='ocrx_word' id='word_1_310' title='bbox 0 0 2582 6532; x_wconf 95' lang='lat' dir='ltr'> </span> 
     </span>
    </p>
   </div>
  </div>
 </body>
</html>
