5150 6534
674 848 749 922 564
1110 846 1615 924 lllSSERTbTIO

380 1037 704 1118 brenemensem
731 1034 871 1130 Synodo
900 1035 1139 1129 Diamperana:
1169 1034 1229 1105 sed
1256 1057 1329 1104 cum
1359 1034 1465 1121 addit,
1493 1034 1633 1105 Diodori
1648 1034 1826 1105 Tarsensis
1843 1033 1941 1106 aliam
1959 1035 2046 1130 apud

345 1139 388 1190 ²⁸·
406 1139 455 1189 Μ
474 1138 550 1189 l'ffll·
671 1175 732 1222 ces
766 1153 922 1244 reperiri,
957 1149 1096 1220 confusa
1133 1149 1215 1220 llaec
1250 1153 1335 1220 inter
1362 1173 1400 1221 se
1427 1154 1560 1220 nemina
1595 1151 1775 1221 verisimile
1810 1135 1872 1222 est.
1927 1151 2045 1246 Neque

670 1271 758 1337 enirn
787 1267 931 1338 Codices
959 1265 1096 1357 legitimi
1124 1269 1157 1337 in
1184 1265 1322 1336 Oriente
1357 1270 1469 1360 scripti
1501 1265 1587 1336 illius
1624 1269 1856 1337 meminerunt:
1893 1273 2046 1360 quumvis

671 1406 690 1452 a
718 1382 927 1453 Nestorianis
955 1381 1043 1453 illum
1072 1384 1155 1451 inter
1183 1380 1322 1452 coelites
1351 1381 1416 1451 coli
1442 1404 1510 1451 non
1537 1384 1743 1471 ignoremus,
1771 1406 1844 1454 cum
1865 1388 1938 1476 ejus
1964 1406 2045 1455 me-

669 1501 808 1569 moriam
837 1503 921 1568 inter
947 1499 1065 1568 Patres
1094 1495 1245 1567 Graecos
1280 1497 1468 1583 celebrent,
1504 1507 1600 1567 sexta
1638 1496 1719 1568 seria
1747 1496 1974 1571 llebdornadis
2001 1499 2043 1571 V.

362 1634 501 1686 uectem.
517 1632 587 1684 Pers.
604 1624 745 1708 mspost
771 1612 998 1706 Epiphaniam.
1052 1612 1165 1682 Tertia
1194 1612 1325 1683 tarrrdem
1354 1613 1502 1703 Liturgia
1531 1622 1583 1682 est
1608 1611 1771 1701 Nestorii,
1799 1615 1892 1704 cujus
1920 1638 2043 1686 nomen

344 1720 448 1771 Nalm
473 1721 592 1788 sopp.
611 1722 846 1820 2⁰·diligenter
874 1731 1093 1821 supprimunt,
1131 1731 1327 1821 quicumque
1360 1731 1393 1797 in
1427 1727 1595 1821 Europam
1624 1729 1893 1823 blesopotameni
1928 1734 2046 1801 uenire

670 1847 792 1917 solent:
829 1847 922 1914 utin
958 1841 1084 1914 Codice
1117 1843 1213 1913 Eliae
1246 1844 1440 1915 Sacerdotis
1475 1843 1703 1934 Eagdadensis
1737 1845 2045 1930 animadvertimus

670 1972 703 2032 et
736 1965 768 2031 in
806 1959 870 2030 alio
905 1957 1121 2029 obseruatum
1160 1968 1210 2029 est
1246 1960 1299 2028 lsa
1333 1958 1527 2029 Sacerdotis
1564 1958 1718 2046 alteriuS,
1753 1964 1807 2053 qui
1842 1962 1936 2032 alteri
1971 1973 2046 2033 erat

670 2079 802 2149 omnino
831 2075 954 2145 similis.
1011 2074 1094 2151 Cum
1122 2095 1223 2167 perro
1260 2086 1293 2144 et
1333 2078 1483 2164 germani
1515 2073 1560 2144 illi
1597 2074 1871 2148 Nestorianorum
1909 2077 2045 2149 codices

669 2196 755 2262 inter
784 2215 821 2261 se
848 2193 1065 2277 conveniant,
1094 2200 1127 2259 et
1156 2190 1198 2259 illi
1226 2194 1288 2285 ipsi
1318 2195 1371 2284 qui
1404 2189 1591 2284 interpolati
1629 2189 1760 2260 bierunt
1796 2191 1947 2262 eamdem
1981 2216 2045 2262 sa-

668 2329 800 2378 crorum
837 2305 976 2378 lornram
1016 2310 1219 2377 contineant:
1261 2306 1378 2377 eadem
1419 2329 1551 2401 (puroque
1592 2309 1634 2374 sit
1667 2305 1720 2375 ille
1756 2330 1852 2401 quam
1886 2308 2046 2402 Synodus

668 2423 893 2516 Diamperana
930 2421 1171 2492 emendandam
1209 2425 1370 2517 suscepit:
1408 2422 1539 2491 tandem
1575 2444 1649 2491 curn
1687 2422 1762 2493 libri
1799 2446 1953 2516 precum,
1990 2423 2047 2493 ubi

670 2538 847 2608 nonnullae
880 2537 919 2608 ad
957 2538 1139 2627 Liturgiarn
1171 2541 1375 2630 pertinentes
1407 2538 1610 2623 reseruntur,
1645 2542 1753 2628 inagis
1787 2543 1983 2632 perspicuus
2013 2550 2047 2610 et

669 2653 863 2745 exploratas
892 2652 1144 2724 Nestorianismi
1172 2664 1269 2723 notas
1298 2653 1501 2746 praeierant,
1530 2664 1563 2723 ut
1587 2653 1761 2724 maledicta
1780 2652 1943 2725 adversus
1966 2653 2045 2748 Cp-

669 2766 792 2853 rillum,
821 2768 1001 2861 laudesque
1028 2768 1193 2840 Nestorii:
1223 2773 1300 2862 quin
1328 2769 1475 2861 legitima
1504 2772 1544 2842 sit
1572 2774 1654 2858 ista,
1682 2768 1832 2839 dubitare
1849 2770 1925 2859 jure
1944 2791 2043 2840 nemo

669 2886 787 2977 possit.
840 2884 957 2978 Neque
985 2883 1017 2954 id
1044 2887 1284 2975 ignoraverunt
1312 2888 1365 2978 qui
1394 2895 1459 2955 tam
1486 2885 1634 2957 studiose
1661 2887 1793 2956 uomina
1821 2882 1875 2955 illa
1903 2907 2042 2981 expun-

668 3012 789 3071 xerunt
817 3023 862 3070 ex
890 3004 959 3072 suis
988 3000 1168 3071 codicibus.

378 3122 654 3175 cremandam-ann-
771 3115 827 3186 l'l.
856 3115 953 3199 Quod
981 3137 1065 3186 uere
1094 3119 1246 3209 superius
1275 3114 1394 3185 dictum
1424 3125 1488 3201 cst,
1515 3115 1623 3184 videri
1650 3116 1790 3208 primam
1824 3114 1912 3187 illanr
1939 3119 2045 3211 Apo-

344 3209 654 3347 ppppqpppporiananae-
668 3230 827 3302 stolorum
855 3231 1049 3322 Liturgiam,
1077 3254 1143 3301 nen
1172 3235 1243 3303 sine
1272 3230 1496 3317 fundamento,
1527 3233 1744 3324 antiquiorem
1773 3251 1850 3299 esse
1879 3229 2046 3305 divisione

495 3335 501 3349 ’
666 3343 892 3417 Ecclesiarum
926 3370 987 3440 per
1018 3346 1251 3419 Nestoriannm
1287 3347 1460 3433 haeresin,
1496 3357 1631 3439 praeter
1667 3344 1883 3439 simplicitatis
1917 3356 2042 3433 notam,

668 3461 731 3532 alia
759 3485 892 3557 qnoque
920 3473 1113 3554 argumenta
1142 3463 1290 3534 suadent.
1322 3462 1428 3533 Vetus
1456 3464 1578 3555 quippe
1607 3461 1737 3532 traditio
1765 3470 1826 3545 est,
1854 3482 1922 3530 non
1943 3460 2043 3531 modo

668 3588 868 3648 conseruata
897 3577 1019 3648 ellari
1040 3578 1230 3648 Salomonis
1258 3578 1324 3649 filio
1353 3588 1386 3647 et
1413 3578 1516 3648 Amce
1534 3575 1678 3647 blathaci
1707 3581 1778 3668 ejus
1799 3576 2042 3670 Epitomatore,

668 3693 727 3762 sed
763 3692 802 3763 ab
843 3695 922 3785 ipsis
956 3694 1139 3781 tacebitis,
1176 3697 1284 3763 onrnia
1319 3716 1405 3786 quae
1438 3693 1479 3763 ad
1515 3692 1732 3763 lllinisteriunr
1768 3690 2043 3763 Ecclesiasticurn

668 3811 833 3900 pertinent
867 3807 1017 3879 ordinata
1053 3808 1156 3879 luisse
1184 3811 1216 3877 in
1243 3807 1488 3901 Mesopotamia
1510 3809 1551 3879 ab
1580 3808 1699 3878 Adaeo
1727 3819 1761 3878 et
1787 3807 1856 3897 Agi
1885 3811 1957 3900 ejus
1985 3807 2041 3876 di-

669 3923 813 4016 scipu10,
848 3923 963 4015 quibus
990 3922 1094 3993 Maris
1123 3923 1310 4013 adjungitur
1338 3947 1356 3993 a
1385 3924 1611 3996 Nestorianis:
1640 3923 1725 3995 illius
1753 3927 1840 3993 enim
1867 3922 2043 3994 Jacobitae

669 4058 735 4105 nen
764 4041 988 4109 meminerunt.
1043 4040 1161 4110 Fuisse
1189 4061 1272 4108 vero
1301 4041 1333 4107 in
1361 4038 1534 4110 Edessena
1569 4039 1706 4123 ditione,
1740 4049 1775 4107 ut
1811 4041 1910 4108 etiam
1936 4036 2044 4109 Nisibi

670 4155 854 4247 vicinisque
884 4154 1151 4248 Mesopotamiae
1178 4153 1315 4225 urbibus
1351 4152 1574 4242 Christianos,
1611 4153 1729 4224 dudum
1764 4163 1939 4246 antequam
1967 4150 2044 4221 Ne-

344 4287 407 4337 Hor.
425 4284 596 4338 uectem.
613 4271 807 4339 rosteriam
834 4269 1005 4341 Ecclesias
1035 4270 1106 4340 illas
1135 4280 1350 4364 occuparent,
1381 4292 1447 4340 non
1474 4268 1573 4340 modo
1602 4292 1648 4339 ex
1675 4267 1826 4340 omnibns
1855 4266 2041 4339 Orientali-

343 4371 730 4455 E'‘¹¹1⁶''·T·¹·E'²”“⁰''·brrs
758 4390 988 4473 monumentis,
1016 4386 1076 4456 sed
1104 4409 1149 4455 cx
1178 4387 1318 4457 Graecis
1346 4388 1444 4455 etiarn
1471 4383 1637 4456 historIcis
1665 4385 1919 4455 demonstratur.
1955 4382 2039 4453 Nem

339 4456 482 4525 P‘1'MS'
668 4522 753 4592 quae
782 4499 885 4571 relort
911 4500 1076 4571 Eusebius
1110 4501 1151 4570 de
1177 4499 1318 4592 Abgero
1347 4500 1524 4594 Toparcba
1553 4500 1748 4586 Edesseno,
1783 4499 1891 4593 deque
1920 4496 2042 4569 Christi

668 4615 709 4684 ad
738 4638 812 4685 eum
839 4615 1008 4708 Epistola,
1046 4614 1233 4687 Orientales
1269 4619 1505 4708 cujuscumque
1538 4627 1651 4686 sectae
1684 4613 1741 4685 vel
1772 4614 1923 4706 linguae,
1961 4635 2040 4685 suos

665 4732 697 4798 in
724 4731 828 4801 libros
857 4731 1103 4818 transtulerunt,
1132 4742 1165 4801 ut
1187 4734 1312 4825 pariter
1333 4732 1492 4801 miracula
1512 4734 1666 4820 imaginis
1689 4729 1895 4800 Edessenae.
1924 4728 2039 4799 Ouris-

588 4904 597 4914 ,
666 4846 712 4914 sis
740 4856 848 4915 autem
876 4844 996 4917 fabulis
1025 4869 1109 4938 quae
1142 4851 1268 4917 incerta
1304 4847 1478 4916 traditione
1511 4849 1671 4931 nituntur,
1707 4844 1785 4915 illud
1819 4845 1925 4916 selum
1962 4842 2039 4914 inde

667 4968 822 5030 cerretano
849 4963 1089 5047 existimamus,
1118 4960 1206 5053 quod
1234 4986 1252 5031 a
1280 4964 1393 5055 primis
1420 4961 1595 5032 Ecclesiae
1632 4960 1775 5034 saeculis
1811 4959 1948 5031 lloreret
1975 4960 2037 5032 illis

665 5077 697 5142 in
726 5075 920 5165 regionibus
943 5075 1128 5146 Christiana
1156 5075 1288 5166 religio,
1317 5075 1357 5146 ab
1374 5077 1615 5172 Apostolorum
1644 5077 1811 5170 discipulis
1839 5082 2037 5148 annuntiata.

666 5187 715 5257 llli
743 5211 817 5258 curm
836 5187 1008 5260 Ecclesias
1038 5190 1257 5278 instituebant,
1284 5191 1425 5263 lerinam
1443 5193 1733 5265 Sacranrentorurn
1761 5191 2035 5262 celebrandorum

667 5303 956 5395 praescribebant:
991 5306 1077 5376 unde
1109 5305 1172 5377 lrac
1204 5311 1236 5376 in
1270 5318 1366 5401 parte
1393 5318 1548 5401 suspecta
1576 5330 1746 5381 essenon
1773 5317 1884 5403 potest
1912 5308 2036 5379 Orien-

2014 5718 2158 5875 N,

2147 5898 2164 6103 l
