<?xml version="1.0" encoding="UTF-8"?>
<!DOCTYPE html PUBLIC "-//W3C//DTD XHTML 1.0 Transitional//EN"
    "http://www.w3.org/TR/xhtml1/DTD/xhtml1-transitional.dtd">
<html xmlns="http://www.w3.org/1999/xhtml" xml:lang="en" lang="en">
 <head>
  <title>
</title>
<meta http-equiv="Content-Type" content="text/html;charset=utf-8" />
  <meta name='ocr-system' content='tesseract 3.04.00' />
  <meta name='ocr-capabilities' content='ocr_page ocr_carea ocr_par ocr_line ocrx_word'/>
</head>
<body>
  <div class='ocr_page' id='page_1' title='image "./liturgiarumorie00renagoog_0611.png"; bbox 0 0 5150 6534; ppageno 0'>
   <div class='ocr_carea' id='block_1_1' title="bbox 911 859 1964 937">
    <p class='ocr_par' dir='ltr' id='par_1_1' title="bbox 911 859 1964 937">
     <span class='ocr_line' id='line_1_1' title="bbox 911 859 1964 937; baseline -0.003 -1"><span class='ocrx_word' id='word_1_1' title='bbox 911 861 966 936; x_wconf 84' lang='lat' dir='ltr'>DE</span> <span class='ocrx_word' id='word_1_2' title='bbox 997 859 1382 937; x_wconf 79' lang='lat' dir='ltr'>nustomnuoltun</span> <span class='ocrx_word' id='word_1_3' title='bbox 1413 859 1668 937; x_wconf 85' lang='lat' dir='ltr'>LITURGHS.</span> <span class='ocrx_word' id='word_1_4' title='bbox 1889 860 1964 933; x_wconf 80' lang='lat'>573</span> 
     </span>
    </p>
   </div>
   <div class='ocr_carea' id='block_1_2' title="bbox 599 1044 2287 5311">
    <p class='ocr_par' dir='ltr' id='par_1_2' title="bbox 599 1044 1967 2182">
     <span class='ocr_line' id='line_1_2' title="bbox 600 1044 1965 1140; baseline -0.001 -23"><span class='ocrx_word' id='word_1_5' title='bbox 600 1044 699 1117; x_wconf 94' lang='lat' dir='ltr'>modo</span> <span class='ocrx_word' id='word_1_6' title='bbox 728 1068 861 1140; x_wconf 82' lang='lat' dir='ltr'><strong>semper</strong></span> <span class='ocrx_word' id='word_1_7' title='bbox 888 1068 926 1118; x_wconf 93' lang='lat' dir='ltr'>se</span> <span class='ocrx_word' id='word_1_8' title='bbox 953 1045 1143 1118; x_wconf 86' lang='lat' dir='ltr'>habuerunt.</span> <span class='ocrx_word' id='word_1_9' title='bbox 1197 1047 1323 1119; x_wconf 89' lang='lat' dir='ltr'>Verum</span> <span class='ocrx_word' id='word_1_10' title='bbox 1356 1069 1397 1118; x_wconf 91' lang='lat' dir='ltr'>ea</span> <span class='ocrx_word' id='word_1_11' title='bbox 1431 1069 1516 1140; x_wconf 88' lang='lat' dir='ltr'>quae</span> <span class='ocrx_word' id='word_1_12' title='bbox 1542 1049 1678 1140; x_wconf 90' lang='lat' dir='ltr'>proprio</span> <span class='ocrx_word' id='word_1_13' title='bbox 1704 1046 1871 1140; x_wconf 90' lang='lat' dir='ltr'>loquendo</span> <span class='ocrx_word' id='word_1_14' title='bbox 1899 1045 1965 1117; x_wconf 90' lang='lat' dir='ltr'>Li-</span> 
     </span>
     <span class='ocr_line' id='line_1_3' title="bbox 599 1160 1967 1256; baseline -0.001 -23"><span class='ocrx_word' id='word_1_15' title='bbox 599 1163 742 1253; x_wconf 90' lang='lat' dir='ltr'>turgiam</span> <span class='ocrx_word' id='word_1_16' title='bbox 770 1165 989 1250; x_wconf 88' lang='lat' dir='ltr'>constituunt,</span> <span class='ocrx_word' id='word_1_17' title='bbox 1026 1162 1176 1233; x_wconf 89' lang='lat' dir='ltr'>eamdem</span> <span class='ocrx_word' id='word_1_18' title='bbox 1205 1186 1246 1234; x_wconf 93' lang='lat' dir='ltr'>ac</span> <span class='ocrx_word' id='word_1_19' title='bbox 1271 1163 1471 1256; x_wconf 86' lang='lat' dir='ltr'>reliquorum</span> <span class='ocrx_word' id='word_1_20' title='bbox 1499 1160 1757 1233; x_wconf 89' lang='lat' dir='ltr'>Christianorum</span> <span class='ocrx_word' id='word_1_21' title='bbox 1783 1161 1967 1253; x_wconf 89' lang='lat' dir='ltr'>Liturgiae,</span> 
     </span>
     <span class='ocr_line' id='line_1_4' title="bbox 599 1275 1966 1374; baseline 0 -26"><span class='ocrx_word' id='word_1_22' title='bbox 599 1275 738 1348; x_wconf 85' lang='lat' dir='ltr'>formam</span> <span class='ocrx_word' id='word_1_23' title='bbox 766 1275 896 1349; x_wconf 91' lang='lat' dir='ltr'>habent.</span> <span class='ocrx_word' id='word_1_24' title='bbox 949 1276 1121 1369; x_wconf 87' lang='lat' dir='ltr'>Leguntur</span> <span class='ocrx_word' id='word_1_25' title='bbox 1147 1278 1320 1374; x_wconf 86' lang='lat' dir='ltr'>Epistulae</span> <span class='ocrx_word' id='word_1_26' title='bbox 1355 1288 1388 1349; x_wconf 91' lang='lat' dir='ltr'>et</span> <span class='ocrx_word' id='word_1_27' title='bbox 1413 1276 1620 1369; x_wconf 87' lang='lat' dir='ltr'>Evangelia,</span> <span class='ocrx_word' id='word_1_28' title='bbox 1656 1288 1831 1373; x_wconf 78' lang='lat' dir='ltr'>postquam</span> <span class='ocrx_word' id='word_1_29' title='bbox 1859 1276 1966 1348; x_wconf 87' lang='lat' dir='ltr'>dictae</span> 
     </span>
     <span class='ocr_line' id='line_1_5' title="bbox 601 1393 1967 1489; baseline -0.001 -24"><span class='ocrx_word' id='word_1_30' title='bbox 601 1402 676 1465; x_wconf 92' lang='lat' dir='ltr'>sunt</span> <span class='ocrx_word' id='word_1_31' title='bbox 710 1396 880 1464; x_wconf 91' lang='lat' dir='ltr'>orationes</span> <span class='ocrx_word' id='word_1_32' title='bbox 917 1393 959 1465; x_wconf 92' lang='lat' dir='ltr'>ad</span> <span class='ocrx_word' id='word_1_33' title='bbox 998 1394 1237 1489; x_wconf 90' lang='lat' dir='ltr'>implorandum</span> <span class='ocrx_word' id='word_1_34' title='bbox 1275 1396 1340 1466; x_wconf 91' lang='lat' dir='ltr'>Dei</span> <span class='ocrx_word' id='word_1_35' title='bbox 1380 1393 1536 1464; x_wconf 87' lang='lat' dir='ltr'>auxilium</span> <span class='ocrx_word' id='word_1_36' title='bbox 1577 1393 1763 1464; x_wconf 78' lang='lat' dir='ltr'>ordinatae:</span> <span class='ocrx_word' id='word_1_37' title='bbox 1809 1404 1967 1464; x_wconf 87' lang='lat' dir='ltr'>canuntur</span> 
     </span>
     <span class='ocr_line' id='line_1_6' title="bbox 600 1507 1967 1605; baseline -0.001 -26"><span class='ocrx_word' id='word_1_38' title='bbox 600 1507 740 1598; x_wconf 75' lang='lat' dir='ltr'>Psalmi,</span> <span class='ocrx_word' id='word_1_39' title='bbox 774 1510 868 1605; x_wconf 92' lang='lat' dir='ltr'>panis</span> <span class='ocrx_word' id='word_1_40' title='bbox 904 1522 937 1580; x_wconf 92' lang='lat' dir='ltr'>et</span> <span class='ocrx_word' id='word_1_41' title='bbox 968 1513 1079 1581; x_wconf 90' lang='lat' dir='ltr'>vinum</span> <span class='ocrx_word' id='word_1_42' title='bbox 1112 1533 1179 1581; x_wconf 95' lang='lat' dir='ltr'>non</span> <span class='ocrx_word' id='word_1_43' title='bbox 1212 1514 1283 1582; x_wconf 92' lang='lat' dir='ltr'>sino</span> <span class='ocrx_word' id='word_1_44' title='bbox 1311 1531 1432 1601; x_wconf 87' lang='lat' dir='ltr'>magna</span> <span class='ocrx_word' id='word_1_45' title='bbox 1458 1512 1649 1580; x_wconf 85' lang='lat' dir='ltr'>reverentia</span> <span class='ocrx_word' id='word_1_46' title='bbox 1676 1510 1718 1580; x_wconf 93' lang='lat' dir='ltr'>ad</span> <span class='ocrx_word' id='word_1_47' title='bbox 1745 1508 1849 1580; x_wconf 89' lang='lat' dir='ltr'>altaro</span> <span class='ocrx_word' id='word_1_48' title='bbox 1875 1507 1925 1579; x_wconf 87' lang='lat' dir='ltr'>inl</span> <span class='ocrx_word' id='word_1_49' title='bbox 1944 1551 1967 1564; x_wconf 96' lang='lat'>-</span> 
     </span>
     <span class='ocr_line' id='line_1_7' title="bbox 601 1623 1965 1722; baseline 0 -28"><span class='ocrx_word' id='word_1_50' title='bbox 601 1634 731 1712; x_wconf 91' lang='lat' dir='ltr'>runtur,</span> <span class='ocrx_word' id='word_1_51' title='bbox 767 1624 922 1696; x_wconf 89' lang='lat' dir='ltr'>diversae</span> <span class='ocrx_word' id='word_1_52' title='bbox 962 1648 1024 1720; x_wconf 86' lang='lat' dir='ltr'>pro</span> <span class='ocrx_word' id='word_1_53' title='bbox 1070 1625 1220 1697; x_wconf 88' lang='lat' dir='ltr'>omnibus</span> <span class='ocrx_word' id='word_1_54' title='bbox 1261 1630 1415 1722; x_wconf 87' lang='lat' dir='ltr'>personis</span> <span class='ocrx_word' id='word_1_55' title='bbox 1455 1637 1489 1695; x_wconf 94' lang='lat' dir='ltr'>ot</span> <span class='ocrx_word' id='word_1_56' title='bbox 1526 1623 1780 1696; x_wconf 88' lang='lat' dir='ltr'>necessitatibus</span> <span class='ocrx_word' id='word_1_57' title='bbox 1816 1624 1965 1696; x_wconf 92' lang='lat' dir='ltr'>dicuntur</span> 
     </span>
     <span class='ocr_line' id='line_1_8' title="bbox 602 1741 1965 1836; baseline -0.001 -24"><span class='ocrx_word' id='word_1_58' title='bbox 602 1744 779 1812; x_wconf 89' lang='lat' dir='ltr'>orationes.</span> <span class='ocrx_word' id='word_1_59' title='bbox 832 1741 943 1834; x_wconf 83' lang='lat' dir='ltr'>Atque</span> <span class='ocrx_word' id='word_1_60' title='bbox 974 1741 1058 1813; x_wconf 88' lang='lat' dir='ltr'>haec</span> <span class='ocrx_word' id='word_1_61' title='bbox 1086 1742 1128 1812; x_wconf 92' lang='lat' dir='ltr'>ad</span> <span class='ocrx_word' id='word_1_62' title='bbox 1162 1746 1450 1836; x_wconf 80' lang='lat' dir='ltr'>praeparationem</span> <span class='ocrx_word' id='word_1_63' title='bbox 1484 1763 1603 1812; x_wconf 90' lang='lat' dir='ltr'>sacrae</span> <span class='ocrx_word' id='word_1_64' title='bbox 1637 1743 1776 1812; x_wconf 91' lang='lat' dir='ltr'>actionis</span> <span class='ocrx_word' id='word_1_65' title='bbox 1803 1750 1965 1834; x_wconf 90' lang='lat' dir='ltr'>spectant,</span> 
     </span>
     <span class='ocr_line' id='line_1_9' title="bbox 602 1855 1967 1953; baseline -0.001 -26"><span class='ocrx_word' id='word_1_66' title='bbox 602 1879 687 1950; x_wconf 90' lang='lat' dir='ltr'>quae</span> <span class='ocrx_word' id='word_1_67' title='bbox 714 1879 780 1927; x_wconf 94' lang='lat' dir='ltr'>non</span> <span class='ocrx_word' id='word_1_68' title='bbox 808 1856 906 1928; x_wconf 92' lang='lat' dir='ltr'>modo</span> <span class='ocrx_word' id='word_1_69' title='bbox 937 1860 968 1927; x_wconf 89' lang='lat' dir='ltr'>in</span> <span class='ocrx_word' id='word_1_70' title='bbox 996 1856 1159 1952; x_wconf 78' lang='lat' dir='ltr'>CopticIS,</span> <span class='ocrx_word' id='word_1_71' title='bbox 1187 1856 1357 1953; x_wconf 67' lang='lat' dir='ltr'>SyriaciS,</span> <span class='ocrx_word' id='word_1_72' title='bbox 1384 1855 1522 1950; x_wconf 90' lang='lat' dir='ltr'>aliisque</span> <span class='ocrx_word' id='word_1_73' title='bbox 1551 1857 1770 1928; x_wconf 78' lang='lat' dir='ltr'>Orientalibus</span> <span class='ocrx_word' id='word_1_74' title='bbox 1796 1856 1967 1947; x_wconf 90' lang='lat' dir='ltr'>Liturgiis,</span> 
     </span>
     <span class='ocr_line' id='line_1_10' title="bbox 602 1970 1966 2068; baseline -0.003 -24"><span class='ocrx_word' id='word_1_75' title='bbox 602 1971 662 2044; x_wconf 90' lang='lat' dir='ltr'>sed</span> <span class='ocrx_word' id='word_1_76' title='bbox 688 1975 721 2043; x_wconf 88' lang='lat' dir='ltr'>in</span> <span class='ocrx_word' id='word_1_77' title='bbox 742 1970 881 2043; x_wconf 88' lang='lat' dir='ltr'>Graecis</span> <span class='ocrx_word' id='word_1_78' title='bbox 899 1971 1091 2068; x_wconf 85' lang='lat' dir='ltr'>Latinisque</span> <span class='ocrx_word' id='word_1_79' title='bbox 1119 1976 1352 2067; x_wconf 87' lang='lat' dir='ltr'>cujuscumque</span> <span class='ocrx_word' id='word_1_80' title='bbox 1378 1975 1471 2060; x_wconf 78' lang='lat' dir='ltr'>rituS,</span> <span class='ocrx_word' id='word_1_81' title='bbox 1499 1972 1617 2043; x_wconf 90' lang='lat' dir='ltr'>eodem</span> <span class='ocrx_word' id='word_1_82' title='bbox 1643 1970 1741 2042; x_wconf 94' lang='lat' dir='ltr'>modo</span> <span class='ocrx_word' id='word_1_83' title='bbox 1769 1971 1815 2059; x_wconf 88' lang='lat' dir='ltr'>lit,</span> <span class='ocrx_word' id='word_1_84' title='bbox 1843 1982 1876 2043; x_wconf 88' lang='lat' dir='ltr'>et</span> <span class='ocrx_word' id='word_1_85' title='bbox 1902 1974 1966 2041; x_wconf 91' lang='lat' dir='ltr'>iis-</span> 
     </span>
     <span class='ocr_line' id='line_1_11' title="bbox 603 2086 1578 2182; baseline 0.001 -26"><span class='ocrx_word' id='word_1_86' title='bbox 603 2086 676 2158; x_wconf 90' lang='lat' dir='ltr'>dem</span> <span class='ocrx_word' id='word_1_87' title='bbox 703 2110 806 2181; x_wconf 88' lang='lat' dir='ltr'>saepe</span> <span class='ocrx_word' id='word_1_88' title='bbox 833 2087 959 2175; x_wconf 80' lang='lat' dir='ltr'>verbiS,</span> <span class='ocrx_word' id='word_1_89' title='bbox 986 2112 1050 2160; x_wconf 90' lang='lat' dir='ltr'>una</span> <span class='ocrx_word' id='word_1_90' title='bbox 1078 2100 1169 2160; x_wconf 88' lang='lat' dir='ltr'>certe</span> <span class='ocrx_word' id='word_1_91' title='bbox 1197 2089 1380 2182; x_wconf 83' lang='lat' dir='ltr'>eademque</span> <span class='ocrx_word' id='word_1_92' title='bbox 1407 2091 1578 2159; x_wconf 89' lang='lat' dir='ltr'>sententia.</span> 
     </span>
    </p>

    <p class='ocr_par' dir='ltr' id='par_1_3' title="bbox 703 2202 2287 2306">
     <span class='ocr_line' id='line_1_12' title="bbox 703 2202 2287 2306; baseline 0.004 -32"><span class='ocrx_word' id='word_1_93' title='bbox 703 2203 824 2275; x_wconf 86' lang='lat' dir='ltr'>XXlll.</span> <span class='ocrx_word' id='word_1_94' title='bbox 877 2205 1030 2276; x_wconf 88' lang='lat' dir='ltr'>Actionis</span> <span class='ocrx_word' id='word_1_95' title='bbox 1058 2228 1176 2277; x_wconf 85' lang='lat' dir='ltr'>sacrae</span> <span class='ocrx_word' id='word_1_96' title='bbox 1210 2209 1334 2276; x_wconf 91' lang='lat' dir='ltr'>initium</span> <span class='ocrx_word' id='word_1_97' title='bbox 1370 2204 1496 2275; x_wconf 83' lang='lat' dir='ltr'>ducitur</span> <span class='ocrx_word' id='word_1_98' title='bbox 1532 2204 1573 2274; x_wconf 91' lang='lat' dir='ltr'>ab</span> <span class='ocrx_word' id='word_1_99' title='bbox 1609 2202 1724 2274; x_wconf 90' lang='lat' dir='ltr'>osculo</span> <span class='ocrx_word' id='word_1_100' title='bbox 1757 2207 1851 2298; x_wconf 81' lang='lat' dir='ltr'>pacis</span> <span class='ocrx_word' id='word_1_101' title='bbox 1879 2202 1966 2299; x_wconf 93' lang='lat' dir='ltr'>apud</span> <span class='ocrx_word' id='word_1_102' title='bbox 1996 2209 2287 2306; x_wconf 30' lang='lat' dir='ltr'>&#39;uammpaaesprae-</span> 
     </span>
    </p>

    <p class='ocr_par' dir='ltr' id='par_1_4' title="bbox 600 2312 2077 4731">
     <span class='ocr_line' id='line_1_13' title="bbox 603 2312 2077 2414; baseline 0.001 -26"><span class='ocrx_word' id='word_1_103' title='bbox 603 2315 833 2404; x_wconf 89' lang='lat' dir='ltr'>Nestorinnos,</span> <span class='ocrx_word' id='word_1_104' title='bbox 860 2331 895 2391; x_wconf 93' lang='lat' dir='ltr'>ut</span> <span class='ocrx_word' id='word_1_105' title='bbox 922 2321 1009 2414; x_wconf 94' lang='lat' dir='ltr'>apud</span> <span class='ocrx_word' id='word_1_106' title='bbox 1035 2321 1182 2414; x_wconf 87' lang='lat' dir='ltr'>reliquos</span> <span class='ocrx_word' id='word_1_107' title='bbox 1212 2319 1417 2392; x_wconf 90' lang='lat' dir='ltr'>Orientales:</span> <span class='ocrx_word' id='word_1_108' title='bbox 1452 2323 1600 2413; x_wconf 89' lang='lat' dir='ltr'>sequitur</span> <span class='ocrx_word' id='word_1_109' title='bbox 1636 2318 1820 2390; x_wconf 86' lang='lat' dir='ltr'>adhortatio</span> <span class='ocrx_word' id='word_1_110' title='bbox 1848 2312 2077 2390; x_wconf 67' lang='lat' dir='ltr'>solen-⁰¹t⁰²⁸·</span> 
     </span>
     <span class='ocr_line' id='line_1_14' title="bbox 602 2431 1966 2530; baseline 0.002 -28"><span class='ocrx_word' id='word_1_111' title='bbox 602 2436 652 2504; x_wconf 89' lang='lat' dir='ltr'>nis</span> <span class='ocrx_word' id='word_1_112' title='bbox 680 2431 819 2505; x_wconf 80' lang='lat' dir='ltr'>Sursmn</span> <span class='ocrx_word' id='word_1_113' title='bbox 846 2437 965 2524; x_wconf 86' lang='lat' dir='ltr'>corda,</span> <span class='ocrx_word' id='word_1_114' title='bbox 994 2443 1056 2506; x_wconf 84' lang='lat' dir='ltr'>etc.</span> <span class='ocrx_word' id='word_1_115' title='bbox 1086 2460 1170 2529; x_wconf 87' lang='lat' dir='ltr'>quae</span> <span class='ocrx_word' id='word_1_116' title='bbox 1197 2436 1318 2530; x_wconf 86' lang='lat' dir='ltr'>ubique</span> <span class='ocrx_word' id='word_1_117' title='bbox 1346 2446 1379 2506; x_wconf 89' lang='lat' dir='ltr'>et</span> <span class='ocrx_word' id='word_1_118' title='bbox 1406 2457 1538 2529; x_wconf 89' lang='lat' dir='ltr'>semper</span> <span class='ocrx_word' id='word_1_119' title='bbox 1566 2435 1746 2507; x_wconf 89' lang='lat' dir='ltr'>observata</span> <span class='ocrx_word' id='word_1_120' title='bbox 1772 2432 1876 2505; x_wconf 88' lang='lat' dir='ltr'>luisse</span> <span class='ocrx_word' id='word_1_121' title='bbox 1903 2457 1966 2505; x_wconf 93' lang='lat' dir='ltr'>re-</span> 
     </span>
     <span class='ocr_line' id='line_1_15' title="bbox 602 2549 1966 2646; baseline 0.001 -27"><span class='ocrx_word' id='word_1_122' title='bbox 602 2552 740 2643; x_wconf 92' lang='lat' dir='ltr'>peritur:</span> <span class='ocrx_word' id='word_1_123' title='bbox 786 2573 926 2645; x_wconf 88' lang='lat' dir='ltr'>eamque</span> <span class='ocrx_word' id='word_1_124' title='bbox 967 2556 1113 2646; x_wconf 85' lang='lat' dir='ltr'>sequitur</span> <span class='ocrx_word' id='word_1_125' title='bbox 1154 2556 1260 2623; x_wconf 93' lang='lat' dir='ltr'>oratio</span> <span class='ocrx_word' id='word_1_126' title='bbox 1294 2574 1379 2645; x_wconf 83' lang='lat' dir='ltr'>quac</span> <span class='ocrx_word' id='word_1_127' title='bbox 1421 2549 1506 2644; x_wconf 92' lang='lat' dir='ltr'>apud</span> <span class='ocrx_word' id='word_1_128' title='bbox 1544 2572 1606 2622; x_wconf 92' lang='lat' dir='ltr'>nos</span> <span class='ocrx_word' id='word_1_129' title='bbox 1642 2551 1845 2642; x_wconf 78' lang='lat' dir='ltr'>Praefatio,</span> <span class='ocrx_word' id='word_1_130' title='bbox 1880 2551 1966 2645; x_wconf 90' lang='lat' dir='ltr'>opud</span> 
     </span>
     <span class='ocr_line' id='line_1_16' title="bbox 603 2663 1967 2762; baseline -0.001 -27"><span class='ocrx_word' id='word_1_131' title='bbox 603 2663 730 2737; x_wconf 86' lang='lat' dir='ltr'>Gothos</span> <span class='ocrx_word' id='word_1_132' title='bbox 765 2675 797 2737; x_wconf 95' lang='lat' dir='ltr'>et</span> <span class='ocrx_word' id='word_1_133' title='bbox 840 2668 924 2740; x_wconf 90' lang='lat' dir='ltr'>alios</span> <span class='ocrx_word' id='word_1_134' title='bbox 967 2667 1179 2738; x_wconf 64' lang='lat' dir='ltr'>(ratramno</span> <span class='ocrx_word' id='word_1_135' title='bbox 1226 2667 1418 2762; x_wconf 87' lang='lat' dir='ltr'>appellatur.</span> <span class='ocrx_word' id='word_1_136' title='bbox 1476 2665 1527 2737; x_wconf 86' lang='lat' dir='ltr'>Ea</span> <span class='ocrx_word' id='word_1_137' title='bbox 1566 2664 1681 2737; x_wconf 91' lang='lat' dir='ltr'>laudes</span> <span class='ocrx_word' id='word_1_138' title='bbox 1717 2675 1751 2735; x_wconf 91' lang='lat' dir='ltr'>et</span> <span class='ocrx_word' id='word_1_139' title='bbox 1788 2667 1967 2755; x_wconf 90' lang='lat' dir='ltr'>gratiarum</span> 
     </span>
     <span class='ocr_line' id='line_1_17' title="bbox 602 2781 1966 2878; baseline 0.001 -28"><span class='ocrx_word' id='word_1_140' title='bbox 602 2783 749 2854; x_wconf 89' lang='lat' dir='ltr'>actiones</span> <span class='ocrx_word' id='word_1_141' title='bbox 776 2786 923 2854; x_wconf 87' lang='lat' dir='ltr'>continet</span> <span class='ocrx_word' id='word_1_142' title='bbox 949 2806 1009 2878; x_wconf 93' lang='lat' dir='ltr'>pro</span> <span class='ocrx_word' id='word_1_143' title='bbox 1039 2783 1189 2855; x_wconf 92' lang='lat' dir='ltr'>omnibus</span> <span class='ocrx_word' id='word_1_144' title='bbox 1216 2784 1385 2855; x_wconf 78' lang='lat' dir='ltr'>beneficiis</span> <span class='ocrx_word' id='word_1_145' title='bbox 1417 2781 1558 2853; x_wconf 92' lang='lat' dir='ltr'>humano</span> <span class='ocrx_word' id='word_1_146' title='bbox 1594 2786 1711 2874; x_wconf 84' lang='lat' dir='ltr'>generi</span> <span class='ocrx_word' id='word_1_147' title='bbox 1739 2806 1759 2853; x_wconf 93' lang='lat' dir='ltr'>a</span> <span class='ocrx_word' id='word_1_148' title='bbox 1786 2782 1860 2853; x_wconf 91' lang='lat' dir='ltr'>Deo</span> <span class='ocrx_word' id='word_1_149' title='bbox 1888 2781 1966 2852; x_wconf 92' lang='lat' dir='ltr'>ool-</span> 
     </span>
     <span class='ocr_line' id='line_1_18' title="bbox 600 2894 1965 2995; baseline 0.001 -30"><span class='ocrx_word' id='word_1_150' title='bbox 600 2894 692 2986; x_wconf 90' lang='lat' dir='ltr'>latis,</span> <span class='ocrx_word' id='word_1_151' title='bbox 729 2909 762 2968; x_wconf 91' lang='lat' dir='ltr'>et</span> <span class='ocrx_word' id='word_1_152' title='bbox 794 2902 826 2968; x_wconf 93' lang='lat' dir='ltr'>in</span> <span class='ocrx_word' id='word_1_153' title='bbox 861 2898 1048 2971; x_wconf 85' lang='lat' dir='ltr'>Clrorubico</span> <span class='ocrx_word' id='word_1_154' title='bbox 1083 2900 1204 2995; x_wconf 77' lang='lat' dir='ltr'>lrpmno</span> <span class='ocrx_word' id='word_1_155' title='bbox 1240 2899 1377 2988; x_wconf 88' lang='lat' dir='ltr'>desinit,</span> <span class='ocrx_word' id='word_1_156' title='bbox 1414 2898 1581 2985; x_wconf 75' lang='lat' dir='ltr'>Surrctao,</span> <span class='ocrx_word' id='word_1_157' title='bbox 1616 2898 1781 2983; x_wconf 80' lang='lat' dir='ltr'>Sanctus,</span> <span class='ocrx_word' id='word_1_158' title='bbox 1809 2897 1965 2968; x_wconf 70' lang='lat' dir='ltr'>Sanctus.</span> 
     </span>
     <span class='ocr_line' id='line_1_19' title="bbox 600 3011 1966 3108; baseline 0 -26"><span class='ocrx_word' id='word_1_159' title='bbox 600 3011 725 3083; x_wconf 90' lang='lat' dir='ltr'>Variae</span> <span class='ocrx_word' id='word_1_160' title='bbox 751 3036 852 3108; x_wconf 82' lang='lat' dir='ltr'>proruo</span> <span class='ocrx_word' id='word_1_161' title='bbox 880 3026 954 3085; x_wconf 92' lang='lat' dir='ltr'>sunt</span> <span class='ocrx_word' id='word_1_162' title='bbox 980 3020 1012 3085; x_wconf 92' lang='lat' dir='ltr'>in</span> <span class='ocrx_word' id='word_1_163' title='bbox 1040 3015 1190 3087; x_wconf 91' lang='lat' dir='ltr'>omnibus</span> <span class='ocrx_word' id='word_1_164' title='bbox 1225 3027 1288 3086; x_wconf 92' lang='lat' dir='ltr'>tam</span> <span class='ocrx_word' id='word_1_165' title='bbox 1318 3011 1539 3087; x_wconf 85' lang='lat' dir='ltr'>Orientalibus</span> <span class='ocrx_word' id='word_1_166' title='bbox 1574 3036 1670 3107; x_wconf 90' lang='lat' dir='ltr'>quam</span> <span class='ocrx_word' id='word_1_167' title='bbox 1698 3012 1966 3084; x_wconf 89' lang='lat' dir='ltr'>Occidentalibus</span> 
     </span>
     <span class='ocr_line' id='line_1_20' title="bbox 602 3128 1963 3219; baseline -0.001 -19"><span class='ocrx_word' id='word_1_168' title='bbox 602 3128 734 3216; x_wconf 78' lang='lat' dir='ltr'>Orneus,</span> <span class='ocrx_word' id='word_1_169' title='bbox 755 3129 995 3216; x_wconf 86' lang='lat' dir='ltr'>Praelationes,</span> <span class='ocrx_word' id='word_1_170' title='bbox 1024 3136 1051 3202; x_wconf 93' lang='lat' dir='ltr'>si</span> <span class='ocrx_word' id='word_1_171' title='bbox 1070 3132 1175 3204; x_wconf 89' lang='lat' dir='ltr'>verba</span> <span class='ocrx_word' id='word_1_172' title='bbox 1198 3131 1406 3219; x_wconf 90' lang='lat' dir='ltr'>attendimus,</span> <span class='ocrx_word' id='word_1_173' title='bbox 1430 3130 1490 3200; x_wconf 91' lang='lat' dir='ltr'>sod</span> <span class='ocrx_word' id='word_1_174' title='bbox 1509 3151 1623 3202; x_wconf 90' lang='lat' dir='ltr'>omnes</span> <span class='ocrx_word' id='word_1_175' title='bbox 1639 3133 1732 3202; x_wconf 92' lang='lat' dir='ltr'>unius</span> <span class='ocrx_word' id='word_1_176' title='bbox 1764 3138 1839 3201; x_wconf 89' lang='lat' dir='ltr'>sunt</span> <span class='ocrx_word' id='word_1_177' title='bbox 1865 3131 1963 3219; x_wconf 88' lang='lat' dir='ltr'>ejus-</span> 
     </span>
     <span class='ocr_line' id='line_1_21' title="bbox 603 3244 1963 3340; baseline 0 -27"><span class='ocrx_word' id='word_1_178' title='bbox 603 3244 742 3339; x_wconf 87' lang='lat' dir='ltr'>demque</span> <span class='ocrx_word' id='word_1_179' title='bbox 761 3251 955 3333; x_wconf 90' lang='lat' dir='ltr'>sententiae,</span> <span class='ocrx_word' id='word_1_180' title='bbox 979 3269 1045 3318; x_wconf 96' lang='lat' dir='ltr'>non</span> <span class='ocrx_word' id='word_1_181' title='bbox 1065 3251 1171 3317; x_wconf 90' lang='lat' dir='ltr'>minus</span> <span class='ocrx_word' id='word_1_182' title='bbox 1188 3270 1284 3340; x_wconf 83' lang='lat' dir='ltr'>qumn</span> <span class='ocrx_word' id='word_1_183' title='bbox 1312 3246 1460 3339; x_wconf 87' lang='lat' dir='ltr'>reliquae</span> <span class='ocrx_word' id='word_1_184' title='bbox 1477 3250 1644 3318; x_wconf 90' lang='lat' dir='ltr'>orationes</span> <span class='ocrx_word' id='word_1_185' title='bbox 1661 3268 1745 3339; x_wconf 89' lang='lat' dir='ltr'>quoe</span> <span class='ocrx_word' id='word_1_186' title='bbox 1772 3254 1963 3339; x_wconf 87' lang='lat' dir='ltr'>sequuntur,</span> 
     </span>
     <span class='ocr_line' id='line_1_22' title="bbox 601 3358 1966 3455; baseline 0 -26"><span class='ocrx_word' id='word_1_187' title='bbox 601 3381 706 3453; x_wconf 87' lang='lat' dir='ltr'>usque</span> <span class='ocrx_word' id='word_1_188' title='bbox 734 3361 775 3430; x_wconf 92' lang='lat' dir='ltr'>ad</span> <span class='ocrx_word' id='word_1_189' title='bbox 802 3365 1100 3455; x_wconf 88' lang='lat' dir='ltr'>pronuntiationem</span> <span class='ocrx_word' id='word_1_190' title='bbox 1127 3363 1308 3433; x_wconf 82' lang='lat' dir='ltr'>verborum</span> <span class='ocrx_word' id='word_1_191' title='bbox 1327 3362 1450 3435; x_wconf 86' lang='lat' dir='ltr'>Christi</span> <span class='ocrx_word' id='word_1_192' title='bbox 1476 3363 1616 3433; x_wconf 87' lang='lat' dir='ltr'>Domini.</span> <span class='ocrx_word' id='word_1_193' title='bbox 1668 3361 1705 3431; x_wconf 95' lang='lat' dir='ltr'>ln</span> <span class='ocrx_word' id='word_1_194' title='bbox 1723 3359 1839 3433; x_wconf 90' lang='lat' dir='ltr'>codice</span> <span class='ocrx_word' id='word_1_195' title='bbox 1858 3358 1966 3447; x_wconf 87' lang='lat' dir='ltr'>Eliae,</span> 
     </span>
     <span class='ocr_line' id='line_1_23' title="bbox 601 3476 1965 3571; baseline 0.002 -27"><span class='ocrx_word' id='word_1_196' title='bbox 601 3485 637 3545; x_wconf 96' lang='lat' dir='ltr'>ut</span> <span class='ocrx_word' id='word_1_197' title='bbox 663 3480 814 3570; x_wconf 91' lang='lat' dir='ltr'>superius</span> <span class='ocrx_word' id='word_1_198' title='bbox 840 3482 1041 3567; x_wconf 86' lang='lat' dir='ltr'>notavimus,</span> <span class='ocrx_word' id='word_1_199' title='bbox 1069 3478 1186 3549; x_wconf 92' lang='lat' dir='ltr'>desunt</span> <span class='ocrx_word' id='word_1_200' title='bbox 1210 3477 1291 3550; x_wconf 88' lang='lat' dir='ltr'>folia</span> <span class='ocrx_word' id='word_1_201' title='bbox 1318 3482 1450 3550; x_wconf 91' lang='lat' dir='ltr'>circiter</span> <span class='ocrx_word' id='word_1_202' title='bbox 1478 3478 1552 3565; x_wconf 90' lang='lat' dir='ltr'>duo,</span> <span class='ocrx_word' id='word_1_203' title='bbox 1581 3487 1614 3547; x_wconf 95' lang='lat' dir='ltr'>et</span> <span class='ocrx_word' id='word_1_204' title='bbox 1640 3499 1681 3547; x_wconf 91' lang='lat' dir='ltr'>ea</span> <span class='ocrx_word' id='word_1_205' title='bbox 1705 3476 1851 3571; x_wconf 89' lang='lat' dir='ltr'>suppleri</span> <span class='ocrx_word' id='word_1_206' title='bbox 1878 3497 1965 3571; x_wconf 92' lang='lat' dir='ltr'>pos-</span> 
     </span>
     <span class='ocr_line' id='line_1_24' title="bbox 602 3592 1961 3689; baseline -0.001 -27"><span class='ocrx_word' id='word_1_207' title='bbox 602 3602 676 3662; x_wconf 92' lang='lat' dir='ltr'>sunt</span> <span class='ocrx_word' id='word_1_208' title='bbox 703 3615 749 3663; x_wconf 83' lang='lat' dir='ltr'>ox</span> <span class='ocrx_word' id='word_1_209' title='bbox 776 3593 861 3674; x_wconf 79' lang='lat' dir='ltr'>aliis,</span> <span class='ocrx_word' id='word_1_210' title='bbox 889 3606 1042 3687; x_wconf 87' lang='lat' dir='ltr'>quantum</span> <span class='ocrx_word' id='word_1_211' title='bbox 1070 3594 1112 3665; x_wconf 94' lang='lat' dir='ltr'>ad</span> <span class='ocrx_word' id='word_1_212' title='bbox 1131 3597 1299 3667; x_wconf 87' lang='lat' dir='ltr'>orationes</span> <span class='ocrx_word' id='word_1_213' title='bbox 1328 3618 1412 3689; x_wconf 83' lang='lat' dir='ltr'>quae</span> <span class='ocrx_word' id='word_1_214' title='bbox 1430 3593 1645 3689; x_wconf 91' lang='lat' dir='ltr'>praecedunt,</span> <span class='ocrx_word' id='word_1_215' title='bbox 1672 3593 1758 3663; x_wconf 91' lang='lat' dir='ltr'>illam</span> <span class='ocrx_word' id='word_1_216' title='bbox 1780 3592 1961 3664; x_wconf 86' lang='lat' dir='ltr'>exEvan-</span> 
     </span>
     <span class='ocr_line' id='line_1_25' title="bbox 601 3707 1965 3804; baseline 0.001 -27"><span class='ocrx_word' id='word_1_217' title='bbox 601 3707 698 3797; x_wconf 82' lang='lat' dir='ltr'>gellis</span> <span class='ocrx_word' id='word_1_218' title='bbox 726 3711 918 3804; x_wconf 72' lang='lat' dir='ltr'>pericopen,</span> <span class='ocrx_word' id='word_1_219' title='bbox 948 3709 1013 3794; x_wconf 83' lang='lat' dir='ltr'>Oui</span> <span class='ocrx_word' id='word_1_220' title='bbox 1036 3712 1151 3800; x_wconf 85' lang='lat' dir='ltr'>pridie</span> <span class='ocrx_word' id='word_1_221' title='bbox 1178 3735 1276 3803; x_wconf 76' lang='lat' dir='ltr'>purim</span> <span class='ocrx_word' id='word_1_222' title='bbox 1299 3718 1489 3803; x_wconf 82' lang='lat' dir='ltr'>poteretur.</span> <span class='ocrx_word' id='word_1_223' title='bbox 1543 3708 1628 3779; x_wconf 89' lang='lat' dir='ltr'>Nam</span> <span class='ocrx_word' id='word_1_224' title='bbox 1654 3707 1759 3780; x_wconf 84' lang='lat' dir='ltr'>luisse</span> <span class='ocrx_word' id='word_1_225' title='bbox 1783 3708 1965 3800; x_wconf 86' lang='lat' dir='ltr'>Liturgiam</span> 
     </span>
     <span class='ocr_line' id='line_1_26' title="bbox 602 3821 1966 3920; baseline -0.001 -28"><span class='ocrx_word' id='word_1_226' title='bbox 602 3821 743 3917; x_wconf 88' lang='lat' dir='ltr'>aliquam</span> <span class='ocrx_word' id='word_1_227' title='bbox 771 3827 802 3894; x_wconf 95' lang='lat' dir='ltr'>in</span> <span class='ocrx_word' id='word_1_228' title='bbox 831 3847 895 3917; x_wconf 83' lang='lat' dir='ltr'>qua</span> <span class='ocrx_word' id='word_1_229' title='bbox 923 3829 1149 3896; x_wconf 83' lang='lat' dir='ltr'>omitterentur·</span> <span class='ocrx_word' id='word_1_230' title='bbox 1176 3826 1282 3897; x_wconf 90' lang='lat' dir='ltr'>verba</span> <span class='ocrx_word' id='word_1_231' title='bbox 1310 3826 1440 3913; x_wconf 88' lang='lat' dir='ltr'>Christi,</span> <span class='ocrx_word' id='word_1_232' title='bbox 1467 3824 1644 3897; x_wconf 90' lang='lat' dir='ltr'>inauditum</span> <span class='ocrx_word' id='word_1_233' title='bbox 1665 3847 1801 3920; x_wconf 89' lang='lat' dir='ltr'>prorsus</span> <span class='ocrx_word' id='word_1_234' title='bbox 1819 3825 1966 3916; x_wconf 88' lang='lat' dir='ltr'>antiqui-</span> 
     </span>
     <span class='ocr_line' id='line_1_27' title="bbox 602 3940 1965 4035; baseline -0.001 -27"><span class='ocrx_word' id='word_1_235' title='bbox 602 3947 678 4026; x_wconf 89' lang='lat' dir='ltr'>tus,</span> <span class='ocrx_word' id='word_1_236' title='bbox 706 3947 740 4010; x_wconf 93' lang='lat' dir='ltr'>et</span> <span class='ocrx_word' id='word_1_237' title='bbox 766 3951 882 4011; x_wconf 87' lang='lat' dir='ltr'>contra</span> <span class='ocrx_word' id='word_1_238' title='bbox 909 3944 1050 4011; x_wconf 90' lang='lat' dir='ltr'>omnium</span> <span class='ocrx_word' id='word_1_239' title='bbox 1077 3942 1322 4029; x_wconf 84' lang='lat' dir='ltr'>Ecclesiarum,</span> <span class='ocrx_word' id='word_1_240' title='bbox 1363 3945 1428 4013; x_wconf 91' lang='lat' dir='ltr'>imo</span> <span class='ocrx_word' id='word_1_241' title='bbox 1464 3951 1497 4013; x_wconf 88' lang='lat' dir='ltr'>et</span> <span class='ocrx_word' id='word_1_242' title='bbox 1530 3944 1631 4035; x_wconf 91' lang='lat' dir='ltr'>ipsius</span> <span class='ocrx_word' id='word_1_243' title='bbox 1666 3940 1706 4010; x_wconf 90' lang='lat' dir='ltr'>do</span> <span class='ocrx_word' id='word_1_244' title='bbox 1742 3964 1805 4035; x_wconf 89' lang='lat' dir='ltr'>qua</span> <span class='ocrx_word' id='word_1_245' title='bbox 1836 3943 1965 4031; x_wconf 82' lang='lat' dir='ltr'>agimus</span> 
     </span>
     <span class='ocr_line' id='line_1_28' title="bbox 602 4053 1965 4151; baseline -0.001 -26"><span class='ocrx_word' id='word_1_246' title='bbox 602 4053 823 4127; x_wconf 89' lang='lat' dir='ltr'>Nestorianao</span> <span class='ocrx_word' id='word_1_247' title='bbox 851 4055 1066 4150; x_wconf 88' lang='lat' dir='ltr'>disciplinam,</span> <span class='ocrx_word' id='word_1_248' title='bbox 1095 4082 1180 4151; x_wconf 85' lang='lat' dir='ltr'>quae</span> <span class='ocrx_word' id='word_1_249' title='bbox 1208 4081 1252 4128; x_wconf 83' lang='lat' dir='ltr'>ox</span> <span class='ocrx_word' id='word_1_250' title='bbox 1279 4058 1447 4129; x_wconf 85' lang='lat' dir='ltr'>Theodori</span> <span class='ocrx_word' id='word_1_251' title='bbox 1474 4068 1507 4128; x_wconf 90' lang='lat' dir='ltr'>ot</span> <span class='ocrx_word' id='word_1_252' title='bbox 1534 4056 1679 4127; x_wconf 91' lang='lat' dir='ltr'>Nestorii</span> <span class='ocrx_word' id='word_1_253' title='bbox 1694 4056 1853 4147; x_wconf 86' lang='lat' dir='ltr'>Liturgiis</span> <span class='ocrx_word' id='word_1_254' title='bbox 1880 4077 1965 4151; x_wconf 90' lang='lat' dir='ltr'>per-</span> 
     </span>
     <span class='ocr_line' id='line_1_29' title="bbox 603 4172 1965 4280; baseline 0.001 -39"><span class='ocrx_word' id='word_1_255' title='bbox 603 4174 717 4265; x_wconf 92' lang='lat' dir='ltr'>spicue</span> <span class='ocrx_word' id='word_1_256' title='bbox 744 4175 946 4263; x_wconf 82' lang='lat' dir='ltr'>agnoscitur.</span> <span class='ocrx_word' id='word_1_257' title='bbox 998 4172 1045 4244; x_wconf 81' lang='lat' dir='ltr'>At</span> <span class='ocrx_word' id='word_1_258' title='bbox 1072 4172 1158 4266; x_wconf 83' lang='lat' dir='ltr'>quod</span> <span class='ocrx_word' id='word_1_259' title='bbox 1184 4174 1312 4280; x_wconf 75' lang='lat' dir='ltr'>illorum</span> <span class='ocrx_word' id='word_1_260' title='bbox 1338 4172 1478 4244; x_wconf 88' lang='lat' dir='ltr'>formam</span> <span class='ocrx_word' id='word_1_261' title='bbox 1506 4175 1669 4243; x_wconf 91' lang='lat' dir='ltr'>immutari</span> <span class='ocrx_word' id='word_1_262' title='bbox 1696 4174 1808 4244; x_wconf 86' lang='lat' dir='ltr'>sanxit</span> <span class='ocrx_word' id='word_1_263' title='bbox 1823 4172 1965 4243; x_wconf 85' lang='lat' dir='ltr'>Alexius</span> 
     </span>
     <span class='ocr_line' id='line_1_30' title="bbox 602 4285 1965 4381; baseline -0.001 -24"><span class='ocrx_word' id='word_1_264' title='bbox 602 4285 785 4371; x_wconf 83' lang='lat' dir='ltr'>Menesius,</span> <span class='ocrx_word' id='word_1_265' title='bbox 813 4287 1011 4358; x_wconf 89' lang='lat' dir='ltr'>utRomana</span> <span class='ocrx_word' id='word_1_266' title='bbox 1039 4287 1303 4380; x_wconf 87' lang='lat' dir='ltr'>substitueretur,</span> <span class='ocrx_word' id='word_1_267' title='bbox 1328 4312 1395 4362; x_wconf 94' lang='lat' dir='ltr'>non</span> <span class='ocrx_word' id='word_1_268' title='bbox 1411 4292 1546 4381; x_wconf 91' lang='lat' dir='ltr'>maj0ris</span> <span class='ocrx_word' id='word_1_269' title='bbox 1568 4290 1750 4358; x_wconf 88' lang='lat' dir='ltr'>autoritatis</span> <span class='ocrx_word' id='word_1_270' title='bbox 1778 4295 1841 4376; x_wconf 92' lang='lat' dir='ltr'>est,</span> <span class='ocrx_word' id='word_1_271' title='bbox 1869 4309 1965 4379; x_wconf 90' lang='lat' dir='ltr'>quam</span> 
     </span>
     <span class='ocr_line' id='line_1_31' title="bbox 602 4402 1965 4499; baseline -0.001 -27"><span class='ocrx_word' id='word_1_272' title='bbox 602 4405 751 4475; x_wconf 90' lang='lat' dir='ltr'>rationes</span> <span class='ocrx_word' id='word_1_273' title='bbox 781 4403 852 4474; x_wconf 91' lang='lat' dir='ltr'>talis</span> <span class='ocrx_word' id='word_1_274' title='bbox 880 4405 1162 4498; x_wconf 78' lang='lat' dir='ltr'>interpolationiS,</span> <span class='ocrx_word' id='word_1_275' title='bbox 1196 4428 1278 4498; x_wconf 90' lang='lat' dir='ltr'>quas</span> <span class='ocrx_word' id='word_1_276' title='bbox 1314 4410 1346 4477; x_wconf 93' lang='lat' dir='ltr'>in</span> <span class='ocrx_word' id='word_1_277' title='bbox 1372 4406 1527 4476; x_wconf 90' lang='lat' dir='ltr'>Decretis</span> <span class='ocrx_word' id='word_1_278' title='bbox 1554 4404 1682 4499; x_wconf 79' lang='lat' dir='ltr'>Synodi</span> <span class='ocrx_word' id='word_1_279' title='bbox 1709 4402 1965 4496; x_wconf 90' lang='lat' dir='ltr'>Diamperanae,</span> 
     </span>
     <span class='ocr_line' id='line_1_32' title="bbox 603 4515 1965 4612; baseline -0.001 -24"><span class='ocrx_word' id='word_1_280' title='bbox 603 4520 658 4612; x_wconf 89' lang='lat' dir='ltr'>qui</span> <span class='ocrx_word' id='word_1_281' title='bbox 684 4519 860 4590; x_wconf 88' lang='lat' dir='ltr'>scribendo</span> <span class='ocrx_word' id='word_1_282' title='bbox 888 4520 1036 4606; x_wconf 88' lang='lat' dir='ltr'>adorant,</span> <span class='ocrx_word' id='word_1_283' title='bbox 1064 4529 1181 4591; x_wconf 81' lang='lat' dir='ltr'>extare</span> <span class='ocrx_word' id='word_1_284' title='bbox 1208 4521 1393 4592; x_wconf 90' lang='lat' dir='ltr'>voluerunt.</span> <span class='ocrx_word' id='word_1_285' title='bbox 1446 4520 1498 4591; x_wconf 89' lang='lat' dir='ltr'>Do</span> <span class='ocrx_word' id='word_1_286' title='bbox 1526 4519 1588 4592; x_wconf 91' lang='lat' dir='ltr'>illis</span> <span class='ocrx_word' id='word_1_287' title='bbox 1604 4521 1673 4610; x_wconf 89' lang='lat' dir='ltr'>jam</span> <span class='ocrx_word' id='word_1_288' title='bbox 1696 4517 1852 4589; x_wconf 92' lang='lat' dir='ltr'>nonnulla</span> <span class='ocrx_word' id='word_1_289' title='bbox 1879 4515 1965 4586; x_wconf 85' lang='lat' dir='ltr'>dieta</span> 
     </span>
     <span class='ocr_line' id='line_1_33' title="bbox 602 4636 1229 4731; baseline -0.003 -23"><span class='ocrx_word' id='word_1_290' title='bbox 602 4644 690 4724; x_wconf 84' lang='lat' dir='ltr'>sunt,</span> <span class='ocrx_word' id='word_1_291' title='bbox 718 4645 752 4705; x_wconf 95' lang='lat' dir='ltr'>et</span> <span class='ocrx_word' id='word_1_292' title='bbox 778 4639 810 4705; x_wconf 94' lang='lat' dir='ltr'>in</span> <span class='ocrx_word' id='word_1_293' title='bbox 837 4640 923 4707; x_wconf 87' lang='lat' dir='ltr'>notis</span> <span class='ocrx_word' id='word_1_294' title='bbox 951 4636 1044 4731; x_wconf 92' lang='lat' dir='ltr'>plura</span> <span class='ocrx_word' id='word_1_295' title='bbox 1073 4636 1229 4707; x_wconf 88' lang='lat' dir='ltr'>dicentur.</span> 
     </span>
    </p>

    <p class='ocr_par' dir='ltr' id='par_1_5' title="bbox 602 4750 2285 5311">
     <span class='ocr_line' id='line_1_34' title="bbox 705 4750 2285 4849; baseline -0.003 -26"><span class='ocrx_word' id='word_1_296' title='bbox 705 4752 827 4823; x_wconf 85' lang='lat' dir='ltr'>XXIV.</span> <span class='ocrx_word' id='word_1_297' title='bbox 882 4752 1144 4825; x_wconf 82' lang='lat' dir='ltr'>Observavimus</span> <span class='ocrx_word' id='word_1_298' title='bbox 1173 4776 1304 4849; x_wconf 83' lang='lat' dir='ltr'>quoque</span> <span class='ocrx_word' id='word_1_299' title='bbox 1331 4756 1582 4826; x_wconf 90' lang='lat' dir='ltr'>luvocationom</span> <span class='ocrx_word' id='word_1_300' title='bbox 1608 4752 1751 4847; x_wconf 86' lang='lat' dir='ltr'>Spiritus</span> <span class='ocrx_word' id='word_1_301' title='bbox 1779 4750 1898 4837; x_wconf 89' lang='lat' dir='ltr'>sancti,</span> <span class='ocrx_word' id='word_1_302' title='bbox 1932 4750 1964 4818; x_wconf 91' lang='lat' dir='ltr'>in</span> <span class='ocrx_word' id='word_1_303' title='bbox 2020 4774 2152 4827; x_wconf 69' lang='lat' dir='ltr'>rivocano</span> <span class='ocrx_word' id='word_1_304' title='bbox 2175 4775 2285 4841; x_wconf 66' lang='lat' dir='ltr'>spara,</span> 
     </span>
     <span class='ocr_line' id='line_1_35' title="bbox 602 4861 2285 4964; baseline -0.001 -29"><span class='ocrx_word' id='word_1_305' title='bbox 602 4868 707 4962; x_wconf 92' lang='lat' dir='ltr'>prima</span> <span class='ocrx_word' id='word_1_306' title='bbox 734 4865 880 4959; x_wconf 92' lang='lat' dir='ltr'>Liturgia</span> <span class='ocrx_word' id='word_1_307' title='bbox 908 4893 949 4940; x_wconf 92' lang='lat' dir='ltr'>eo</span> <span class='ocrx_word' id='word_1_308' title='bbox 977 4868 1053 4940; x_wconf 86' lang='lat' dir='ltr'>loeo</span> <span class='ocrx_word' id='word_1_309' title='bbox 1081 4873 1240 4964; x_wconf 80' lang='lat' dir='ltr'>positam,</span> <span class='ocrx_word' id='word_1_310' title='bbox 1267 4869 1322 4940; x_wconf 94' lang='lat' dir='ltr'>ubi</span> <span class='ocrx_word' id='word_1_311' title='bbox 1349 4871 1452 4962; x_wconf 92' lang='lat' dir='ltr'>vulgo</span> <span class='ocrx_word' id='word_1_312' title='bbox 1479 4892 1547 4940; x_wconf 94' lang='lat' dir='ltr'>non</span> <span class='ocrx_word' id='word_1_313' title='bbox 1577 4868 1714 4959; x_wconf 88' lang='lat' dir='ltr'>legitur,</span> <span class='ocrx_word' id='word_1_314' title='bbox 1747 4865 1872 4937; x_wconf 91' lang='lat' dir='ltr'>scilicet</span> <span class='ocrx_word' id='word_1_315' title='bbox 1898 4861 2285 4960; x_wconf 49' lang='lat' dir='ltr'>apsancrrrnprmaunnf-</span> 
     </span>
     <span class='ocr_line' id='line_1_36' title="bbox 602 4946 2285 5077; baseline -0.002 -23"><span class='ocrx_word' id='word_1_316' title='bbox 602 4993 735 5076; x_wconf 88' lang='lat' dir='ltr'>tequam</span> <span class='ocrx_word' id='word_1_317' title='bbox 762 4988 1018 5077; x_wconf 86' lang='lat' dir='ltr'>pronuncientur</span> <span class='ocrx_word' id='word_1_318' title='bbox 1044 4983 1150 5056; x_wconf 86' lang='lat' dir='ltr'>verba</span> <span class='ocrx_word' id='word_1_319' title='bbox 1178 4985 1300 5057; x_wconf 82' lang='lat' dir='ltr'>Christi</span> <span class='ocrx_word' id='word_1_320' title='bbox 1325 4987 1467 5058; x_wconf 91' lang='lat' dir='ltr'>Domini.</span> <span class='ocrx_word' id='word_1_321' title='bbox 1519 4985 1643 5055; x_wconf 90' lang='lat' dir='ltr'>Postea</span> <span class='ocrx_word' id='word_1_322' title='bbox 1666 5005 1751 5055; x_wconf 89' lang='lat' dir='ltr'>vero</span> <span class='ocrx_word' id='word_1_323' title='bbox 1778 5003 1845 5052; x_wconf 93' lang='lat' dir='ltr'>non</span> <span class='ocrx_word' id='word_1_324' title='bbox 1872 4946 2285 5072; x_wconf 66' lang='lat' dir='ltr'>legi-⁸¹³¹&#39;¹⁸⁰¹¹&#39;¹”¹²¹¹¹⁰¹¹‘¹&#39;</span> 
     </span>
     <span class='ocr_line' id='line_1_37' title="bbox 603 5096 1964 5192; baseline 0 -23"><span class='ocrx_word' id='word_1_325' title='bbox 603 5108 672 5187; x_wconf 90' lang='lat' dir='ltr'>tur,</span> <span class='ocrx_word' id='word_1_326' title='bbox 699 5102 792 5169; x_wconf 92' lang='lat' dir='ltr'>utin</span> <span class='ocrx_word' id='word_1_327' title='bbox 820 5099 945 5171; x_wconf 91' lang='lat' dir='ltr'>duabus</span> <span class='ocrx_word' id='word_1_328' title='bbox 980 5099 1112 5189; x_wconf 76' lang='lat' dir='ltr'>alteria,</span> <span class='ocrx_word' id='word_1_329' title='bbox 1148 5109 1181 5171; x_wconf 91' lang='lat' dir='ltr'>et</span> <span class='ocrx_word' id='word_1_330' title='bbox 1213 5104 1246 5170; x_wconf 92' lang='lat' dir='ltr'>in</span> <span class='ocrx_word' id='word_1_331' title='bbox 1282 5100 1433 5173; x_wconf 93' lang='lat' dir='ltr'>omnibus</span> <span class='ocrx_word' id='word_1_332' title='bbox 1468 5097 1700 5172; x_wconf 87' lang='lat' dir='ltr'>Orientalibus.</span> <span class='ocrx_word' id='word_1_333' title='bbox 1753 5098 1790 5168; x_wconf 92' lang='lat' dir='ltr'>ln</span> <span class='ocrx_word' id='word_1_334' title='bbox 1824 5096 1964 5192; x_wconf 88' lang='lat' dir='ltr'>Coptica</span> 
     </span>
     <span class='ocr_line' id='line_1_38' title="bbox 602 5213 1963 5311; baseline -0.001 -27"><span class='ocrx_word' id='word_1_335' title='bbox 602 5213 715 5287; x_wconf 92' lang='lat' dir='ltr'>Basilii</span> <span class='ocrx_word' id='word_1_336' title='bbox 743 5239 827 5311; x_wconf 90' lang='lat' dir='ltr'>quae</span> <span class='ocrx_word' id='word_1_337' title='bbox 854 5216 988 5287; x_wconf 91' lang='lat' dir='ltr'>duarum</span> <span class='ocrx_word' id='word_1_338' title='bbox 1017 5217 1154 5287; x_wconf 88' lang='lat' dir='ltr'>aliorum</span> <span class='ocrx_word' id='word_1_339' title='bbox 1181 5214 1299 5288; x_wconf 85' lang='lat' dir='ltr'>Canon</span> <span class='ocrx_word' id='word_1_340' title='bbox 1331 5227 1400 5308; x_wconf 89' lang='lat' dir='ltr'>est,</span> <span class='ocrx_word' id='word_1_341' title='bbox 1436 5220 1610 5287; x_wconf 85' lang='lat' dir='ltr'>invocatur</span> <span class='ocrx_word' id='word_1_342' title='bbox 1644 5213 1784 5308; x_wconf 88' lang='lat' dir='ltr'>Spiritus</span> <span class='ocrx_word' id='word_1_343' title='bbox 1818 5224 1963 5302; x_wconf 78' lang='lat' dir='ltr'>sanctuS,</span> 
     </span>
    </p>
   </div>
   <div class='ocr_carea' id='block_1_3' title="bbox 602 5330 1963 5523">
    <p class='ocr_par' dir='ltr' id='par_1_6' title="bbox 602 5330 1963 5523">
     <span class='ocr_line' id='line_1_39' title="bbox 602 5330 1963 5427; baseline 0.003 -28"><span class='ocrx_word' id='word_1_344' title='bbox 602 5340 638 5401; x_wconf 94' lang='lat' dir='ltr'>ut</span> <span class='ocrx_word' id='word_1_345' title='bbox 664 5331 833 5403; x_wconf 83' lang='lat' dir='ltr'>offerenda</span> <span class='ocrx_word' id='word_1_346' title='bbox 861 5334 949 5405; x_wconf 91' lang='lat' dir='ltr'>dona</span> <span class='ocrx_word' id='word_1_347' title='bbox 976 5343 1171 5426; x_wconf 85' lang='lat' dir='ltr'>consecret,</span> <span class='ocrx_word' id='word_1_348' title='bbox 1199 5342 1233 5406; x_wconf 89' lang='lat' dir='ltr'>ct</span> <span class='ocrx_word' id='word_1_349' title='bbox 1258 5333 1375 5406; x_wconf 87' lang='lat' dir='ltr'>efficiat</span> <span class='ocrx_word' id='word_1_350' title='bbox 1400 5353 1522 5427; x_wconf 92' lang='lat' dir='ltr'>corpus</span> <span class='ocrx_word' id='word_1_351' title='bbox 1549 5341 1582 5402; x_wconf 90' lang='lat' dir='ltr'>et</span> <span class='ocrx_word' id='word_1_352' title='bbox 1608 5333 1802 5421; x_wconf 87' lang='lat' dir='ltr'>sanguinem</span> <span class='ocrx_word' id='word_1_353' title='bbox 1825 5330 1963 5404; x_wconf 87' lang='lat' dir='ltr'>Christi:</span> 
     </span>
     <span class='ocr_line' id='line_1_40' title="bbox 1676 5447 1757 5523; baseline 0.037 -3"><span class='ocrx_word' id='word_1_354' title='bbox 1676 5448 1726 5523; x_wconf 78' lang='lat'>75</span> <span class='ocrx_word' id='word_1_355' title='bbox 1740 5447 1757 5482; x_wconf 76' lang='lat'>⁴*</span> 
     </span>
    </p>
   </div>
   <div class='ocr_carea' id='block_1_4' title="bbox 1977 5035 2121 5088">
    <p class='ocr_par' dir='ltr' id='par_1_7' title="bbox 1977 5035 2121 5088">
     <span class='ocr_line' id='line_1_41' title="bbox 1977 5035 2121 5088; baseline -0.028 -1"><span class='ocrx_word' id='word_1_356' title='bbox 1977 5037 2009 5087; x_wconf 83' lang='lat' dir='ltr'>sti</span> <span class='ocrx_word' id='word_1_357' title='bbox 2028 5035 2121 5088; x_wconf 83' lang='lat' dir='ltr'>verbis.</span> 
     </span>
    </p>
   </div>
   <div class='ocr_carea' id='block_1_5' title="bbox 0 0 2584 6532">
    <p class='ocr_par' dir='ltr' id='par_1_8' title="bbox 0 0 2584 6532">
     <span class='ocr_line' id='line_1_42' title="bbox 0 0 2584 6532; baseline 0 0"><span class='ocrx_word' id='word_1_358' title='bbox 0 0 2584 6532; x_wconf 95' lang='lat' dir='ltr'> </span> 
     </span>
    </p>
   </div>
  </div>
 </body>
</html>
