<?xml version="1.0" encoding="UTF-8"?>
<!DOCTYPE html PUBLIC "-//W3C//DTD XHTML 1.0 Transitional//EN"
    "http://www.w3.org/TR/xhtml1/DTD/xhtml1-transitional.dtd">
<html xmlns="http://www.w3.org/1999/xhtml" xml:lang="en" lang="en">
 <head>
  <title>
</title>
<meta http-equiv="Content-Type" content="text/html;charset=utf-8" />
  <meta name='ocr-system' content='tesseract 3.04.00' />
  <meta name='ocr-capabilities' content='ocr_page ocr_carea ocr_par ocr_line ocrx_word'/>
</head>
<body>
  <div class='ocr_page' id='page_1' title='image "./liturgiarumorie00renagoog_0101.png"; bbox 0 0 5150 6534; ppageno 0'>
   <div class='ocr_carea' id='block_1_1' title="bbox 815 833 1857 911">
    <p class='ocr_par' dir='ltr' id='par_1_1' title="bbox 815 833 1857 911">
     <span class='ocr_line' id='line_1_1' title="bbox 815 833 1857 911; baseline -0.004 0"><span class='ocrx_word' id='word_1_1' title='bbox 815 834 868 911; x_wconf 85' lang='lat' dir='ltr'>lll</span> <span class='ocrx_word' id='word_1_2' title='bbox 910 835 1201 911; x_wconf 77' lang='lat' dir='ltr'>blTUllGllS</span> <span class='ocrx_word' id='word_1_3' title='bbox 1244 833 1526 910; x_wconf 78' lang='lat' dir='ltr'>st&#39;ntnoas.</span> <span class='ocrx_word' id='word_1_4' title='bbox 1808 836 1857 907; x_wconf 82' lang='lat'>03</span> 
     </span>
    </p>
   </div>
   <div class='ocr_carea' id='block_1_2' title="bbox 431 1017 2187 5252">
    <p class='ocr_par' dir='ltr' id='par_1_2' title="bbox 485 1017 1860 1794">
     <span class='ocr_line' id='line_1_2' title="bbox 487 1017 1858 1100; baseline -0.003 -15"><span class='ocrx_word' id='word_1_5' title='bbox 487 1021 588 1097; x_wconf 86' lang='lat' dir='ltr'>debet,</span> <span class='ocrx_word' id='word_1_6' title='bbox 611 1021 682 1100; x_wconf 84' lang='lat' dir='ltr'>quia</span> <span class='ocrx_word' id='word_1_7' title='bbox 704 1027 736 1080; x_wconf 93' lang='lat' dir='ltr'>ut</span> <span class='ocrx_word' id='word_1_8' title='bbox 758 1018 854 1099; x_wconf 86' lang='lat' dir='ltr'>nraj0r</span> <span class='ocrx_word' id='word_1_9' title='bbox 876 1027 906 1080; x_wconf 91' lang='lat' dir='ltr'>et</span> <span class='ocrx_word' id='word_1_10' title='bbox 930 1018 1027 1080; x_wconf 87' lang='lat' dir='ltr'>inedia</span> <span class='ocrx_word' id='word_1_11' title='bbox 1051 1019 1136 1097; x_wconf 90' lang='lat' dir='ltr'>panis</span> <span class='ocrx_word' id='word_1_12' title='bbox 1160 1036 1229 1098; x_wconf 92' lang='lat' dir='ltr'>pars</span> <span class='ocrx_word' id='word_1_13' title='bbox 1253 1035 1345 1079; x_wconf 89' lang='lat' dir='ltr'>cruce</span> <span class='ocrx_word' id='word_1_14' title='bbox 1366 1017 1471 1097; x_wconf 87' lang='lat' dir='ltr'>rnajori</span> <span class='ocrx_word' id='word_1_15' title='bbox 1495 1017 1612 1098; x_wconf 87' lang='lat' dir='ltr'>signata</span> <span class='ocrx_word' id='word_1_16' title='bbox 1636 1026 1692 1094; x_wconf 89' lang='lat' dir='ltr'>est,</span> <span class='ocrx_word' id='word_1_17' title='bbox 1717 1018 1757 1078; x_wconf 88' lang='lat' dir='ltr'>ita</span> <span class='ocrx_word' id='word_1_18' title='bbox 1781 1019 1858 1082; x_wconf 86' lang='lat' dir='ltr'>aliae</span> 
     </span>
     <span class='ocr_line' id='line_1_3' title="bbox 488 1115 1859 1199; baseline -0.003 -17"><span class='ocrx_word' id='word_1_19' title='bbox 488 1119 661 1195; x_wconf 84' lang='lat' dir='ltr'>cruciculis,</span> <span class='ocrx_word' id='word_1_20' title='bbox 683 1127 717 1180; x_wconf 89' lang='lat' dir='ltr'>nt</span> <span class='ocrx_word' id='word_1_21' title='bbox 739 1137 778 1180; x_wconf 86' lang='lat' dir='ltr'>ex</span> <span class='ocrx_word' id='word_1_22' title='bbox 801 1117 896 1199; x_wconf 84' lang='lat' dir='ltr'>ligura</span> <span class='ocrx_word' id='word_1_23' title='bbox 920 1136 1007 1198; x_wconf 82' lang='lat' dir='ltr'>quarn</span> <span class='ocrx_word' id='word_1_24' title='bbox 1030 1117 1204 1180; x_wconf 89' lang='lat' dir='ltr'>Sinnondus</span> <span class='ocrx_word' id='word_1_25' title='bbox 1228 1115 1337 1192; x_wconf 88' lang='lat' dir='ltr'>edidit,</span> <span class='ocrx_word' id='word_1_26' title='bbox 1366 1118 1491 1198; x_wconf 80' lang='lat' dir='ltr'>agnosci</span> <span class='ocrx_word' id='word_1_27' title='bbox 1514 1122 1623 1195; x_wconf 88' lang='lat' dir='ltr'>potest.</span> <span class='ocrx_word' id='word_1_28' title='bbox 1659 1115 1756 1178; x_wconf 87' lang='lat' dir='ltr'>Striae</span> <span class='ocrx_word' id='word_1_29' title='bbox 1780 1118 1859 1179; x_wconf 90' lang='lat' dir='ltr'>enirn</span> 
     </span>
     <span class='ocr_line' id='line_1_4' title="bbox 487 1214 1859 1299; baseline -0.003 -19"><span class='ocrx_word' id='word_1_30' title='bbox 487 1217 701 1299; x_wconf 66' lang='lat' dir='ltr'>profundiores</span> <span class='ocrx_word' id='word_1_31' title='bbox 733 1235 811 1298; x_wconf 86' lang='lat' dir='ltr'>quae</span> <span class='ocrx_word' id='word_1_32' title='bbox 840 1218 918 1278; x_wconf 88' lang='lat' dir='ltr'>inter</span> <span class='ocrx_word' id='word_1_33' title='bbox 948 1217 1114 1278; x_wconf 79' lang='lat' dir='ltr'>cruciculas</span> <span class='ocrx_word' id='word_1_34' title='bbox 1137 1215 1357 1292; x_wconf 71' lang='lat' dir='ltr'>observantur,</span> <span class='ocrx_word' id='word_1_35' title='bbox 1393 1214 1503 1276; x_wconf 87' lang='lat' dir='ltr'>iaciunt</span> <span class='ocrx_word' id='word_1_36' title='bbox 1533 1223 1564 1276; x_wconf 88' lang='lat' dir='ltr'>ut</span> <span class='ocrx_word' id='word_1_37' title='bbox 1592 1215 1678 1293; x_wconf 88' lang='lat' dir='ltr'>panis</span> <span class='ocrx_word' id='word_1_38' title='bbox 1709 1216 1739 1275; x_wconf 94' lang='lat' dir='ltr'>in</span> <span class='ocrx_word' id='word_1_39' title='bbox 1762 1216 1859 1294; x_wconf 90' lang='lat' dir='ltr'>parti-</span> 
     </span>
     <span class='ocr_line' id='line_1_5' title="bbox 487 1312 1860 1396; baseline -0.005 -16"><span class='ocrx_word' id='word_1_40' title='bbox 487 1318 571 1380; x_wconf 90' lang='lat' dir='ltr'>culas</span> <span class='ocrx_word' id='word_1_41' title='bbox 594 1317 682 1380; x_wconf 85' lang='lat' dir='ltr'>l&#39;acilo</span> <span class='ocrx_word' id='word_1_42' title='bbox 705 1317 873 1396; x_wconf 79' lang='lat' dir='ltr'>lrarrgatur,</span> <span class='ocrx_word' id='word_1_43' title='bbox 896 1324 926 1377; x_wconf 86' lang='lat' dir='ltr'>ct</span> <span class='ocrx_word' id='word_1_44' title='bbox 950 1334 1053 1377; x_wconf 87' lang='lat' dir='ltr'>nrrrnes</span> <span class='ocrx_word' id='word_1_45' title='bbox 1077 1333 1208 1390; x_wconf 84' lang='lat' dir='ltr'>cruceni,</span> <span class='ocrx_word' id='word_1_46' title='bbox 1232 1314 1298 1375; x_wconf 87' lang='lat' dir='ltr'>sive</span> <span class='ocrx_word' id='word_1_47' title='bbox 1321 1312 1451 1393; x_wconf 76' lang='lat' dir='ltr'>sigillata</span> <span class='ocrx_word' id='word_1_48' title='bbox 1472 1313 1592 1390; x_wconf 85' lang='lat' dir='ltr'>liabent,</span> <span class='ocrx_word' id='word_1_49' title='bbox 1617 1331 1705 1392; x_wconf 89' lang='lat' dir='ltr'>quarn</span> <span class='ocrx_word' id='word_1_50' title='bbox 1728 1312 1766 1374; x_wconf 93' lang='lat' dir='ltr'>ob</span> <span class='ocrx_word' id='word_1_51' title='bbox 1783 1331 1860 1373; x_wconf 89' lang='lat' dir='ltr'>ean-</span> 
     </span>
     <span class='ocr_line' id='line_1_6' title="bbox 487 1411 1859 1495; baseline -0.003 -17"><span class='ocrx_word' id='word_1_52' title='bbox 487 1434 549 1478; x_wconf 87' lang='lat' dir='ltr'>sanr</span> <span class='ocrx_word' id='word_1_53' title='bbox 572 1417 672 1494; x_wconf 77' lang='lat' dir='ltr'>cipido</span> <span class='ocrx_word' id='word_1_54' title='bbox 695 1434 816 1495; x_wconf 86' lang='lat' dir='ltr'>qaoque</span> <span class='ocrx_word' id='word_1_55' title='bbox 839 1422 995 1478; x_wconf 74' lang='lat' dir='ltr'>vacuantur.</span> <span class='ocrx_word' id='word_1_56' title='bbox 1041 1413 1119 1475; x_wconf 78' lang='lat' dir='ltr'>Niliil</span> <span class='ocrx_word' id='word_1_57' title='bbox 1142 1413 1238 1475; x_wconf 86' lang='lat' dir='ltr'>sinrile</span> <span class='ocrx_word' id='word_1_58' title='bbox 1262 1414 1396 1473; x_wconf 79' lang='lat' dir='ltr'>ttcoutril</span> <span class='ocrx_word' id='word_1_59' title='bbox 1419 1413 1449 1472; x_wconf 92' lang='lat' dir='ltr'>in</span> <span class='ocrx_word' id='word_1_60' title='bbox 1473 1412 1585 1473; x_wconf 84' lang='lat' dir='ltr'>llissali</span> <span class='ocrx_word' id='word_1_61' title='bbox 1609 1411 1770 1474; x_wconf 86' lang='lat' dir='ltr'>Clraldaico</span> <span class='ocrx_word' id='word_1_62' title='bbox 1794 1411 1859 1474; x_wconf 81' lang='lat' dir='ltr'>llo-</span> 
     </span>
     <span class='ocr_line' id='line_1_7' title="bbox 486 1510 1859 1595; baseline -0.003 -18"><span class='ocrx_word' id='word_1_63' title='bbox 486 1533 553 1577; x_wconf 87' lang='lat' dir='ltr'>mae</span> <span class='ocrx_word' id='word_1_64' title='bbox 583 1513 680 1590; x_wconf 84' lang='lat' dir='ltr'>edito,</span> <span class='ocrx_word' id='word_1_65' title='bbox 703 1516 772 1595; x_wconf 84' lang='lat' dir='ltr'>qaia</span> <span class='ocrx_word' id='word_1_66' title='bbox 803 1514 839 1574; x_wconf 92' lang='lat' dir='ltr'>ad</span> <span class='ocrx_word' id='word_1_67' title='bbox 876 1515 1088 1576; x_wconf 87' lang='lat' dir='ltr'>llaronitarnnr</span> <span class='ocrx_word' id='word_1_68' title='bbox 1123 1531 1207 1574; x_wconf 81' lang='lat' dir='ltr'>usian</span> <span class='ocrx_word' id='word_1_69' title='bbox 1237 1511 1418 1573; x_wconf 89' lang='lat' dir='ltr'>relorrnatus</span> <span class='ocrx_word' id='word_1_70' title='bbox 1448 1520 1508 1584; x_wconf 90' lang='lat' dir='ltr'>est;</span> <span class='ocrx_word' id='word_1_71' title='bbox 1538 1511 1581 1572; x_wconf 91' lang='lat' dir='ltr'>illi</span> <span class='ocrx_word' id='word_1_72' title='bbox 1613 1520 1710 1572; x_wconf 83' lang='lat' dir='ltr'>autent</span> <span class='ocrx_word' id='word_1_73' title='bbox 1745 1510 1859 1574; x_wconf 90' lang='lat' dir='ltr'>Oblatis</span> 
     </span>
     <span class='ocr_line' id='line_1_8' title="bbox 486 1609 1858 1693; baseline -0.003 -19"><span class='ocrx_word' id='word_1_74' title='bbox 486 1614 600 1693; x_wconf 73' lang='lat' dir='ltr'>azymis</span> <span class='ocrx_word' id='word_1_75' title='bbox 624 1612 729 1672; x_wconf 90' lang='lat' dir='ltr'>Latino</span> <span class='ocrx_word' id='word_1_76' title='bbox 753 1631 836 1675; x_wconf 81' lang='lat' dir='ltr'>irrora</span> <span class='ocrx_word' id='word_1_77' title='bbox 860 1620 996 1691; x_wconf 82' lang='lat' dir='ltr'>atteritur,</span> <span class='ocrx_word' id='word_1_78' title='bbox 1030 1630 1108 1692; x_wconf 86' lang='lat' dir='ltr'>quae</span> <span class='ocrx_word' id='word_1_79' title='bbox 1132 1611 1237 1672; x_wconf 86' lang='lat' dir='ltr'>eodeni</span> <span class='ocrx_word' id='word_1_80' title='bbox 1261 1610 1367 1688; x_wconf 86' lang='lat' dir='ltr'>inodo,</span> <span class='ocrx_word' id='word_1_81' title='bbox 1400 1628 1460 1689; x_wconf 84' lang='lat' dir='ltr'>qao</span> <span class='ocrx_word' id='word_1_82' title='bbox 1484 1609 1652 1672; x_wconf 91' lang='lat' dir='ltr'>Orientalcs</span> <span class='ocrx_word' id='word_1_83' title='bbox 1676 1609 1858 1692; x_wconf 81' lang='lat' dir='ltr'>frauginon</span> 
     </span>
     <span class='ocr_line' id='line_1_9' title="bbox 485 1720 625 1794; baseline 0.007 -20"><span class='ocrx_word' id='word_1_84' title='bbox 485 1720 625 1794; x_wconf 83' lang='lat' dir='ltr'>possunt.</span> 
     </span>
    </p>

    <p class='ocr_par' dir='ltr' id='par_1_3' title="bbox 486 1805 2184 4264">
     <span class='ocr_line' id='line_1_10' title="bbox 572 1805 2183 1889; baseline 0 -17"><span class='ocrx_word' id='word_1_85' title='bbox 572 1809 802 1872; x_wconf 78' lang='lat' dir='ltr'>Observandum</span> <span class='ocrx_word' id='word_1_86' title='bbox 825 1810 944 1871; x_wconf 82' lang='lat' dir='ltr'>landent</span> <span class='ocrx_word' id='word_1_87' title='bbox 967 1817 1029 1888; x_wconf 91' lang='lat' dir='ltr'>est,</span> <span class='ocrx_word' id='word_1_88' title='bbox 1053 1809 1187 1889; x_wconf 90' lang='lat' dir='ltr'>partibus</span> <span class='ocrx_word' id='word_1_89' title='bbox 1211 1809 1269 1870; x_wconf 94' lang='lat' dir='ltr'>illis</span> <span class='ocrx_word' id='word_1_90' title='bbox 1294 1811 1322 1870; x_wconf 93' lang='lat' dir='ltr'>in</span> <span class='ocrx_word' id='word_1_91' title='bbox 1346 1827 1420 1888; x_wconf 86' lang='lat' dir='ltr'>quas</span> <span class='ocrx_word' id='word_1_92' title='bbox 1445 1808 1669 1869; x_wconf 88' lang='lat' dir='ltr'>Eucharisticus</span> <span class='ocrx_word' id='word_1_93' title='bbox 1700 1811 1784 1888; x_wconf 90' lang='lat' dir='ltr'>panis</span> <span class='ocrx_word' id='word_1_94' title='bbox 1808 1810 1858 1871; x_wconf 91' lang='lat' dir='ltr'>di·</span> <span class='ocrx_word' id='word_1_95' title='bbox 1907 1805 2014 1859; x_wconf 74' lang='lat' dir='ltr'>N⁰¹¹¹i¹¹¹¹</span> <span class='ocrx_word' id='word_1_96' title='bbox 2034 1805 2083 1857; x_wconf 67' lang='lat'>³¹5³</span> <span class='ocrx_word' id='word_1_97' title='bbox 2100 1806 2183 1872; x_wconf 79' lang='lat' dir='ltr'>parti-</span> 
     </span>
     <span class='ocr_line' id='line_1_11' title="bbox 487 1893 2184 1990; baseline 0.001 -20"><span class='ocrx_word' id='word_1_98' title='bbox 487 1909 612 1987; x_wconf 81' lang='lat' dir='ltr'>siditur,</span> <span class='ocrx_word' id='word_1_99' title='bbox 637 1909 694 1971; x_wconf 87' lang='lat' dir='ltr'>alia</span> <span class='ocrx_word' id='word_1_100' title='bbox 718 1911 746 1970; x_wconf 92' lang='lat' dir='ltr'>in</span> <span class='ocrx_word' id='word_1_101' title='bbox 770 1927 856 1970; x_wconf 87' lang='lat' dir='ltr'>sacra</span> <span class='ocrx_word' id='word_1_102' title='bbox 879 1910 1017 1971; x_wconf 83' lang='lat' dir='ltr'>Actionis</span> <span class='ocrx_word' id='word_1_103' title='bbox 1040 1909 1170 1970; x_wconf 83' lang='lat' dir='ltr'>decursu</span> <span class='ocrx_word' id='word_1_104' title='bbox 1200 1909 1319 1968; x_wconf 84' lang='lat' dir='ltr'>nonrina</span> <span class='ocrx_word' id='word_1_105' title='bbox 1343 1907 1441 1968; x_wconf 90' lang='lat' dir='ltr'>tribui.</span> <span class='ocrx_word' id='word_1_106' title='bbox 1487 1907 1560 1968; x_wconf 84' lang='lat' dir='ltr'>Nara</span> <span class='ocrx_word' id='word_1_107' title='bbox 1588 1909 1734 1986; x_wconf 88' lang='lat' dir='ltr'>particula</span> <span class='ocrx_word' id='word_1_108' title='bbox 1764 1893 1985 1990; x_wconf 66' lang='lat' dir='ltr'>major⁰¹¹¹²¹¹¹¹¹¹</span> <span class='ocrx_word' id='word_1_109' title='bbox 2018 1900 2184 1945; x_wconf 69' lang='lat' dir='ltr'>⁶⁰l³²⁰¹⁰¹“·</span> 
     </span>
     <span class='ocr_line' id='line_1_12' title="bbox 487 1997 1936 2088; baseline 0.001 -20"><span class='ocrx_word' id='word_1_110' title='bbox 487 2007 607 2088; x_wconf 80' lang='lat' dir='ltr'>quando</span> <span class='ocrx_word' id='word_1_111' title='bbox 631 2016 809 2070; x_wconf 88' lang='lat' dir='ltr'>consecrata</span> <span class='ocrx_word' id='word_1_112' title='bbox 832 2016 878 2068; x_wconf 89' lang='lat' dir='ltr'>est</span> <span class='ocrx_word' id='word_1_113' title='bbox 901 2027 994 2088; x_wconf 89' lang='lat' dir='ltr'>saepe</span> <span class='ocrx_word' id='word_1_114' title='bbox 1013 2007 1182 2084; x_wconf 77' lang='lat' dir='ltr'>illurporito</span> <span class='ocrx_word' id='word_1_115' title='bbox 1195 2007 1382 2086; x_wconf 86' lang='lat' dir='ltr'>appellatur:</span> <span class='ocrx_word' id='word_1_116' title='bbox 1405 2005 1484 2086; x_wconf 76' lang='lat' dir='ltr'>atpiud</span> <span class='ocrx_word' id='word_1_117' title='bbox 1505 2005 1677 2086; x_wconf 75' lang='lat' dir='ltr'>Aegyptios</span> <span class='ocrx_word' id='word_1_118' title='bbox 1700 2007 1859 2069; x_wconf 82' lang='lat' dir='ltr'>lsbodicon</span> <span class='ocrx_word' id='word_1_119' title='bbox 1873 1997 1936 2032; x_wconf 73' lang='lat'>&#39;⁰¹¹¹&#39;</span> 
     </span>
     <span class='ocr_line' id='line_1_13' title="bbox 487 2092 1860 2186; baseline 0.001 -20"><span class='ocrx_word' id='word_1_120' title='bbox 487 2125 542 2167; x_wconf 91' lang='lat' dir='ltr'>seu</span> <span class='ocrx_word' id='word_1_121' title='bbox 564 2107 747 2168; x_wconf 82' lang='lat' dir='ltr'>ladodicon:</span> <span class='ocrx_word' id='word_1_122' title='bbox 771 2109 800 2168; x_wconf 94' lang='lat' dir='ltr'>in</span> <span class='ocrx_word' id='word_1_123' title='bbox 825 2105 938 2168; x_wconf 80' lang='lat' dir='ltr'>Codice</span> <span class='ocrx_word' id='word_1_124' title='bbox 962 2107 1245 2167; x_wconf 80' lang='lat' dir='ltr'>Graeco-Arabico</span> <span class='ocrx_word' id='word_1_125' title='bbox 1267 2105 1331 2168; x_wconf 90' lang='lat' dir='ltr'>Bib.</span> <span class='ocrx_word' id='word_1_126' title='bbox 1357 2105 1470 2186; x_wconf 79' lang='lat' dir='ltr'>Regiae</span> <span class='ocrx_word' id='word_1_127' title='bbox 1484 2092 1667 2167; x_wconf 65' lang='lat' dir='ltr'>,Si-iordanis·</span> <span class='ocrx_word' id='word_1_128' title='bbox 1687 2124 1763 2168; x_wconf 83' lang='lat' dir='ltr'>voce</span> <span class='ocrx_word' id='word_1_129' title='bbox 1787 2126 1860 2170; x_wconf 92' lang='lat' dir='ltr'>oor-</span> 
     </span>
     <span class='ocr_line' id='line_1_14' title="bbox 486 2195 1860 2285; baseline 0.003 -21"><span class='ocrx_word' id='word_1_130' title='bbox 486 2211 574 2284; x_wconf 88' lang='lat' dir='ltr'>rapta</span> <span class='ocrx_word' id='word_1_131' title='bbox 598 2225 637 2265; x_wconf 83' lang='lat' dir='ltr'>ex</span> <span class='ocrx_word' id='word_1_132' title='bbox 660 2195 866 2268; x_wconf 77' lang='lat' dir='ltr'>Aconociuor</span> <span class='ocrx_word' id='word_1_133' title='bbox 894 2224 1000 2284; x_wconf 70' lang='lat' dir='ltr'>rrerrnpe</span> <span class='ocrx_word' id='word_1_134' title='bbox 1032 2204 1136 2280; x_wconf 75' lang='grc' dir='ltr'><em>σῶμα.</em></span> <span class='ocrx_word' id='word_1_135' title='bbox 1183 2205 1302 2283; x_wconf 74' lang='lat' dir='ltr'>Corpus</span> <span class='ocrx_word' id='word_1_136' title='bbox 1333 2203 1530 2265; x_wconf 83' lang='lat' dir='ltr'>Dorrriuiernn.</span> <span class='ocrx_word' id='word_1_137' title='bbox 1575 2204 1670 2264; x_wconf 86' lang='lat' dir='ltr'>Etiarn</span> <span class='ocrx_word' id='word_1_138' title='bbox 1700 2224 1771 2285; x_wconf 83' lang='lat' dir='ltr'>pars</span> <span class='ocrx_word' id='word_1_139' title='bbox 1802 2207 1860 2269; x_wconf 89' lang='lat' dir='ltr'>de-</span> 
     </span>
     <span class='ocr_line' id='line_1_15' title="bbox 487 2302 1861 2385; baseline 0.001 -20"><span class='ocrx_word' id='word_1_140' title='bbox 487 2311 582 2365; x_wconf 86' lang='lat' dir='ltr'>sunda</span> <span class='ocrx_word' id='word_1_141' title='bbox 605 2324 645 2365; x_wconf 82' lang='lat' dir='ltr'>ex</span> <span class='ocrx_word' id='word_1_142' title='bbox 668 2305 716 2366; x_wconf 91' lang='lat' dir='ltr'>illa</span> <span class='ocrx_word' id='word_1_143' title='bbox 740 2307 859 2385; x_wconf 84' lang='lat' dir='ltr'>nrajori,</span> <span class='ocrx_word' id='word_1_144' title='bbox 884 2323 941 2383; x_wconf 81' lang='lat' dir='ltr'>qna</span> <span class='ocrx_word' id='word_1_145' title='bbox 967 2303 1045 2364; x_wconf 84' lang='lat' dir='ltr'>calix</span> <span class='ocrx_word' id='word_1_146' title='bbox 1074 2305 1269 2384; x_wconf 81' lang='lat' dir='ltr'>consignatur</span> <span class='ocrx_word' id='word_1_147' title='bbox 1297 2309 1328 2364; x_wconf 94' lang='lat' dir='ltr'>ut</span> <span class='ocrx_word' id='word_1_148' title='bbox 1359 2302 1429 2363; x_wconf 91' lang='lat' dir='ltr'>anio</span> <span class='ocrx_word' id='word_1_149' title='bbox 1458 2302 1582 2363; x_wconf 89' lang='lat' dir='ltr'>duarurn</span> <span class='ocrx_word' id='word_1_150' title='bbox 1611 2303 1782 2382; x_wconf 83' lang='lat' dir='ltr'>specierum</span> <span class='ocrx_word' id='word_1_151' title='bbox 1810 2308 1861 2367; x_wconf 91' lang='lat' dir='ltr'>liat</span> 
     </span>
     <span class='ocr_line' id='line_1_16' title="bbox 487 2390 1859 2485; baseline 0.004 -23"><span class='ocrx_word' id='word_1_152' title='bbox 487 2390 565 2483; x_wconf 75' lang='grc' dir='ltr'>ἁγία</span> <span class='ocrx_word' id='word_1_153' title='bbox 588 2397 701 2474; x_wconf 72' lang='lat' dir='ltr'>ibrocrc</span> <span class='ocrx_word' id='word_1_154' title='bbox 724 2404 848 2464; x_wconf 81' lang='lat' dir='ltr'>Graccis</span> <span class='ocrx_word' id='word_1_155' title='bbox 873 2404 968 2480; x_wconf 89' lang='lat' dir='ltr'>dieta,</span> <span class='ocrx_word' id='word_1_156' title='bbox 992 2411 1022 2463; x_wconf 90' lang='lat' dir='ltr'>et</span> <span class='ocrx_word' id='word_1_157' title='bbox 1045 2403 1082 2462; x_wconf 90' lang='lat' dir='ltr'>ab</span> <span class='ocrx_word' id='word_1_158' title='bbox 1106 2401 1309 2462; x_wconf 76' lang='lat' dir='ltr'>Orientalibus</span> <span class='ocrx_word' id='word_1_159' title='bbox 1334 2419 1392 2463; x_wconf 92' lang='lat' dir='ltr'>non</span> <span class='ocrx_word' id='word_1_160' title='bbox 1417 2403 1514 2462; x_wconf 86' lang='lat' dir='ltr'>nrinns</span> <span class='ocrx_word' id='word_1_161' title='bbox 1531 2401 1706 2480; x_wconf 82' lang='lat' dir='ltr'>observatu,</span> <span class='ocrx_word' id='word_1_162' title='bbox 1730 2404 1859 2485; x_wconf 78' lang='lat' dir='ltr'>diurpa-</span> 
     </span>
     <span class='ocr_line' id='line_1_17' title="bbox 487 2500 1860 2582; baseline 0.005 -20"><span class='ocrx_word' id='word_1_163' title='bbox 487 2503 550 2562; x_wconf 84' lang='lat' dir='ltr'>rita</span> <span class='ocrx_word' id='word_1_164' title='bbox 572 2521 693 2582; x_wconf 86' lang='lat' dir='ltr'>quoqne</span> <span class='ocrx_word' id='word_1_165' title='bbox 716 2502 781 2563; x_wconf 84' lang='lat' dir='ltr'>sire</span> <span class='ocrx_word' id='word_1_166' title='bbox 807 2502 882 2562; x_wconf 86' lang='lat' dir='ltr'>Unio</span> <span class='ocrx_word' id='word_1_167' title='bbox 905 2500 1022 2562; x_wconf 86' lang='lat' dir='ltr'>dicitur.</span> <span class='ocrx_word' id='word_1_168' title='bbox 1078 2502 1179 2562; x_wconf 84' lang='lat' dir='ltr'>Partes</span> <span class='ocrx_word' id='word_1_169' title='bbox 1203 2502 1338 2581; x_wconf 84' lang='lat' dir='ltr'>reliquae</span> <span class='ocrx_word' id='word_1_170' title='bbox 1370 2501 1400 2561; x_wconf 93' lang='lat' dir='ltr'>in</span> <span class='ocrx_word' id='word_1_171' title='bbox 1431 2501 1476 2562; x_wconf 91' lang='lat' dir='ltr'>bis</span> <span class='ocrx_word' id='word_1_172' title='bbox 1507 2500 1610 2562; x_wconf 87' lang='lat' dir='ltr'>otliciis</span> <span class='ocrx_word' id='word_1_173' title='bbox 1638 2519 1748 2563; x_wconf 86' lang='lat' dir='ltr'>nomen</span> <span class='ocrx_word' id='word_1_174' title='bbox 1780 2505 1860 2569; x_wconf 88' lang='lat' dir='ltr'>aliud</span> 
     </span>
     <span class='ocr_line' id='line_1_18' title="bbox 487 2600 1861 2681; baseline 0.008 -24"><span class='ocrx_word' id='word_1_175' title='bbox 487 2615 547 2659; x_wconf 94' lang='lat' dir='ltr'>non</span> <span class='ocrx_word' id='word_1_176' title='bbox 570 2601 682 2663; x_wconf 89' lang='lat' dir='ltr'>babent</span> <span class='ocrx_word' id='word_1_177' title='bbox 704 2620 791 2681; x_wconf 84' lang='lat' dir='ltr'>quani</span> <span class='ocrx_word' id='word_1_178' title='bbox 814 2601 999 2681; x_wconf 78' lang='lat' dir='ltr'>sigillorum,</span> <span class='ocrx_word' id='word_1_179' title='bbox 1024 2601 1062 2662; x_wconf 97' lang='lat' dir='ltr'>ob</span> <span class='ocrx_word' id='word_1_180' title='bbox 1086 2601 1231 2661; x_wconf 82' lang='lat' dir='ltr'>rationein</span> <span class='ocrx_word' id='word_1_181' title='bbox 1255 2619 1345 2681; x_wconf 92' lang='lat' dir='ltr'>snpra</span> <span class='ocrx_word' id='word_1_182' title='bbox 1370 2600 1494 2676; x_wconf 81' lang='lat' dir='ltr'>dictant,</span> <span class='ocrx_word' id='word_1_183' title='bbox 1524 2607 1555 2660; x_wconf 91' lang='lat' dir='ltr'>nt</span> <span class='ocrx_word' id='word_1_184' title='bbox 1578 2619 1634 2661; x_wconf 88' lang='lat' dir='ltr'>nec</span> <span class='ocrx_word' id='word_1_185' title='bbox 1658 2601 1735 2680; x_wconf 92' lang='lat' dir='ltr'>apud</span> <span class='ocrx_word' id='word_1_186' title='bbox 1760 2605 1861 2668; x_wconf 90' lang='lat' dir='ltr'>Grae-</span> 
     </span>
     <span class='ocr_line' id='line_1_19' title="bbox 487 2690 2018 2781; baseline 0.005 -23"><span class='ocrx_word' id='word_1_187' title='bbox 487 2715 541 2759; x_wconf 89' lang='lat' dir='ltr'>cos</span> <span class='ocrx_word' id='word_1_188' title='bbox 575 2700 662 2762; x_wconf 90' lang='lat' dir='ltr'>aliter</span> <span class='ocrx_word' id='word_1_189' title='bbox 697 2708 843 2762; x_wconf 77' lang='lat' dir='ltr'>vocantur</span> <span class='ocrx_word' id='word_1_190' title='bbox 877 2719 964 2781; x_wconf 85' lang='lat' dir='ltr'>quani</span> <span class='ocrx_word' id='word_1_191' title='bbox 998 2690 1090 2780; x_wconf 68' lang='lat' dir='ltr'>dulae</span> <span class='ocrx_word' id='word_1_192' title='bbox 1122 2693 1262 2780; x_wconf 77' lang='grc' dir='ltr'><strong><em>μερίδες.</em></strong></span> <span class='ocrx_word' id='word_1_193' title='bbox 1317 2700 1349 2760; x_wconf 92' lang='lat' dir='ltr'>ln</span> <span class='ocrx_word' id='word_1_194' title='bbox 1385 2698 1558 2761; x_wconf 84' lang='lat' dir='ltr'>Colbertino</span> <span class='ocrx_word' id='word_1_195' title='bbox 1594 2698 1723 2777; x_wconf 85' lang='lat' dir='ltr'>Codice,</span> <span class='ocrx_word' id='word_1_196' title='bbox 1753 2710 1783 2763; x_wconf 89' lang='lat' dir='ltr'>et</span> <span class='ocrx_word' id='word_1_197' title='bbox 1823 2721 1860 2765; x_wconf 91' lang='lat' dir='ltr'>eo</span> <span class='ocrx_word' id='word_1_198' title='bbox 1931 2734 1939 2749; x_wconf 91' lang='lat'><strong>·</strong></span> <span class='ocrx_word' id='word_1_199' title='bbox 2013 2739 2018 2751; x_wconf 90' lang='lat'><strong>·</strong></span> 
     </span>
     <span class='ocr_line' id='line_1_20' title="bbox 489 2797 1859 2881; baseline 0.004 -23"><span class='ocrx_word' id='word_1_200' title='bbox 489 2814 549 2877; x_wconf 92' lang='lat' dir='ltr'>qno</span> <span class='ocrx_word' id='word_1_201' title='bbox 572 2798 757 2860; x_wconf 85' lang='lat' dir='ltr'>Boderiunus</span> <span class='ocrx_word' id='word_1_202' title='bbox 782 2817 854 2861; x_wconf 90' lang='lat' dir='ltr'>usus</span> <span class='ocrx_word' id='word_1_203' title='bbox 878 2807 942 2876; x_wconf 87' lang='lat' dir='ltr'>est,</span> <span class='ocrx_word' id='word_1_204' title='bbox 979 2805 1039 2858; x_wconf 91' lang='lat' dir='ltr'>turn</span> <span class='ocrx_word' id='word_1_205' title='bbox 1070 2799 1099 2856; x_wconf 92' lang='lat' dir='ltr'>in</span> <span class='ocrx_word' id='word_1_206' title='bbox 1128 2797 1193 2858; x_wconf 89' lang='lat' dir='ltr'>aliis</span> <span class='ocrx_word' id='word_1_207' title='bbox 1224 2799 1452 2878; x_wconf 77' lang='lat' dir='ltr'>antiquissirniS,</span> <span class='ocrx_word' id='word_1_208' title='bbox 1482 2799 1614 2860; x_wconf 89' lang='lat' dir='ltr'>occurrit</span> <span class='ocrx_word' id='word_1_209' title='bbox 1644 2817 1705 2860; x_wconf 76' lang='lat' dir='ltr'>uox</span> <span class='ocrx_word' id='word_1_210' title='bbox 1735 2801 1859 2881; x_wconf 72' lang='lat' dir='ltr'>Syriaca</span> 
     </span>
     <span class='ocr_line' id='line_1_21' title="bbox 487 2896 1857 2977; baseline 0.002 -21"><span class='ocrx_word' id='word_1_211' title='bbox 487 2907 584 2964; x_wconf 67' lang='lat' dir='ltr'>tcum</span> <span class='ocrx_word' id='word_1_212' title='bbox 603 2897 771 2976; x_wconf 80' lang='lat' dir='ltr'>Gnrraouro,</span> <span class='ocrx_word' id='word_1_213' title='bbox 795 2915 882 2977; x_wconf 75' lang='lat' dir='ltr'>(purant</span> <span class='ocrx_word' id='word_1_214' title='bbox 905 2896 956 2958; x_wconf 90' lang='lat' dir='ltr'>ille</span> <span class='ocrx_word' id='word_1_215' title='bbox 980 2897 1141 2971; x_wconf 81' lang='lat' dir='ltr'>corporale</span> <span class='ocrx_word' id='word_1_216' title='bbox 1164 2897 1379 2976; x_wconf 86' lang='lat' dir='ltr'>interpretatus</span> <span class='ocrx_word' id='word_1_217' title='bbox 1403 2905 1465 2974; x_wconf 89' lang='lat' dir='ltr'>est,</span> <span class='ocrx_word' id='word_1_218' title='bbox 1490 2897 1543 2958; x_wconf 86' lang='lat' dir='ltr'>sed</span> <span class='ocrx_word' id='word_1_219' title='bbox 1567 2916 1645 2976; x_wconf 79' lang='lat' dir='ltr'>‹priac</span> <span class='ocrx_word' id='word_1_220' title='bbox 1667 2898 1738 2959; x_wconf 89' lang='lat' dir='ltr'>nibil</span> <span class='ocrx_word' id='word_1_221' title='bbox 1762 2901 1857 2960; x_wconf 85' lang='lat' dir='ltr'>nrinus</span> 
     </span>
     <span class='ocr_line' id='line_1_22' title="bbox 486 2994 1858 3076; baseline 0.004 -21"><span class='ocrx_word' id='word_1_222' title='bbox 486 2995 653 3076; x_wconf 81' lang='lat' dir='ltr'>significat,</span> <span class='ocrx_word' id='word_1_223' title='bbox 678 3004 707 3056; x_wconf 93' lang='lat' dir='ltr'>ct</span> <span class='ocrx_word' id='word_1_224' title='bbox 730 2995 767 3056; x_wconf 89' lang='lat' dir='ltr'>de</span> <span class='ocrx_word' id='word_1_225' title='bbox 791 3014 849 3074; x_wconf 85' lang='lat' dir='ltr'>qua</span> <span class='ocrx_word' id='word_1_226' title='bbox 873 3013 947 3056; x_wconf 87' lang='lat' dir='ltr'>sane</span> <span class='ocrx_word' id='word_1_227' title='bbox 977 3002 1042 3055; x_wconf 89' lang='lat' dir='ltr'>erat</span> <span class='ocrx_word' id='word_1_228' title='bbox 1071 2994 1272 3057; x_wconf 83' lang='lat' dir='ltr'>divinandum.</span> <span class='ocrx_word' id='word_1_229' title='bbox 1316 2996 1422 3074; x_wconf 83' lang='lat' dir='ltr'>Neque</span> <span class='ocrx_word' id='word_1_230' title='bbox 1453 2997 1531 3056; x_wconf 88' lang='lat' dir='ltr'>eninr</span> <span class='ocrx_word' id='word_1_231' title='bbox 1562 2996 1611 3056; x_wconf 89' lang='lat' dir='ltr'>illa</span> <span class='ocrx_word' id='word_1_232' title='bbox 1641 2996 1811 3076; x_wconf 83' lang='lat' dir='ltr'>explicatur</span> <span class='ocrx_word' id='word_1_233' title='bbox 1841 3017 1858 3060; x_wconf 91' lang='lat' dir='ltr'>a</span> 
     </span>
     <span class='ocr_line' id='line_1_23' title="bbox 486 3091 1857 3176; baseline 0.003 -22"><span class='ocrx_word' id='word_1_234' title='bbox 486 3091 725 3174; x_wconf 79' lang='lat' dir='ltr'>Lexicograplris</span> <span class='ocrx_word' id='word_1_235' title='bbox 748 3093 985 3170; x_wconf 79' lang='lat' dir='ltr'>recentioribaS,</span> <span class='ocrx_word' id='word_1_236' title='bbox 1010 3101 1060 3154; x_wconf 86' lang='lat' dir='ltr'>aut</span> <span class='ocrx_word' id='word_1_237' title='bbox 1083 3112 1098 3154; x_wconf 85' lang='lat' dir='ltr'>a</span> <span class='ocrx_word' id='word_1_238' title='bbox 1123 3092 1207 3173; x_wconf 77' lang='lat' dir='ltr'>Syris</span> <span class='ocrx_word' id='word_1_239' title='bbox 1231 3096 1319 3173; x_wconf 86' lang='lat' dir='ltr'>ipsis,</span> <span class='ocrx_word' id='word_1_240' title='bbox 1344 3104 1375 3155; x_wconf 91' lang='lat' dir='ltr'>ut</span> <span class='ocrx_word' id='word_1_241' title='bbox 1398 3112 1496 3174; x_wconf 84' lang='lat' dir='ltr'>neque</span> <span class='ocrx_word' id='word_1_242' title='bbox 1525 3094 1601 3155; x_wconf 79' lang='lat' dir='ltr'>aliare</span> <span class='ocrx_word' id='word_1_243' title='bbox 1625 3113 1722 3176; x_wconf 90' lang='lat' dir='ltr'>prope</span> <span class='ocrx_word' id='word_1_244' title='bbox 1753 3115 1857 3158; x_wconf 84' lang='lat' dir='ltr'>orrrrrcs</span> 
     </span>
     <span class='ocr_line' id='line_1_24' title="bbox 487 3191 1862 3272; baseline 0.003 -20"><span class='ocrx_word' id='word_1_245' title='bbox 487 3191 524 3252; x_wconf 84' lang='lat' dir='ltr'>ad</span> <span class='ocrx_word' id='word_1_246' title='bbox 554 3191 740 3272; x_wconf 83' lang='lat' dir='ltr'>disciplinata</span> <span class='ocrx_word' id='word_1_247' title='bbox 778 3193 1021 3255; x_wconf 84' lang='lat' dir='ltr'>Ecclesiasticatn</span> <span class='ocrx_word' id='word_1_248' title='bbox 1060 3200 1240 3272; x_wconf 86' lang='lat' dir='ltr'>spectantes.</span> <span class='ocrx_word' id='word_1_249' title='bbox 1294 3193 1404 3254; x_wconf 89' lang='lat' dir='ltr'>Tarnen</span> <span class='ocrx_word' id='word_1_250' title='bbox 1434 3211 1499 3254; x_wconf 84' lang='lat' dir='ltr'>euin</span> <span class='ocrx_word' id='word_1_251' title='bbox 1528 3192 1578 3253; x_wconf 91' lang='lat' dir='ltr'>illa</span> <span class='ocrx_word' id='word_1_252' title='bbox 1610 3212 1670 3254; x_wconf 83' lang='lat' dir='ltr'>nox</span> <span class='ocrx_word' id='word_1_253' title='bbox 1700 3195 1862 3256; x_wconf 86' lang='lat' dir='ltr'>carbonem</span> 
     </span>
     <span class='ocr_line' id='line_1_25' title="bbox 487 3289 1862 3372; baseline 0.004 -23"><span class='ocrx_word' id='word_1_254' title='bbox 487 3289 580 3370; x_wconf 76' lang='lat' dir='ltr'>vulgo</span> <span class='ocrx_word' id='word_1_255' title='bbox 604 3291 768 3372; x_wconf 79' lang='lat' dir='ltr'>signifieat,</span> <span class='ocrx_word' id='word_1_256' title='bbox 793 3292 953 3354; x_wconf 80' lang='lat' dir='ltr'>verisirnile.</span> <span class='ocrx_word' id='word_1_257' title='bbox 978 3293 1097 3352; x_wconf 72' lang='lat' dir='ltr'>(annino</span> <span class='ocrx_word' id='word_1_258' title='bbox 1121 3300 1185 3364; x_wconf 89' lang='lat' dir='ltr'>est,</span> <span class='ocrx_word' id='word_1_259' title='bbox 1210 3292 1260 3353; x_wconf 91' lang='lat' dir='ltr'>illo</span> <span class='ocrx_word' id='word_1_260' title='bbox 1285 3291 1453 3371; x_wconf 65' lang='lat' dir='ltr'>significatu</span> <span class='ocrx_word' id='word_1_261' title='bbox 1477 3291 1680 3369; x_wconf 83' lang='lat' dir='ltr'>accipiendam</span> <span class='ocrx_word' id='word_1_262' title='bbox 1704 3291 1751 3353; x_wconf 85' lang='lat' dir='ltr'>liic</span> <span class='ocrx_word' id='word_1_263' title='bbox 1782 3292 1862 3354; x_wconf 87' lang='lat' dir='ltr'>illant</span> 
     </span>
     <span class='ocr_line' id='line_1_26' title="bbox 487 3390 1861 3471; baseline 0.004 -23"><span class='ocrx_word' id='word_1_264' title='bbox 487 3405 575 3468; x_wconf 90' lang='lat' dir='ltr'>esse,</span> <span class='ocrx_word' id='word_1_265' title='bbox 599 3390 653 3452; x_wconf 91' lang='lat' dir='ltr'>sed</span> <span class='ocrx_word' id='word_1_266' title='bbox 677 3392 728 3470; x_wconf 91' lang='lat' dir='ltr'>qni</span> <span class='ocrx_word' id='word_1_267' title='bbox 752 3391 789 3452; x_wconf 93' lang='lat' dir='ltr'>ad</span> <span class='ocrx_word' id='word_1_268' title='bbox 812 3392 968 3471; x_wconf 74' lang='lat' dir='ltr'>anystieunr</span> <span class='ocrx_word' id='word_1_269' title='bbox 991 3390 1079 3451; x_wconf 84' lang='lat' dir='ltr'>arliarn</span> <span class='ocrx_word' id='word_1_270' title='bbox 1109 3391 1275 3465; x_wconf 89' lang='lat' dir='ltr'>rel&#39;eratnr,</span> <span class='ocrx_word' id='word_1_271' title='bbox 1312 3390 1515 3451; x_wconf 84' lang='lat' dir='ltr'>Orientalibus</span> <span class='ocrx_word' id='word_1_272' title='bbox 1545 3392 1746 3464; x_wconf 82' lang='lat' dir='ltr'>runissinrnrn,</span> <span class='ocrx_word' id='word_1_273' title='bbox 1778 3401 1808 3453; x_wconf 88' lang='lat' dir='ltr'>et</span> <span class='ocrx_word' id='word_1_274' title='bbox 1832 3394 1861 3453; x_wconf 93' lang='lat' dir='ltr'>in</span> 
     </span>
     <span class='ocr_line' id='line_1_27' title="bbox 487 3488 1861 3570; baseline 0.004 -22"><span class='ocrx_word' id='word_1_275' title='bbox 487 3489 675 3551; x_wconf 86' lang='lat' dir='ltr'>orationibus</span> <span class='ocrx_word' id='word_1_276' title='bbox 698 3489 873 3570; x_wconf 80' lang='lat' dir='ltr'>frequenter</span> <span class='ocrx_word' id='word_1_277' title='bbox 897 3497 1079 3568; x_wconf 83' lang='lat' dir='ltr'>usurpatum.</span> <span class='ocrx_word' id='word_1_278' title='bbox 1123 3489 1152 3549; x_wconf 90' lang='lat' dir='ltr'>ls</span> <span class='ocrx_word' id='word_1_279' title='bbox 1176 3499 1222 3550; x_wconf 92' lang='lat' dir='ltr'>est</span> <span class='ocrx_word' id='word_1_280' title='bbox 1245 3499 1277 3550; x_wconf 92' lang='lat' dir='ltr'>nt</span> <span class='ocrx_word' id='word_1_281' title='bbox 1307 3488 1472 3569; x_wconf 83' lang='lat' dir='ltr'>particulae</span> <span class='ocrx_word' id='word_1_282' title='bbox 1495 3490 1580 3568; x_wconf 89' lang='lat' dir='ltr'>panis</span> <span class='ocrx_word' id='word_1_283' title='bbox 1611 3493 1781 3552; x_wconf 86' lang='lat' dir='ltr'>consecrati</span> <span class='ocrx_word' id='word_1_284' title='bbox 1804 3511 1861 3554; x_wconf 84' lang='lat' dir='ltr'>vo-</span> 
     </span>
     <span class='ocr_line' id='line_1_28' title="bbox 489 3587 1862 3669; baseline 0.005 -24"><span class='ocrx_word' id='word_1_285' title='bbox 489 3593 596 3647; x_wconf 91' lang='lat' dir='ltr'>centur</span> <span class='ocrx_word' id='word_1_286' title='bbox 618 3588 769 3650; x_wconf 83' lang='lat' dir='ltr'>corboues</span> <span class='ocrx_word' id='word_1_287' title='bbox 791 3591 870 3664; x_wconf 81' lang='lat' dir='ltr'>ciri,</span> <span class='ocrx_word' id='word_1_288' title='bbox 895 3590 962 3668; x_wconf 79' lang='lat' dir='ltr'>quiin</span> <span class='ocrx_word' id='word_1_289' title='bbox 988 3587 1136 3649; x_wconf 82' lang='lat' dir='ltr'>Claristurn</span> <span class='ocrx_word' id='word_1_290' title='bbox 1159 3590 1198 3649; x_wconf 88' lang='lat' dir='ltr'>ita</span> <span class='ocrx_word' id='word_1_291' title='bbox 1222 3590 1347 3668; x_wconf 69' lang='lat' dir='ltr'>rnystice</span> <span class='ocrx_word' id='word_1_292' title='bbox 1372 3589 1559 3669; x_wconf 77' lang='lat' dir='ltr'>designatum</span> <span class='ocrx_word' id='word_1_293' title='bbox 1583 3590 1702 3667; x_wconf 78' lang='lat' dir='ltr'>volant,</span> <span class='ocrx_word' id='word_1_294' title='bbox 1727 3609 1786 3668; x_wconf 77' lang='lat' dir='ltr'>apua</span> <span class='ocrx_word' id='word_1_295' title='bbox 1809 3610 1862 3652; x_wconf 95' lang='lat' dir='ltr'>ra-</span> 
     </span>
     <span class='ocr_line' id='line_1_29' title="bbox 488 3683 1862 3768; baseline 0.004 -23"><span class='ocrx_word' id='word_1_296' title='bbox 488 3686 586 3763; x_wconf 87' lang='lat' dir='ltr'>tiono,</span> <span class='ocrx_word' id='word_1_297' title='bbox 616 3695 649 3748; x_wconf 86' lang='lat' dir='ltr'>ul</span> <span class='ocrx_word' id='word_1_298' title='bbox 677 3687 820 3763; x_wconf 80' lang='lat' dir='ltr'>dixinrus,</span> <span class='ocrx_word' id='word_1_299' title='bbox 844 3683 937 3748; x_wconf 84' lang='lat' dir='ltr'>Maria</span> <span class='ocrx_word' id='word_1_300' title='bbox 961 3687 1056 3768; x_wconf 75' lang='lat' dir='ltr'>Virgo</span> <span class='ocrx_word' id='word_1_301' title='bbox 1081 3695 1207 3747; x_wconf 75' lang='lat' dir='ltr'>uocatur</span> <span class='ocrx_word' id='word_1_302' title='bbox 1229 3688 1408 3748; x_wconf 79' lang='lat' dir='ltr'>tluou&#39;bnlurn</span> <span class='ocrx_word' id='word_1_303' title='bbox 1440 3707 1582 3762; x_wconf 77' lang='lat' dir='ltr'>ornantia,</span> <span class='ocrx_word' id='word_1_304' title='bbox 1610 3689 1679 3767; x_wconf 83' lang='lat' dir='ltr'>quia</span> <span class='ocrx_word' id='word_1_305' title='bbox 1702 3691 1862 3752; x_wconf 82' lang='lat' dir='ltr'>corbon-ent</span> 
     </span>
     <span class='ocr_line' id='line_1_30' title="bbox 486 3785 1862 3866; baseline 0.004 -22"><span class='ocrx_word' id='word_1_306' title='bbox 486 3786 569 3846; x_wconf 80' lang='lat' dir='ltr'>citae</span> <span class='ocrx_word' id='word_1_307' title='bbox 589 3794 676 3847; x_wconf 85' lang='lat' dir='ltr'>utero</span> <span class='ocrx_word' id='word_1_308' title='bbox 699 3789 852 3849; x_wconf 84' lang='lat' dir='ltr'>continuit.</span> <span class='ocrx_word' id='word_1_309' title='bbox 898 3785 984 3847; x_wconf 87' lang='lat' dir='ltr'>Unde</span> <span class='ocrx_word' id='word_1_310' title='bbox 1006 3786 1035 3845; x_wconf 91' lang='lat' dir='ltr'>in</span> <span class='ocrx_word' id='word_1_311' title='bbox 1058 3785 1269 3847; x_wconf 89' lang='lat' dir='ltr'>benedictione</span> <span class='ocrx_word' id='word_1_312' title='bbox 1293 3786 1487 3863; x_wconf 86' lang='lat' dir='ltr'>Cocldoaris,</span> <span class='ocrx_word' id='word_1_313' title='bbox 1517 3805 1575 3866; x_wconf 91' lang='lat' dir='ltr'>qao</span> <span class='ocrx_word' id='word_1_314' title='bbox 1599 3789 1766 3849; x_wconf 84' lang='lat' dir='ltr'>conrnrunio</span> <span class='ocrx_word' id='word_1_315' title='bbox 1789 3790 1862 3850; x_wconf 91' lang='lat' dir='ltr'>Lai-</span> 
     </span>
     <span class='ocr_line' id='line_1_31' title="bbox 488 3878 1862 3968; baseline 0.005 -25"><span class='ocrx_word' id='word_1_316' title='bbox 488 3883 531 3943; x_wconf 91' lang='lat' dir='ltr'>cis</span> <span class='ocrx_word' id='word_1_317' title='bbox 555 3882 759 3959; x_wconf 89' lang='lat' dir='ltr'>distribuitur,</span> <span class='ocrx_word' id='word_1_318' title='bbox 783 3892 973 3964; x_wconf 87' lang='lat' dir='ltr'>conrparatnr</span> <span class='ocrx_word' id='word_1_319' title='bbox 995 3885 1068 3946; x_wconf 91' lang='lat' dir='ltr'>illud</span> <span class='ocrx_word' id='word_1_320' title='bbox 1092 3878 1202 3962; x_wconf 62' lang='lat' dir='ltr'>leupildi</span> <span class='ocrx_word' id='word_1_321' title='bbox 1228 3887 1295 3946; x_wconf 74' lang='lat' dir='ltr'>sii-&#39;c</span> <span class='ocrx_word' id='word_1_322' title='bbox 1317 3886 1441 3965; x_wconf 80' lang='lat' dir='ltr'>forcipi,</span> <span class='ocrx_word' id='word_1_323' title='bbox 1476 3905 1563 3964; x_wconf 80' lang='lat' dir='ltr'>rpraeta</span> <span class='ocrx_word' id='word_1_324' title='bbox 1587 3887 1617 3946; x_wconf 95' lang='lat' dir='ltr'>in</span> <span class='ocrx_word' id='word_1_325' title='bbox 1639 3887 1750 3968; x_wconf 76' lang='lat' dir='ltr'>Angcli</span> <span class='ocrx_word' id='word_1_326' title='bbox 1773 3905 1862 3950; x_wconf 77' lang='lat' dir='ltr'>tritanu</span> 
     </span>
     <span class='ocr_line' id='line_1_32' title="bbox 488 3981 1863 4067; baseline 0.005 -26"><span class='ocrx_word' id='word_1_327' title='bbox 488 3981 678 4060; x_wconf 80' lang='lat' dir='ltr'>siditlsaias,</span> <span class='ocrx_word' id='word_1_328' title='bbox 703 3985 848 4062; x_wconf 87' lang='lat' dir='ltr'>capientis</span> <span class='ocrx_word' id='word_1_329' title='bbox 872 3983 1032 4044; x_wconf 88' lang='lat' dir='ltr'>carbonern</span> <span class='ocrx_word' id='word_1_330' title='bbox 1056 3983 1093 4044; x_wconf 90' lang='lat' dir='ltr'>de.</span> <span class='ocrx_word' id='word_1_331' title='bbox 1118 3982 1219 4044; x_wconf 89' lang='lat' dir='ltr'>altari:</span> <span class='ocrx_word' id='word_1_332' title='bbox 1244 3992 1334 4064; x_wconf 80' lang='lat' dir='ltr'>aitque</span> <span class='ocrx_word' id='word_1_333' title='bbox 1358 3985 1470 4045; x_wconf 87' lang='lat' dir='ltr'>ideireo</span> <span class='ocrx_word' id='word_1_334' title='bbox 1484 3987 1580 4063; x_wconf 77' lang='lat' dir='ltr'>ipsunt</span> <span class='ocrx_word' id='word_1_335' title='bbox 1594 3985 1743 4048; x_wconf 82' lang='lat' dir='ltr'>Coelalear</span> <span class='ocrx_word' id='word_1_336' title='bbox 1766 3984 1863 4067; x_wconf 66' lang='lat' dir='ltr'>tante</span> 
     </span>
     <span class='ocr_line' id='line_1_33' title="bbox 488 4079 1862 4163; baseline 0.004 -21"><span class='ocrx_word' id='word_1_337' title='bbox 488 4079 666 4161; x_wconf 88' lang='lat' dir='ltr'>appellatur.</span> <span class='ocrx_word' id='word_1_338' title='bbox 713 4081 815 4163; x_wconf 85' lang='lat' dir='ltr'>ltaque</span> <span class='ocrx_word' id='word_1_339' title='bbox 838 4082 1001 4163; x_wconf 89' lang='lat' dir='ltr'>particulas</span> <span class='ocrx_word' id='word_1_340' title='bbox 1025 4081 1091 4142; x_wconf 89' lang='lat' dir='ltr'>illas</span> <span class='ocrx_word' id='word_1_341' title='bbox 1115 4101 1192 4161; x_wconf 77' lang='lat' dir='ltr'>ipone</span> <span class='ocrx_word' id='word_1_342' title='bbox 1216 4082 1330 4143; x_wconf 89' lang='lat' dir='ltr'>lraetac</span> <span class='ocrx_word' id='word_1_343' title='bbox 1353 4085 1516 4143; x_wconf 85' lang='lat' dir='ltr'>nrinntatinr</span> <span class='ocrx_word' id='word_1_344' title='bbox 1539 4085 1569 4143; x_wconf 93' lang='lat' dir='ltr'>in</span> <span class='ocrx_word' id='word_1_345' title='bbox 1597 4085 1680 4145; x_wconf 89' lang='lat' dir='ltr'>diseo</span> <span class='ocrx_word' id='word_1_346' title='bbox 1705 4086 1862 4148; x_wconf 89' lang='lat' dir='ltr'>collocan-</span> 
     </span>
     <span class='ocr_line' id='line_1_34' title="bbox 488 4180 1861 4264; baseline 0.006 -25"><span class='ocrx_word' id='word_1_347' title='bbox 488 4185 538 4240; x_wconf 90' lang='lat' dir='ltr'>tnr</span> <span class='ocrx_word' id='word_1_348' title='bbox 558 4189 657 4246; x_wconf 59' lang='lat' dir='ltr'>trum</span> <span class='ocrx_word' id='word_1_349' title='bbox 687 4181 836 4242; x_wconf 73' lang='lat' dir='ltr'>cerbereas</span> <span class='ocrx_word' id='word_1_350' title='bbox 858 4183 888 4242; x_wconf 92' lang='lat' dir='ltr'>in</span> <span class='ocrx_word' id='word_1_351' title='bbox 912 4180 1043 4260; x_wconf 77' lang='lat' dir='ltr'>Syriacis</span> <span class='ocrx_word' id='word_1_352' title='bbox 1067 4180 1232 4241; x_wconf 83' lang='lat' dir='ltr'>ltitualibns</span> <span class='ocrx_word' id='word_1_353' title='bbox 1255 4183 1377 4257; x_wconf 81' lang='lat' dir='ltr'>vocari,</span> <span class='ocrx_word' id='word_1_354' title='bbox 1402 4201 1438 4242; x_wconf 91' lang='lat' dir='ltr'>eo</span> <span class='ocrx_word' id='word_1_355' title='bbox 1463 4183 1653 4244; x_wconf 81' lang='lat' dir='ltr'>scrisiinilins</span> <span class='ocrx_word' id='word_1_356' title='bbox 1683 4192 1747 4261; x_wconf 90' lang='lat' dir='ltr'>est,</span> <span class='ocrx_word' id='word_1_357' title='bbox 1779 4185 1861 4264; x_wconf 72' lang='lat' dir='ltr'>&lt;parad</span> 
     </span>
    </p>

    <p class='ocr_par' dir='ltr' id='par_1_4' title="bbox 431 4263 1863 4852">
     <span class='ocr_line' id='line_1_35' title="bbox 431 4263 1861 4359; baseline 0.004 -21"><span class='ocrx_word' id='word_1_358' title='bbox 431 4263 435 4270; x_wconf 49' lang='lat'>¹</span> <span class='ocrx_word' id='word_1_359' title='bbox 488 4279 529 4339; x_wconf 88' lang='lat' dir='ltr'>ita</span> <span class='ocrx_word' id='word_1_360' title='bbox 552 4297 673 4359; x_wconf 86' lang='lat' dir='ltr'>quoque</span> <span class='ocrx_word' id='word_1_361' title='bbox 697 4286 847 4340; x_wconf 83' lang='lat' dir='ltr'>vocentur</span> <span class='ocrx_word' id='word_1_362' title='bbox 870 4283 899 4340; x_wconf 93' lang='lat' dir='ltr'>in</span> <span class='ocrx_word' id='word_1_363' title='bbox 923 4279 1137 4341; x_wconf 78' lang='lat' dir='ltr'>licaredietione</span> <span class='ocrx_word' id='word_1_364' title='bbox 1161 4279 1244 4340; x_wconf 83' lang='lat' dir='ltr'>llisei</span> <span class='ocrx_word' id='word_1_365' title='bbox 1273 4279 1485 4359; x_wconf 84' lang='lat' dir='ltr'>Eucharistie-i,</span> <span class='ocrx_word' id='word_1_366' title='bbox 1517 4281 1546 4340; x_wconf 92' lang='lat' dir='ltr'>in</span> <span class='ocrx_word' id='word_1_367' title='bbox 1574 4282 1682 4342; x_wconf 84' lang='lat' dir='ltr'>llitnali</span> <span class='ocrx_word' id='word_1_368' title='bbox 1713 4283 1861 4344; x_wconf 89' lang='lat' dir='ltr'>Gabrielis</span> 
     </span>
     <span class='ocr_line' id='line_1_36' title="bbox 488 4375 1863 4462; baseline 0.004 -25"><span class='ocrx_word' id='word_1_369' title='bbox 488 4375 681 4438; x_wconf 86' lang='lat' dir='ltr'>l&#39;alriarchae</span> <span class='ocrx_word' id='word_1_370' title='bbox 709 4375 923 4454; x_wconf 85' lang='lat' dir='ltr'>Alexandrini,</span> <span class='ocrx_word' id='word_1_371' title='bbox 955 4379 1007 4456; x_wconf 78' lang='lat' dir='ltr'>ptri</span> <span class='ocrx_word' id='word_1_372' title='bbox 1034 4377 1194 4455; x_wconf 84' lang='lat' dir='ltr'>replendus</span> <span class='ocrx_word' id='word_1_373' title='bbox 1223 4388 1268 4439; x_wconf 84' lang='lat' dir='ltr'>est</span> <span class='ocrx_word' id='word_1_374' title='bbox 1297 4381 1398 4457; x_wconf 71' lang='lat' dir='ltr'>inuritis</span> <span class='ocrx_word' id='word_1_375' title='bbox 1428 4381 1628 4455; x_wconf 84' lang='lat' dir='ltr'>corbonibus,</span> <span class='ocrx_word' id='word_1_376' title='bbox 1659 4403 1699 4442; x_wconf 73' lang='lat' dir='ltr'>ec</span> <span class='ocrx_word' id='word_1_377' title='bbox 1728 4385 1863 4462; x_wconf 85' lang='lat' dir='ltr'>reliquiis</span> 
     </span>
     <span class='ocr_line' id='line_1_37' title="bbox 489 4468 1862 4561; baseline 0.004 -25"><span class='ocrx_word' id='word_1_378' title='bbox 489 4477 628 4555; x_wconf 80' lang='lat' dir='ltr'>corporis</span> <span class='ocrx_word' id='word_1_379' title='bbox 661 4476 717 4552; x_wconf 74' lang='lat' dir='ltr'>filii</span> <span class='ocrx_word' id='word_1_380' title='bbox 749 4479 811 4536; x_wconf 86' lang='lat' dir='ltr'>tui:</span> <span class='ocrx_word' id='word_1_381' title='bbox 840 4477 996 4556; x_wconf 85' lang='lat' dir='ltr'>particulis</span> <span class='ocrx_word' id='word_1_382' title='bbox 1031 4475 1146 4538; x_wconf 87' lang='lat' dir='ltr'>scilicet</span> <span class='ocrx_word' id='word_1_383' title='bbox 1177 4495 1253 4555; x_wconf 79' lang='lat' dir='ltr'>quiae</span> <span class='ocrx_word' id='word_1_384' title='bbox 1285 4477 1422 4539; x_wconf 81' lang='lat' dir='ltr'>alienatur</span> <span class='ocrx_word' id='word_1_385' title='bbox 1455 4468 1690 4561; x_wconf 57' lang='lat' dir='ltr'>dilucidavero,</span> <span class='ocrx_word' id='word_1_386' title='bbox 1727 4481 1784 4543; x_wconf 91' lang='lat' dir='ltr'>boc</span> <span class='ocrx_word' id='word_1_387' title='bbox 1815 4488 1862 4542; x_wconf 91' lang='lat' dir='ltr'>est</span> 
     </span>
     <span class='ocr_line' id='line_1_38' title="bbox 479 4566 1862 4655; baseline 0.004 -21"><span class='ocrx_word' id='word_1_388' title='bbox 479 4566 651 4655; x_wconf 75' lang='lat' dir='ltr'>Acltpcnn,</span> <span class='ocrx_word' id='word_1_389' title='bbox 674 4574 756 4649; x_wconf 81' lang='lat' dir='ltr'>sine,</span> <span class='ocrx_word' id='word_1_390' title='bbox 780 4583 811 4634; x_wconf 91' lang='lat' dir='ltr'>ut</span> <span class='ocrx_word' id='word_1_391' title='bbox 834 4574 952 4636; x_wconf 84' lang='lat' dir='ltr'>Arabes</span> <span class='ocrx_word' id='word_1_392' title='bbox 977 4583 1115 4651; x_wconf 81' lang='lat' dir='ltr'>vertunt,</span> <span class='ocrx_word' id='word_1_393' title='bbox 1139 4577 1274 4637; x_wconf 78' lang='lat' dir='ltr'>nrcnrlnnr</span> <span class='ocrx_word' id='word_1_394' title='bbox 1297 4580 1436 4655; x_wconf 61' lang='lat' dir='ltr'>coarianis</span> <span class='ocrx_word' id='word_1_395' title='bbox 1460 4578 1590 4639; x_wconf 79' lang='lat' dir='ltr'>Clariati:</span> <span class='ocrx_word' id='word_1_396' title='bbox 1623 4581 1733 4640; x_wconf 80' lang='lat' dir='ltr'>Vocari</span> <span class='ocrx_word' id='word_1_397' title='bbox 1762 4588 1862 4641; x_wconf 80' lang='lat' dir='ltr'>ataleni</span> 
     </span>
     <span class='ocr_line' id='line_1_39' title="bbox 487 4658 1860 4758; baseline 0.002 -26"><span class='ocrx_word' id='word_1_398' title='bbox 487 4673 527 4732; x_wconf 92' lang='lat' dir='ltr'>ita</span> <span class='ocrx_word' id='word_1_399' title='bbox 550 4680 678 4752; x_wconf 91' lang='lat' dir='ltr'>possunt</span> <span class='ocrx_word' id='word_1_400' title='bbox 700 4680 768 4734; x_wconf 87' lang='lat' dir='ltr'>ante</span> <span class='ocrx_word' id='word_1_401' title='bbox 792 4675 1069 4744; x_wconf 80' lang='lat' dir='ltr'>consecrationum,</span> <span class='ocrx_word' id='word_1_402' title='bbox 1092 4693 1153 4735; x_wconf 92' lang='lat' dir='ltr'>non</span> <span class='ocrx_word' id='word_1_403' title='bbox 1167 4658 1262 4736; x_wconf 77' lang='lat' dir='ltr'>rr&#39;rinus</span> <span class='ocrx_word' id='word_1_404' title='bbox 1282 4694 1370 4755; x_wconf 85' lang='lat' dir='ltr'>qnam</span> <span class='ocrx_word' id='word_1_405' title='bbox 1384 4695 1478 4738; x_wconf 85' lang='lat' dir='ltr'>socru</span> <span class='ocrx_word' id='word_1_406' title='bbox 1491 4680 1644 4758; x_wconf 75' lang='lat' dir='ltr'>anysio-in,</span> <span class='ocrx_word' id='word_1_407' title='bbox 1668 4679 1860 4755; x_wconf 74' lang='lat' dir='ltr'>sucrificium,</span> 
     </span>
     <span class='ocr_line' id='line_1_40' title="bbox 487 4769 1166 4852; baseline 0.001 -21"><span class='ocrx_word' id='word_1_408' title='bbox 487 4769 603 4844; x_wconf 75' lang='lat' dir='ltr'>bostut,</span> <span class='ocrx_word' id='word_1_409' title='bbox 625 4790 738 4849; x_wconf 78' lang='lat' dir='ltr'>optaris,</span> <span class='ocrx_word' id='word_1_410' title='bbox 758 4774 991 4852; x_wconf 79' lang='lat' dir='ltr'>prirrropcnitus,</span> <span class='ocrx_word' id='word_1_411' title='bbox 1016 4782 1045 4834; x_wconf 88' lang='lat' dir='ltr'>ct</span> <span class='ocrx_word' id='word_1_412' title='bbox 1068 4773 1166 4834; x_wconf 68' lang='lat' dir='ltr'>aliter:</span> 
     </span>
    </p>

    <p class='ocr_par' dir='ltr' id='par_1_5' title="bbox 488 4868 2187 5252">
     <span class='ocr_line' id='line_1_41' title="bbox 574 4868 2187 4952; baseline 0.007 -24"><span class='ocrx_word' id='word_1_413' title='bbox 574 4868 605 4928; x_wconf 96' lang='lat' dir='ltr'>ln</span> <span class='ocrx_word' id='word_1_414' title='bbox 629 4869 675 4930; x_wconf 93' lang='lat' dir='ltr'>bis</span> <span class='ocrx_word' id='word_1_415' title='bbox 699 4889 774 4951; x_wconf 82' lang='lat' dir='ltr'>ergo</span> <span class='ocrx_word' id='word_1_416' title='bbox 798 4870 901 4934; x_wconf 86' lang='lat' dir='ltr'>ciliciis</span> <span class='ocrx_word' id='word_1_417' title='bbox 931 4872 1085 4932; x_wconf 74' lang='lat' dir='ltr'>(leutranno</span> <span class='ocrx_word' id='word_1_418' title='bbox 1114 4871 1275 4950; x_wconf 87' lang='lat' dir='ltr'>particulas</span> <span class='ocrx_word' id='word_1_419' title='bbox 1306 4873 1453 4952; x_wconf 80' lang='lat' dir='ltr'>signifieat</span> <span class='ocrx_word' id='word_1_420' title='bbox 1484 4892 1561 4952; x_wconf 77' lang='lat' dir='ltr'>(puae</span> <span class='ocrx_word' id='word_1_421' title='bbox 1590 4875 1619 4933; x_wconf 91' lang='lat' dir='ltr'>in</span> <span class='ocrx_word' id='word_1_422' title='bbox 1647 4875 1731 4934; x_wconf 91' lang='lat' dir='ltr'>disco</span> <span class='ocrx_word' id='word_1_423' title='bbox 1762 4875 1861 4937; x_wconf 88' lang='lat' dir='ltr'>eollo·</span> <span class='ocrx_word' id='word_1_424' title='bbox 1920 4886 1997 4938; x_wconf 82' lang='lat' dir='ltr'>Panis</span> <span class='ocrx_word' id='word_1_425' title='bbox 2015 4889 2187 4942; x_wconf 77' lang='lat' dir='ltr'>Euctnrtsttct</span> 
     </span>
     <span class='ocr_line' id='line_1_42' title="bbox 488 4970 2046 5053; baseline 0.009 -27"><span class='ocrx_word' id='word_1_426' title='bbox 488 4973 609 5044; x_wconf 87' lang='lat' dir='ltr'>cantur,</span> <span class='ocrx_word' id='word_1_427' title='bbox 632 4987 729 5050; x_wconf 89' lang='lat' dir='ltr'>propo</span> <span class='ocrx_word' id='word_1_428' title='bbox 753 4989 805 5032; x_wconf 91' lang='lat' dir='ltr'>eas</span> <span class='ocrx_word' id='word_1_429' title='bbox 829 4990 906 5050; x_wconf 80' lang='lat' dir='ltr'>(puae</span> <span class='ocrx_word' id='word_1_430' title='bbox 930 4970 1009 5051; x_wconf 91' lang='lat' dir='ltr'>qaod</span> <span class='ocrx_word' id='word_1_431' title='bbox 1034 4971 1174 5032; x_wconf 88' lang='lat' dir='ltr'>crucibus</span> <span class='ocrx_word' id='word_1_432' title='bbox 1198 4974 1371 5050; x_wconf 73' lang='lat' dir='ltr'>signantur,</span> <span class='ocrx_word' id='word_1_433' title='bbox 1405 4972 1524 5032; x_wconf 83' lang='lat' dir='ltr'>lbbube</span> <span class='ocrx_word' id='word_1_434' title='bbox 1546 4984 1640 5044; x_wconf 66' lang='lat' dir='ltr'>nult:</span> <span class='ocrx_word' id='word_1_435' title='bbox 1673 4973 1737 5034; x_wconf 80' lang='lat' dir='ltr'>sivo</span> <span class='ocrx_word' id='word_1_436' title='bbox 1760 4974 1861 5053; x_wconf 80' lang='lat' dir='ltr'>sipillo</span> <span class='ocrx_word' id='word_1_437' title='bbox 1875 4975 2046 5040; x_wconf 81' lang='lat' dir='ltr'>praeparatio.</span> 
     </span>
     <span class='ocr_line' id='line_1_43' title="bbox 488 5064 1861 5153; baseline 0.008 -30"><span class='ocrx_word' id='word_1_438' title='bbox 488 5064 683 5146; x_wconf 75' lang='lat' dir='ltr'>singulariter</span> <span class='ocrx_word' id='word_1_439' title='bbox 717 5069 915 5147; x_wconf 89' lang='lat' dir='ltr'>appellantur.</span> <span class='ocrx_word' id='word_1_440' title='bbox 968 5069 1028 5131; x_wconf 89' lang='lat' dir='ltr'>lrno</span> <span class='ocrx_word' id='word_1_441' title='bbox 1067 5071 1096 5129; x_wconf 94' lang='lat' dir='ltr'>in</span> <span class='ocrx_word' id='word_1_442' title='bbox 1132 5072 1244 5150; x_wconf 83' lang='lat' dir='ltr'>optiino</span> <span class='ocrx_word' id='word_1_443' title='bbox 1274 5071 1386 5131; x_wconf 75' lang='lat' dir='ltr'>i&#39;otliee</span> <span class='ocrx_word' id='word_1_444' title='bbox 1419 5070 1633 5153; x_wconf 78' lang='lat' dir='ltr'>Segnioriano,</span> <span class='ocrx_word' id='word_1_445' title='bbox 1668 5072 1772 5133; x_wconf 82' lang='lat' dir='ltr'>eadent</span> <span class='ocrx_word' id='word_1_446' title='bbox 1801 5091 1861 5134; x_wconf 80' lang='lat' dir='ltr'>nox</span> 
     </span>
     <span class='ocr_line' id='line_1_44' title="bbox 488 5163 1585 5252; baseline 0.008 -30"><span class='ocrx_word' id='word_1_447' title='bbox 488 5163 631 5243; x_wconf 87' lang='lat' dir='ltr'>rnajorcm</span> <span class='ocrx_word' id='word_1_448' title='bbox 654 5187 693 5228; x_wconf 85' lang='lat' dir='ltr'>ex</span> <span class='ocrx_word' id='word_1_449' title='bbox 717 5186 775 5246; x_wconf 85' lang='lat' dir='ltr'>qua</span> <span class='ocrx_word' id='word_1_450' title='bbox 798 5169 875 5230; x_wconf 89' lang='lat' dir='ltr'>aliae</span> <span class='ocrx_word' id='word_1_451' title='bbox 903 5170 1118 5248; x_wconf 86' lang='lat' dir='ltr'>consignantur</span> <span class='ocrx_word' id='word_1_452' title='bbox 1140 5177 1256 5248; x_wconf 86' lang='lat' dir='ltr'>partein</span> <span class='ocrx_word' id='word_1_453' title='bbox 1280 5169 1405 5232; x_wconf 88' lang='lat' dir='ltr'>Oblatae</span> <span class='ocrx_word' id='word_1_454' title='bbox 1428 5169 1585 5252; x_wconf 81' lang='lat' dir='ltr'>significat.</span> 
     </span>
    </p>
   </div>
   <div class='ocr_carea' id='block_1_3' title="bbox 0 0 2580 6532">
    <p class='ocr_par' dir='ltr' id='par_1_6' title="bbox 0 0 2580 6532">
     <span class='ocr_line' id='line_1_45' title="bbox 0 0 2580 6532; baseline 0 0"><span class='ocrx_word' id='word_1_455' title='bbox 0 0 2580 6532; x_wconf 95' lang='lat' dir='ltr'> </span> 
     </span>
    </p>
   </div>
  </div>
 </body>
</html>
