5150 6534
891 886 939 961 IN
970 883 1220 960 LITURGlhhl
1246 880 1415 958 Jncossl
1441 882 1686 958 Bthllth.
1864 894 1866 903 ‘
1899 882 1974 957 345

602 1174 638 1243 7.
674 1171 723 1241 m
747 1175 922 1263 persecuti
948 1177 1026 1241 sont
1052 1193 1206 1242 errorem
1231 1172 1433 1257 haereseon,
1461 1193 1549 1263 quoe
1567 1171 1846 1263 blasphemabant
1873 1175 1975 1266 impie

940 1288 1105 1358 adaerere
1131 1287 1409 1357 Incarnottonem
1442 1285 1557 1373 Verbi,
1585 1293 1649 1356 etc.

701 1478 817 1557 Nona
839 1490 887 1552 hic
909 1489 1101 1573 agnoscimus
1122 1500 1152 1553 et
1168 1490 1286 1570 quidem
1300 1488 1492 1551 indubitatam
1505 1489 1783 1570 Monophysitarum
1806 1490 1974 1568 doctrinae,

601 1610 663 1657 non
684 1592 774 1656 modo
798 1593 944 1656 adversus
966 1592 1181 1669 Nestorianos,
1209 1593 1264 1654 sed
1287 1593 1377 1655 etiam
1399 1592 1545 1655 adversus
1570 1592 1764 1654 Orthodoxos
1789 1593 1974 1677 Theologice

602 1693 781 1774 explicatae,
806 1693 886 1773 quod
911 1700 1008 1754 tamen
1031 1693 1103 1754 satis
1125 1710 1225 1754 rarum
1255 1700 1302 1754 est
1333 1693 1363 1752 in
1385 1691 1546 1772 Liturgicis
1577 1691 1690 1755 officiis.
1742 1691 1825 1754 llaec
1854 1695 1972 1756 novitas

604 1793 677 1854 satis
701 1792 842 1854 convenit
863 1790 973 1852 homini
1004 1790 1219 1868 audacissimo,
1250 1791 1345 1872 qualis
1375 1789 1429 1852 luit
1455 1791 1587 1852 lacobus
1617 1790 1684 1866 ille,
1719 1792 1745 1852 si
1769 1789 1909 1867 Graecis,
1943 1801 1975 1855 et

603 1888 792 1953 Nestorianis
816 1890 975 1952 credimus.
1020 1890 1166 1953 Unionem
1190 1890 1362 1953 dividebant
1391 1910 1430 1952 ex
1451 1891 1654 1953 Jacobitarum
1677 1894 1836 1968 sententia,
1860 1893 1974 1956 Nesto-

603 1990 691 2067 riani,
715 1989 795 2070 quod
819 1990 893 2052 duas
916 1991 945 2051 in
959 1989 1078 2052 Christo
1102 2008 1250 2070 personas
1275 1997 1489 2071 agnoscerent:
1514 1988 1697 2052 Orlbodoxis
1719 1988 1798 2051 idem
1820 1990 1974 2073 impinge-

601 2087 686 2166 bant,
710 2089 789 2168 quod
814 2086 887 2150 duas
910 2097 1033 2151 naturas
1056 2095 1238 2164 statuerent3
1262 2108 1329 2151 cum
1352 2107 1440 2150 unam
1463 2088 1620 2151 Jacobitae
1642 2088 1865 2169 profiterentur.

750 2363 786 2435 8.
830 2364 1009 2458 offerimus
1037 2364 1100 2435 libi
1128 2369 1234 2457 ipsam
1261 2368 1521 2459 deprecatorem
1543 2388 1610 2457 pro
1638 2366 1745 2452 mobis,
1774 2373 1837 2437 etc.

700 2554 856 2633 Caarsruu
885 2568 969 2648 cujus
998 2566 1117 2648 Corpus
1147 2575 1178 2631 et
1202 2569 1383 2651 Sanguinem
1415 2577 1629 2648 susceperunt,
1657 2567 1812 2631 lacobitae
1843 2569 1974 2633 offerunt

602 2670 668 2734 Deo
692 2670 938 2749 deprecatorem3
962 2687 1040 2749 quae
1063 2671 1198 2732 doctrina
1222 2671 1251 2732 in
1275 2671 1339 2733 aliis
1363 2688 1484 2751 quoque
1507 2671 1648 2751 precibus
1671 2672 1794 2752 privatis
1818 2679 1849 2734 et
1873 2675 1974 2754 publi-

602 2771 647 2832 cis
670 2769 812 2841 occurrit‚
836 2769 971 2849 quamvis
994 2788 1101 2850 magna
1125 2769 1305 2832 confidentia
1324 2770 1505 2852 negaverint
1526 2769 1555 2830 id
1579 2768 1918 2851 dudumProtestantes,
1943 2783 1974 2836 et

602 2886 701 2949 nuper
722 2870 769 2930 vir
791 2869 870 2930 inter
893 2884 947 2929 eos
971 2868 1078 2930 doctus
1102 2869 1151 2948 qui
1176 2869 1296 2951 longam
1318 2868 1356 2930 de
1369 2868 1575 2930 Eucharistiae
1598 2867 1750 2931 oblatione
1773 2871 1973 2932 Dissertatio-

494 3035 499 3043 ,
600 2985 671 3030 nem
694 2967 881 3047 Fragmentis
904 2967 1018 3046 aliquot
1041 2967 1156 3029 irenaei
1181 2986 1197 3027 a
1220 2987 1254 3029 se
1278 2968 1366 3030 editis
1385 2968 1550 3048 subjunxit,
1574 2967 1710 3049 adjuncta
1734 2972 1971 3032 testimoniorum

498 3081 511 3093 ‘
600 3065 692 3142 nube,
717 3065 824 3145 quibus
847 3064 919 3126 nihil
943 3065 1033 3146 plane
1055 3065 1180 3127 efficitur
1203 3074 1308 3127 contra
1331 3085 1516 3129 communem
1540 3065 1674 3128 omnibus
1691 3067 1836 3129 Ecclesiis
1853 3069 1972 3132 Orien-

600 3164 710 3228 talibus
734 3173 765 3227 et
788 3164 1030 3226 Occidentalibus
1046 3163 1189 3226 Sacrificii
1210 3164 1409 3227 Euolmristici
1434 3165 1609 3241 doctrinam,
1633 3173 1665 3226 ut
1688 3165 1758 3226 alibi
1780 3166 1972 3229 demonstra-

599 3262 690 3326 bitur.
735 3261 776 3325 At
797 3264 907 3325 rituum
932 3271 961 3323 et
985 3263 1200 3324 sententiarum
1223 3281 1300 3342 quae
1324 3264 1360 3325 ad
1384 3265 1455 3326 illud
1472 3266 1647 3344 Mysterium
1670 3271 1843 3343 spectantes
1868 3273 1973 3327 extant

599 3364 631 3424 in
655 3361 778 3424 Graecis
801 3361 956 3443 Liturgia,
979 3370 1030 3423 aut
1053 3362 1081 3422 in
1105 3364 1226 3442 scriptis
1257 3362 1442 3425 Graecorum
1465 3365 1601 3440 Patrum,
1634 3365 1735 3442 optimi
1759 3372 1789 3424 et
1812 3366 1972 3427 certissimi

600 3462 783 3540 interpretes
806 3459 910 3523 haberi
940 3468 1067 3542 possunt
1097 3460 1164 3541 Syri
1187 3469 1326 3539 veteres,
1358 3470 1417 3524 tam
1445 3462 1630 3538 Ortbodoxi,
1663 3480 1750 3542 quam
1781 3462 1823 3522 illi
1854 3465 1905 3543 qui
1934 3464 1971 3526 ab

601 3558 740 3622 Ecclesia
763 3568 833 3622 ante
856 3559 936 3621 mille
960 3567 990 3621 et
1013 3560 1139 3639 amplius
1161 3578 1256 3622 annos
1280 3563 1484 3623 secessionem
1516 3561 1663 3639 iecerunt,
1686 3561 1716 3622 in
1739 3578 1815 3641 quos
1838 3565 1971 3642 suspicio

603 3658 714 3721 cadere
737 3659 818 3721 nulla
841 3668 952 3740 potest.
984 3659 1024 3720 At
1047 3658 1089 3719 illi
1111 3659 1287 3721 sacrificium
1311 3661 1509 3730 incruentum,
1533 3648 1662 3742 λογικὸν
1683 3662 1748 3722 sive
1772 3660 1917 3722 rationale
1941 3669 1972 3723 et

602 3756 769 3838 spirituale,
790 3777 896 3819 verum
921 3766 951 3820 et
973 3758 1127 3820 sacrificiis
1151 3760 1279 3839 antiquis
1313 3759 1448 3838 dignius,
1478 3779 1555 3840 quae
1579 3759 1658 3820 illius
1681 3760 1785 3821 umbra
1816 3767 1845 3821 el
1874 3758 1971 3841 figura

605 3864 701 3936 erant,
725 3855 829 3934 offerri
853 3864 1022 3939 agnoscunt
1045 3859 1073 3918 in
1097 3877 1182 3919 sacra
1218 3859 1347 3935 actione,
1371 3860 1399 3919 in
1423 3877 1480 3938 qua
1504 3857 1630 3919 oiiertur
1659 3876 1719 3919 non
1751 3858 1873 3937 sanguis
1904 3860 1971 3919 ani-

603 3955 733 4034 malium,
754 3943 808 4017 'aut
830 3955 947 4035 legales
972 3956 1119 4030 victimae,
1143 3956 1197 4018 sed
1222 3956 1339 4035 Corpus
1371 3966 1401 4019 et
1425 3959 1552 4038 Sanguis
1575 3957 1656 4037 Agni
1686 3957 1746 4016 vivi
1776 3958 1970 4020 immaculati:

603 4053 825 4134 quemidcirco
851 4054 947 4116 oculis
970 4055 1039 4115 bdei
1058 4056 1166 4135 jubent
1187 4073 1244 4117 nos
1268 4056 1448 4118 immolatum
1471 4075 1564 4135 super
1585 4055 1690 4116 Altare
1712 4056 1831 4116 intueri.
1868 4055 1972 4118 Fidem

601 4153 688 4213 istam
711 4153 860 4214 miraculis
884 4155 1092 4233 comprobant,
1117 4164 1147 4216 et
1170 4157 1227 4217 illis
1251 4174 1336 4233 sane,
1361 4175 1437 4235 quae
1469 4154 1547 4234 apud
1571 4172 1624 4215 eos
1648 4154 1822 4234 quiveram
1846 4162 1876 4216 et
1899 4173 1970 4215 rea·
2036 4152 2099 4204 ma.
2124 4151 2196 4204 Pan.
2220 4152 2294 4204 Ata.

602 4250 661 4312 lem
684 4251 900 4313 elementorum
922 4254 951 4312 in
981 4253 1099 4333 Corpus
1130 4262 1160 4315 et
1189 4254 1371 4336 Sanguinem
1402 4255 1511 4317 Christi
1542 4255 1818 4316 transmutationem
1847 4237 2294 4337 negant,t²·¹⁸¹·¹⁸⁷·2⁷⁰·³⁰⁶·

602 4368 642 4410 ne
671 4349 837 4432 excogitari
868 4351 987 4430 quidem
1021 4361 1157 4432 possunt.
1214 4354 1351 4416 Videnda
1385 4372 1462 4433 quae
1496 4353 1651 4414 retulimus
1686 4351 1756 4413 alibi
1785 4372 1825 4414 ex
1854 4323 2134 4457 Sever0³⁷fss⁴³⁸f
2239 4403 2286 4458 ,3

602 4445 756 4528 Episcopo
779 4448 961 4512 Aschmonin
986 4459 1017 4512 et
1040 4452 1114 4514 aliis.
1161 4452 1312 4515 Christum
1340 4453 1442 4515 dicunt
1471 4470 1540 4513 esse
1563 4451 1712 4512 victimam
1740 4453 1770 4512 in
1798 4451 1896 4514 Alteri
1918 4470 1972 4515 sa·
1985 4510 2007 4544 c.
2026 4426 2094 4545 ff
2132 4423 2178 4459 Μ
2196 4408 2222 4459 '¹'
2249 4441 2256 4454 ⁶
2287 4443 2294 4458 ⁸

603 4545 783 4609 cribcatam:
807 4548 934 4610 offertur
955 4551 1047 4631 igitur
1076 4551 1143 4613 Deo
1173 4553 1202 4614 in
1233 4553 1412 4614 sacrificium
1444 4550 1561 4629 Corpus
1597 4550 1662 4630 ejus
1693 4558 1724 4612 et
1753 4551 1900 4632 Sanguis,
1933 4573 1973 4614 ex

603 4643 800 4708 Orientalium
829 4649 989 4711 sententia.
1050 4648 1081 4711 ld
1116 4651 1173 4712 nisi
1209 4651 1369 4713 crederent
1397 4650 1476 4711 illum
1505 4648 1641 4711 manibus
1669 4650 1861 4713 sacerdotum
1889 4649 1974 4729 ferri,

603 4744 787 4832 tractarique
812 4762 872 4807 non
895 4746 1041 4825 dicerent,
1065 4749 1145 4829 quod
1169 4757 1267 4811 tamen
1298 4751 1327 4809 in
1350 4750 1449 4810 multis
1472 4748 1655 4810 orationibus
1678 4747 1796 4828 dicunt,
1827 4757 1885 4811 tam
1907 4752 1976 4831 pri-

604 4842 693 4918 vatis,
718 4863 806 4923 quam
836 4845 974 4925 publicis.
1024 4847 1073 4908 Ad
1106 4846 1255 4910 Christum
1279 4865 1415 4929 quoque,
1445 4855 1477 4909 ut
1506 4866 1580 4909 vere
1609 4847 1638 4907 in
1667 4846 1752 4909 altari
1782 4858 1975 4929 praesentem

600 4956 712 5019 preces
736 4942 883 5023 dirigunt:
908 4951 937 5004 et
960 4945 990 5003 in
1012 4945 1147 5026 Liturgia
1169 4946 1350 5027 Aethiopica
1381 4966 1459 5027 quae
1480 4947 1620 5009 Dioscori
1642 4965 1751 5009 nomen
1775 4948 1920 5027 praefert,
1943 4951 1974 5012 id

604 5038 683 5118 quod
707 5041 736 5101 in
760 5041 855 5103 Alteri
880 5041 999 5103 videtur
1017 5043 1118 5104 dicunt
1141 5055 1347 5107 accusatorem
1371 5054 1401 5108 et
1419 5045 1551 5127 judicem
1571 5044 1648 5123 iore,
1672 5044 1823 5111 Christum
1841 5049 1899 5111 Dei
1920 5049 1974 5112 Fi.-

603 5134 673 5197 lium
697 5138 745 5199 cui
769 5138 864 5199 Pater
885 5159 972 5200 omme
986 5142 1137 5217 judiciam
1159 5144 1251 5219 dedit,
1275 5145 1305 5205 in
1330 5144 1522 5207 Sacramento
1545 5153 1757 5225 agnoscentes.
1789 5147 1973 5228 Sacrificium

603 5252 697 5314 porro
733 5236 765 5297 bt
798 5238 863 5318 ejus
891 5238 937 5299 rei
967 5257 1045 5317 quae
1073 5240 1231 5303 oblationis
1269 5252 1300 5305 et
1330 5245 1467 5306 victimae
1498 5243 1566 5305 loco
1596 5251 1651 5304 est.
1707 5244 1740 5305 ln
1769 5246 1974 5310 celebratione

603 5332 812 5397 Eucharistiae
834 5336 963 5399 infertur
986 5336 1097 5399 oblatio
1114 5358 1154 5400 ex
1176 5358 1254 5421 pane
1278 5350 1308 5404 et
1332 5344 1401 5406 vino
1419 5361 1495 5424 aqua
1515 5342 1611 5420 misto,
1636 5350 1667 5403 et
1688 5342 1761 5405 illud
1784 5347 1973 5429 sacrificium,
