5150 6534
596 842 670 917 140
777 877 783 886 ·
1101 841 1462 952 iflrruuorn

593 1029 681 1101 oculi
708 1032 815 1100 nostri
841 1028 883 1098 ad
911 1038 956 1118 te,
982 1029 1145 1116 Domine,
1181 1025 1291 1099 donec
1316 1029 1509 1100 miserearis
1534 1031 1652 1101 nostri.
1704 1020 1871 1101 lllis'ercre
1895 1050 1973 1100 no-

594 1148 666 1233 stri,
693 1144 845 1216 Domine.
900 1142 1065 1215 Miserere
1097 1146 1163 1213 mei
1199 1152 1234 1213 et
1263 1141 1372 1215 libera
1404 1165 1460 1216 me
1493 1144 1534 1216 ab
1569 1142 1703 1216 homine
1733 1142 1834 1216 malo.
1886 1142 1975 1216 ble-

591 1270 704 1333 mento
731 1263 797 1332 mei
823 1263 856 1331 in
883 1282 990 1362 reguo
1017 1271 1087 1349 tuo,
1115 1281 1188 1330 cum
1217 1258 1391 1347 advenies,
1418 1258 1463 1331 lili
1488 1258 1564 1331 Dei.

645 1466 647 1469 Α
697 1377 847 1448 Eleaaao
878 1378 1002 1468 aecem.
1056 1375 1213 1448 Sanctum
1241 1378 1387 1464 sanctis,
1412 1378 1448 1447 in
1473 1374 1681 1471 perfectione
1708 1383 1743 1447 et
1767 1376 1916 1471 puritate
1942 1383 1978 1448 ot

593 1495 768 1566 sanctitate
795 1491 900 1562 datur.
959 1491 1007 1561 Et
1033 1492 1159 1561 dicuat.
1212 1488 1307 1564 Unus
1333 1491 1436 1563 Pater
1461 1500 1614 1564 sanctus:
1641 1512 1726 1563 unus
1751 1489 1856 1564 Filius
1883 1510 1975 1561 san-

595 1618 683 1679 ctus:
710 1630 794 1677 uuus
815 1607 956 1701 Spiritus
985 1615 1130 1677 sanctus.
1184 1603 1300 1678 Gloria
1325 1606 1415 1678 Patri
1443 1617 1477 1678 et
1502 1605 1602 1696 Filio,
1629 1615 1662 1677 et
1677 1604 1815 1701 Spiritui
1841 1606 1975 1677 sancto.

698 1722 875 1793 Sacerdos
902 1722 1039 1793 eleoaas
1073 1721 1216 1793 calicem
1241 1722 1335 1793 dicit.
1388 1722 1589 1795 ODomine
1620 1724 1653 1793 in
1683 1723 1828 1794 veritate
1853 1720 1975 1793 credi-

594 1860 666 1908 mus
703 1848 736 1908 et
768 1837 951 1928 credimus,
986 1840 1072 1910 sicut
1106 1836 1212 1907 credit
1237 1840 1272 1908 in
1298 1847 1331 1909 te
1355 1837 1511 1912 Ecclesia
1538 1847 1675 1927 sancta,
1701 1836 1790 1932 quod
1816 1838 1860 1911 sit
1884 1857 1975 1908 unus

593 1953 693 2025 Pater
720 1964 873 2026 sanctus:
908 1975 993 2025 unus
1026 1952 1130 2026 Filius
1164 1963 1317 2025 sanctus:
1351 1975 1436 2025 unus
1472 1954 1615 2049 Spiritus
1654 1962 1798 2024 sanctus.
1853 1950 1975 2024 Gloria

593 2070 685 2140 Patri
712 2078 745 2139 et
761 2068 858 2156 Filio,
886 2078 921 2139 et
946 2068 1084 2164 Spiritui
1109 2078 1238 2158 sancto,
1265 2072 1321 2164 qui
1347 2053 1448 2141 unum
1473 2077 1560 2158 sunt,
1585 2070 1620 2139 in
1646 2067 1791 2140 saecula.

698 2183 851 2277 Populus
877 2184 925 2254 ad
949 2183 1100 2277 eiaqalor
1124 2206 1252 2272 aerata,
1279 2185 1373 2256 dicit.
1426 2184 1494 2279 lpsi
1520 2183 1641 2277 gloria,
1666 2182 1786 2256 Amen.

698 2298 874 2371 Sacerdos
899 2303 1013 2392 sipaat
1040 2321 1143 2370 cruce
1166 2300 1337 2393 papalum,
1364 2306 1400 2371 et
1424 2300 1518 2370 dicit.

698 2414 814 2486 Gloria
840 2415 931 2486 Patri
959 2418 1014 2508 qui
1041 2414 1280 2505 sanctificavit,
1308 2426 1343 2487 et
1368 2413 1455 2487 Filio
1483 2418 1540 2510 qui
1557 2417 1719 2511 propitius
1739 2414 1811 2505 l'uit,
1832 2422 1870 2510 et
1886 2411 1976 2508 Spi-

593 2532 670 2599 ritui
697 2541 833 2618 sancto,
868 2533 923 2623 qui
950 2529 1086 2625 illapsus
1113 2540 1184 2621 est,
1211 2539 1245 2601 et
1271 2533 1327 2625 qui
1354 2541 1407 2602 est
1431 2532 1641 2626 principium
1668 2531 1913 2603 consummatio
1940 2538 1979 2600 et

594 2645 737 2737 sigillum
765 2648 908 2717 omniurn
936 2668 1021 2739 quae
1049 2656 1124 2717 sunt
1150 2655 1184 2717 et
1209 2644 1343 2718 fuerumt
1376 2650 1410 2717 in
1437 2645 1535 2717 coelo
1562 2655 1596 2717 et
1621 2648 1655 2716 in
1681 2655 1786 2716 terra:
1819 2646 1877 2738 qui
1905 2643 1977 2714 ad-

593 2761 722 2836 volavit
749 2785 810 2856 per
836 2764 1066 2833 miserationes
1094 2783 1186 2851 suas,
1212 2771 1247 2832 et
1273 2761 1447 2834 demittens
1475 2782 1513 2833 so
1539 2782 1601 2856 per
1627 2760 1836 2832 clementiam
1863 2781 1977 2852 suarm

594 2882 686 2950 venit
712 2888 747 2948 et
773 2880 985 2948 consecravit
1011 2874 1212 2948 oblationem
1241 2887 1403 2969 nostram,
1430 2877 1688 2970 obsignavitque
1707 2873 1912 2965 Ecclesiam,
1939 2885 1978 2948 et

593 2994 678 3066 [ilios
708 2995 780 3083 ejus
807 3015 869 3087 per
895 2996 1052 3063 virtutem
1079 3015 1235 3083 magnam
1262 2995 1387 3064 crucis:
1422 2995 1495 3087 ipse
1522 2990 1671 3063 demittat
1696 2990 1873 3063 dextoram
1900 2994 1975 3063 mi-

593 3107 800 3181 sericordiae
828 3129 929 3194 suae,
963 3129 1065 3201 super
1100 3110 1273 3199 regionem
1308 3110 1404 3180 istam
1439 3090 1473 3179 et
1508 3128 1624 3179 omnes
1655 3104 1864 3179 habitatores
1896 3110 1976 3199 ejus

592 3224 721 3314 fideles,
749 3232 962 3319 praestetque
987 3226 1135 3317 requiem
1162 3220 1287 3295 bonam
1309 3222 1472 3295 defunctis
1495 3225 1585 3316 ejus:
1612 3242 1773 3317 spemque
1794 3230 1976 3295 etcusto-

593 3341 679 3412 diam
706 3338 897 3411 viventibus
925 3341 958 3409 iu
985 3362 1038 3427 ea,
1066 3349 1099 3410 et
1134 3361 1252 3412 omnes
1286 3343 1342 3434 qni
1375 3342 1409 3410 in
1436 3348 1597 3425 cesant,
1624 3346 1783 3433 protege,
1810 3335 1975 3427 Domine,

593 3455 654 3527 sub
683 3455 743 3525 alis
771 3454 1021 3525 misericordiae
1048 3464 1133 3524 tuae.

695 3570 886 3638 'Diueoaae
916 3566 999 3639 Cum
1027 3572 1121 3641 statis
1148 3567 1373 3659 Sacerdotes,
1400 3580 1463 3640 eto.

697 3682 873 3753 Sacerdos
907 3685 1046 3776 siqaaas
1079 3682 1247 3771 oblatam,
1288 3684 1381 3754 uicit.
1423 3683 1586 3769 Benedic,
1623 3683 1786 3772 Domine,
1820 3678 1973 3754 oblatam

593 3801 692 3871 istam
719 3801 751 3867 in
779 3800 987 3869 sanctuario:
1015 3795 1223 3892 benedicque
1242 3820 1360 3889 agrum
1381 3821 1427 3870 ex
1449 3821 1514 3893 quo
1535 3798 1699 3894 producta
1713 3808 1774 3870 est
1825 3796 1972 3869 Praesta

594 3915 691 3982 etiam
719 3915 889 4004 requiem,
917 3920 951 3982 et
976 3934 1078 4005 parce
1105 3912 1185 3999 illis,
1212 3935 1274 4007 pro
1309 3911 1427 4006 quibus
1461 3911 1572 3985 oblata
1608 3923 1642 3983 et
1673 3920 1872 3986 consecrata
1904 3920 1972 4001 est,

593 4031 626 4097 in
653 4026 797 4097 saeculo.
1827 4082 1833 4093 .
1951 4003 1974 4110 f

697 4140 872 4211 Sacerdos
895 4144 1029 4232 [caepit
1056 4141 1220 4228 oblatam,
1249 4149 1283 4212 et
1309 4142 1402 4213 dicit.
1428 4143 1591 4231 Praesta,
1616 4141 1779 4229 Domine,
1813 4139 1971 4215 manibus

593 4260 676 4327 meis
704 4256 856 4336 infirmiS,
884 4264 918 4324 ut
945 4254 1106 4325 accedant
1132 4267 1166 4326 et
1190 4255 1349 4348 frangant
1375 4278 1498 4351 corpus
1527 4268 1615 4328 tuum
1643 4267 1805 4347 sanetum,
1829 4245 1874 4338 bt,
1893 4244 1971 4331 ntus

592 4370 769 4443 Ecclesiae
798 4380 933 4440 sanctae
960 4369 1105 4441 dividam
1131 4370 1226 4460 illud,
1254 4393 1328 4443 cum
1355 4371 1421 4442 fide
1446 4393 1540 4444 vera.
1592 4372 1794 4446 Benedictus
1821 4394 1860 4446 es
1886 4373 1971 4446 Do-

593 4489 682 4556 mine
714 4486 797 4556 lesu
835 4484 984 4572 Christe,
1024 4488 1120 4580 panis
1151 4489 1251 4558 vivus
1286 4490 1341 4580 qui
1375 4485 1418 4557 de
1452 4487 1550 4559 coelo
1587 4498 1644 4559 tuo
1681 4487 1904 4578 descendisti,
1937 4497 1973 4561 et

592 4599 701 4672 iactus
737 4623 774 4670 es
811 4602 881 4671 vita
918 4601 1173 4695 suscipientibus
1204 4612 1254 4687 te,
1289 4604 1324 4671 in
1358 4601 1504 4674 saccula.
1566 4604 1707 4675 Omnem
1742 4601 1873 4676 fidelem
1891 4686 1894 4690 ,
1914 4608 1972 4699 qui

592 4716 764 4788 nobiscum
795 4718 1061 4802 communicavit,
1088 4718 1283 4811 participem
1310 4714 1401 4787 illum
1417 4715 1482 4804 lac,
1500 4718 1656 4808 Domine,
1683 4721 1780 4811 regni
1805 4722 1853 4791 tui
1879 4741 1973 4793 coc-
2030 4697 2034 4708 ’

591 4832 687 4904 lestis
714 4835 747 4901 in
776 4829 920 4902 saecula.
973 4828 1051 4901 Non
1078 4833 1110 4899 in
1138 4830 1460 4924 condemnationem,
1487 4845 1544 4905 aut
1560 4837 1809 4908 accusationem
1828 4838 1872 4910 sit
1899 4858 1974 4911 no·

592 4944 645 5015 bis
674 4967 796 5039 corpus
825 4955 913 5015 tuum
940 4955 975 5015 et
1001 4948 1138 5036 sanguis
1165 4955 1241 5018 tuus
1266 4947 1430 5038 Domine,
1455 4950 1489 5018 in
1515 4949 1569 5020 dic
1591 4950 1725 5044 Judicii,
1759 4954 1794 5023 in
1820 4952 1980 5034 saecula,

594 5059 737 5130 Domine
766 5061 848 5131 Jesu
875 5059 1008 5131 Christe
1035 5060 1077 5131 da
1104 5059 1201 5133 nobis
1228 5062 1460 5135 confidentiam
1485 5086 1601 5137 coram
1627 5075 1672 5154 te,
1700 5064 1831 5158 quando
1856 5086 1976 5139 reve-

593 5171 717 5245 laberis
746 5198 819 5245 cum
846 5173 987 5265 Angelis
1016 5177 1078 5246 tuis
1106 5179 1139 5246 in
1165 5176 1273 5268 gloria
1288 5200 1422 5271 magua,
1449 5182 1483 5251 in
1501 5179 1645 5255 saecula.
1685 5179 1767 5252 vivi
1792 5187 1828 5251 et
1845 5185 1976 5256 mortui
