5150 6534
688 779 698 792 ἡ
797 845 974 926 tuocum
999 844 1202 925 iucundus
1228 845 1492 925 intotmounu
1517 845 1758 925 innocuum.
1892 847 1971 924 43⁷

600 1028 767 1096 indubitate
789 1030 954 1095 credimus:
983 1030 1024 1092 ita
1052 1046 1210 1113 rogamus,
1239 1039 1273 1094 ut
1303 1032 1413 1095 donum
1434 1032 1501 1095 sive
1527 1029 1642 1094 fructus
1673 1031 1807 1113 ejusdem
1835 1034 1972 1114 mysterii

601 1130 643 1195 ad
670 1133 937 1213 nos-perueniat,·
966 1130 1122 1212 prositque
1151 1117 1239 1192 nobis
1274 1131 1314 1194 ad
1339 1130 1548 1194 remissionom
1575 1138 1778 1212 peccatorum.
1830 1130 1863 1194 ld
1892 1132 1971 1194 anim

603 1231 704 1311 ipsum
725 1236 774 1294 est
795 1229 876 1313 quod
897 1231 928 1293 in
950 1228 1087 1292 omnibus
1111 1229 1177 1292 aliis
1201 1230 1386 1292 orationibus
1409 1229 1540 1292 anteval
1561 1237 1631 1310 post
1653 1229 1891 1293 communionem
1913 1229 1973 1292 dici

605 1324 703 1394 solitis
725 1329 789 1410 peti
810 1329 901 1392 solet:
923 1326 1089 1407 sufficitque
1112 1327 1150 1389 ad
1172 1329 1257 1391 iatius
1287 1329 1529 1410 explicationem.
1580 1325 1663 1391 Istud
1691 1346 1766 1391 vero
1795 1331 1828 1392 in
1859 1338 1973 1393 notura

604 1425 686 1492 idem
707 1426 878 1512 significare
901 1426 1118 1502 existimamus,
1149 1445 1186 1489 ac
1213 1445 1286 1490 vere
1309 1434 1341 1489 et
1363 1445 1397 1489 re
1420 1428 1501 1508 ipsa:
1530 1443 1598 1488 nam
1625 1443 1693 1488 cum
1718 1445 1782 1489 vox
1809 1440 1883 1496 tem
1910 1448 1972 1490 nu-

606 1527 708 1588 m
727 1526 853 1607 proprie
875 1524 1035 1609 significet,
1057 1541 1150 1606 saepe
1172 1525 1271 1604 etiam,
1294 1525 1345 1587 ubi
1356 1524 1538 1587 abundantia
1552 1542 1789 1607 synonymorum
1804 1525 1970 1608 quaeritur,

605 1637 670 1705 pro
685 1626 818 1688 cosentia
840 1631 871 1688 et
891 1622 1055 1687 adstantia
1077 1631 1250 1704 usurpatur,
1274 1630 1305 1686 et
1327 1625 1491 1705 opponitur
1511 1624 1710 1705 imaginario,
1733 1631 1764 1687 et
1785 1626 1925 1710 figurato.
1949 1650 1953 1656 ·

690 1720 725 1785 in
745 1722 868 1804 reliquis
890 1721 962 1785 ninii
983 1729 1032 1785 eat
1053 1721 1135 1804 quod
1157 1739 1236 1785 nova
1259 1722 1360 1803 aliqua
1382 1723 1597 1787 observatione
1619 1723 1763 1805 indigeat.

1034 2486 1532 2689 itionum

921 2824 1660 2960 inminutis

764 3077 1286 3159 Pntnlnncuno
1343 3080 1815 3159 Aotlooucnl.

1008 3369 1158 3441 Primmn
1185 3368 1307 3441 oraim
1332 3376 1413 3441 cate
1437 3371 1574 3442 Pacem.

674 3559 790 3665 Deus
823 3593 1034 3686 omnipotens
1066 3602 1099 3662 et
1132 3592 1285 3678 Domine,
1324 3598 1459 3685 praesta
1491 3585 1589 3659 nobis
1624 3598 1659 3659 ut
1694 3590 1893 3665 accedamus
1926 3592 1968 3664 ad

604 3707 799 3798 mysterium
825 3726 980 3797 magnum
1007 3717 1040 3777 et
1066 3706 1229 3795 divinum,
1262 3704 1350 3800 quod
1384 3725 1446 3799 per
1477 3722 1627 3773 amorem
1659 3712 1748 3776 tuum
1781 3728 1864 3800 erga
1899 3708 1968 3782 ho-

604 3818 711 3892 mines
736 3818 833 3894 nobis
859 3823 1045 3910 instituisti3
1072 3831 1105 3893 et
1131 3820 1296 3893 danobis
1329 3829 1363 3890 ut
1397 3841 1458 3914 per
1490 3820 1660 3890 caritatem
1695 3829 1783 3892 tuam
1809 3822 1967 3916 colligati,

602 3956 668 4031 nor
693 3958 767 4009 eam
796 3958 927 4031 quoque
953 3937 1145 4009 mundemur
1172 3936 1213 4010 ab
1242 3938 1332 4009 omni
1355 3937 1545 4029 iniquitate,
1577 3944 1611 4004 et
1637 3957 1657 4006 a
1683 3934 1821 4008 macudis
1847 3940 1968 4029 cujus-

606 4071 747 4146 cnmque
772 4055 920 4144 generis,
947 4054 1013 4125 odii
1040 4062 1074 4124 et
1097 4054 1302 4125 inimicitiae:
1335 4061 1370 4123 ut
1395 4071 1457 4146 per
1483 4048 1698 4123 concordiam
1731 4062 1765 4124 et
1795 4058 1967 4127 caritatem

604 4181 735 4256 reram,
749 4171 863 4241 cimus
890 4191 1005 4243 omnes
1033 4189 1154 4264 eorpus
1180 4184 1279 4240 unum
1304 4166 1492 4254 indivisum,
1520 4166 1702 4238 secundum
1727 4166 1901 4262 Spiritum
1934 4180 1968 4242 et

604 4269 760 4377 tanquam
785 4283 944 4373 membra,
971 4287 1115 4356 invicem
1142 4283 1389 4380 amplectamur,
1415 4286 1449 4354 in
1475 4280 1651 4354 dilectione
1670 4293 1796 4374 sanem,
1821 4287 1855 4355 in
1881 4308 1967 4381 par-

604 4397 795 4491 ticipatione
822 4403 972 4495 mysterii
999 4402 1144 4474 caritatis
1172 4398 1310 4487 Christi,
1337 4399 1498 4491 unigeniti
1523 4396 1598 4469 Filii
1633 4400 1697 4469 tui:
1730 4420 1805 4469 oum
1839 4423 1904 4496 quo
1931 4410 1965 4473 te

606 4508 703 4585 docet
728 4513 849 4606 gloria,
876 4526 909 4586 et
935 4515 1043 4589 honor
1069 4525 1103 4588 et
1128 4519 1310 4611 imperium,
1337 4537 1411 4587 cum
1438 4514 1561 4609 Spiritu
1586 4524 1643 4587 tuo
1671 4516 1888 4589 sanctissimo.
1935 4565 1938 4569 r

708 4627 869 4723 Populea.
922 4631 1041 4704 Amen.

709 4741 892 4817 Sacerdos.
945 4748 1030 4818 Pax„

708 4858 869 4953 Populus.
920 4860 1062 4934 Etcum
1089 4866 1205 4958 spiritu
1231 4874 1298 4936 tuo.
1336 4848 1339 4860 ¹

709 4972 896 5048 Diaconum.
948 4978 1015 5049 Det
1040 5001 1158 5075 pacem
1183 4981 1419 5075 unusquisque,
1448 4988 1510 5051 etc.

709 5090 869 5185 Populum.
922 5094 1070 5165 Praesta.

709 5206 896 5280 maenam
948 5209 1040 5280 Post.

640 5361 646 5368 ·
710 5320 870 5416 Populos.
925 5322 1048 5398 Coram
1074 5334 1117 5397 to.
