5150 6534
965 844 999 957 i.
1024 878 1242 958 oroscoru
1274 878 1504 975 crisconi,
1532 893 1583 955 n.
1897 880 1972 956 503

704 1067 867 1161 Populos.
917 1066 963 1138 Et
988 1090 1061 1139 cum
1089 1070 1205 1162 spiritu
1230 1075 1298 1139 tuo.

705 1185 894 1257 Diaconos.
947 1182 1031 1257 Cum
1058 1186 1186 1256 timore.

615 1374 617 1378 ,
706 1300 890 1372 Sacerdos.
944 1298 1067 1372 Sancta
1094 1301 1228 1371 sanctis.

706 1414 868 1508 Populus.
920 1414 1013 1488 Unus
1039 1415 1141 1487 Pater
1167 1427 1314 1488 sanctus.

705 1530 891 1603 Sacerdos.
944 1529 1077 1603 Gratias
1104 1534 1246 1623 agimus,
1282 1532 1473 1621 adoramus,
1499 1531 1691 1621 laudamus,
1725 1542 1760 1603 et
1785 1532 1972 1609 exaltamus

601 1660 649 1738 te,
676 1648 795 1743 quies
823 1655 991 1736 aeternus,
1019 1655 1053 1719 et
1079 1646 1305 1737 absconditus,
1333 1651 1388 1743 qui
1425 1647 1545 1739 dignos
1573 1647 1660 1721 dono
1687 1646 1752 1720 boc
1778 1648 1972 1738 admirabili,

602 1772 637 1837 et
666 1762 991 1859 incomprebensibili
1024 1785 1087 1836 nos
1118 1761 1247 1855 fecisti,
1281 1786 1347 1859 quo
1379 1766 1522 1854 unxisti,
1557 1773 1590 1834 et
1622 1762 1810 1836 abstersisti
1845 1768 1972 1838 animas

602 1880 810 1952 adorantium
834 1888 879 1969 te,
905 1888 940 1950 et
966 1902 985 1950 a
1012 1883 1237 1975 corruptione,
1264 1890 1298 1952 et
1323 1880 1520 1976 perditione,
1548 1901 1632 1974 quae
1645 1902 1707 1975 per
1724 1883 1971 1974 separationem

602 2004 683 2069 ate
709 1994 889 2090 acciderat,
915 2018 978 2068 nos
1003 1995 1165 2085 liberasti,
1191 1998 1388 2091 vocastique
1410 2018 1492 2068 uos:
1520 1995 1697 2087 adjunxisti
1726 1993 1768 2067 ad
1794 2006 1828 2068 te
1854 2007 1888 2068 et
1913 1996 1971 2068 lu-

601 2113 690 2184 mine
716 2114 916 2205 cognitionis
944 2115 989 2184 tui
1016 2113 1195 2207 implevisti
1224 2112 1326 2184 corda
1353 2122 1478 2187 nostra.
1509 2109 1648 2183 Praesta
1675 2110 1787 2201 nobis,
1814 2122 1850 2183 ut
1875 2123 1973 2184 extra

603 2230 710 2301 omnis
735 2232 853 2317 ruinae
878 2227 1060 2322 periculum
1086 2239 1248 2324 perpetuo
1284 2230 1438 2299 vivamus
1464 2230 1498 2298 iu
1524 2237 1568 2314 te,
1596 2236 1630 2297 ct
1656 2250 1862 2322 quacumque
1889 2227 1971 2302 hora

603 2365 823 2438 appareamus
850 2366 964 2416 coram
991 2356 1025 2417 te
1051 2347 1125 2440 puri
1152 2354 1185 2415 et
1212 2344 1339 2438 absque
1374 2343 1513 2415 macula.
1574 2342 1628 2414 Da
1655 2341 1753 2416 nobis
1781 2366 1911 2439 quoque
1938 2355 1973 2417 ut

601 2462 811 2556 participatio
839 2459 922 2532 baec
948 2464 1102 2556 corporis
1130 2469 1163 2531 et
1194 2462 1364 2552 sauguinis
1391 2458 1513 2532 Christi
1539 2460 1699 2550 unigeniti
1732 2458 1808 2530 Filii
1843 2464 1890 2531 tui
1916 2461 1973 2533 liat

601 2573 699 2648 nobis
725 2575 766 2648 ad
794 2576 1072 2666 emundationem,
1100 2586 1133 2647 et
1164 2576 1444 2670 purificationem,
1477 2597 1545 2646 non
1572 2573 1614 2645 ad
1641 2562 1888 2647 accusationem
1917 2587 1973 2648 aut
2108 2568 2115 2587 ⁴

602 2690 832 2763 conimionem
859 2702 1017 2766 nostram.
1069 2692 1122 2763 Da
1150 2696 1249 2764 etiam
1271 2690 1369 2764 nobis
1387 2701 1423 2763 ut
1437 2693 1525 2762 omui
1544 2702 1695 2785 tempore
1713 2693 1804 2762 vitae
1821 2702 1971 2782 nostrae,

601 2816 765 2903 perpetuo
793 2808 957 2880 sacrificia
983 2812 1164 2900 gratiarum
1191 2812 1332 2880 actionis
1361 2806 1538 2878 olleramus
1565 2828 1679 2878 coram
1706 2815 1751 2894 te,
1778 2816 1812 2877 et
1838 2829 1972 2904 semper

602 2924 636 2994 in
661 2922 844 2995 domestica
872 2922 1093 2995 familiaritate
1120 2933 1175 2995 tua
1203 2934 1236 2995 et
1267 2926 1481 2995 consistentia
1509 2922 1596 3016 apud
1621 2931 1666 3009 tc,
1693 2925 1883 2993 contineant
1907 2945 1971 2996 nos

603 3037 846 3134 quodammodo
872 3043 1033 3136 mysteria
1060 3039 1307 3113 baecvivifioa:
1335 3049 1370 3109 ut
1396 3038 1437 3110 ad
1463 3048 1591 3134 partem
1617 3036 1705 3108 illam
1733 3038 1819 3133 apud
1846 3048 1879 3110 te
1906 3061 1970 3112 se-

600 3164 763 3249 paratam,
790 3155 832 3227 ad
858 3178 955 3226 unam
983 3155 1221 3251 aequalemque
1247 3154 1461 3227 concordiam
1492 3175 1556 3227 nos
1592 3152 1759 3243 adducas,
1794 3165 1829 3226 et
1861 3166 1970 3228 tecum

600 3274 698 3362 regui
726 3275 771 3342 tui
796 3275 975 3368 participes
1002 3271 1127 3360 lacios,
1153 3270 1404 3365 referamusque
1438 3269 1497 3342 tibi
1523 3270 1677 3362 gloriam,
1704 3280 1738 3341 et
1762 3269 1910 3359 laudem,
1937 3281 1971 3342 et

601 3388 772 3478 rmigcuito
799 3386 884 3460 Filio
912 3398 968 3460 tuo
995 3397 1029 3460 et
1054 3388 1188 3482 Spiritui
1214 3396 1332 3458 sancto
1358 3396 1427 3458 tuo.

703 3502 865 3596 Populos.
917 3506 1037 3576 Amen.

706 3617 891 3691 Socerdm
945 3619 1028 3691 Pax.

706 3731 867 3828 Populus.
917 3734 962 3808 Et
988 3758 1063 3807 cum
1089 3738 1205 3831 spiritu
1232 3749 1299 3810 tuo.

705 3848 892 3923 Diaconos.
944 3852 1037 3942 Post,
1063 3862 1127 3925 etc.

705 3963 865 4059 Populos.
920 3967 1043 4041 Coram
1069 3977 1103 4039 te
1135 3968 1287 4039 Domine.

706 4078 890 4154 Sacerdos.
944 4083 1020 4155 Tibi
1046 4083 1189 4154 Domine
1215 4091 1250 4154 et
1275 4083 1368 4153 Deus
1395 4090 1510 4153 noster
1525 4079 1709 4170 adorande,
1736 4083 1861 4171 gratim
1888 4084 1969 4172 agi-

601 4217 686 4284 nnrs,
711 4218 900 4293 nomenque
926 4210 1015 4271 tuum
1043 4195 1216 4271 circelsum
1251 4221 1334 4292 prae
1361 4195 1530 4283 omnibus,
1565 4196 1742 4268 adoramus
1776 4206 1811 4267 et
1836 4197 1970 4288 glorifi-

602 4333 730 4402 camus,
755 4318 1011 4410 gratiarumque
1031 4318 1182 4386 aotiones
1209 4314 1324 4408 quales
1352 4322 1495 4407 oportet,
1522 4312 1581 4385 tibi
1606 4313 1784 4399 reddimus,
1810 4334 1879 4384 uon
1906 4334 1970 4385 se-

602 4427 743 4500 cuudum
759 4451 906 4502 munera
934 4441 988 4502 tua
1016 4451 1098 4522 erga
1126 4451 1201 4521 nos,
1229 4429 1290 4501 sed
1305 4427 1484 4503 secundum
1498 4431 1653 4501 virtutem
1679 4437 1837 4501 nostram.
1871 4427 1970 4500 Con-

602 4543 734 4615 ltamur
759 4554 867 4617 aubin
895 4546 983 4641 quod
1017 4550 1127 4617 omnia
1160 4569 1247 4642 quae
1280 4543 1441 4617 babemus
1475 4553 1532 4617 aut
1563 4544 1793 4642 possidemus,
1828 4566 1874 4615 ex
1906 4546 1970 4614 tuis

602 4669 691 4746 suut,
718 4670 752 4731 et
777 4664 810 4732 iu
836 4670 870 4732 te
896 4684 1070 4733 movemur
1096 4672 1131 4733 et
1156 4684 1279 4734 sumus.
1331 4664 1365 4734 A
1397 4671 1430 4732 te
1465 4662 1612 4733 firmatur
1647 4659 1846 4733 abundantia
1878 4661 1970 4732 vitae

602 4782 758 4847 norbae:
785 4798 805 4846 a
831 4787 866 4848 te
892 4781 1022 4849 animae
1049 4787 1082 4849 et
1108 4801 1252 4874 corpora
1279 4786 1395 4849 nostra
1421 4786 1511 4867 sunt,
1540 4777 1671 4873 quaudo
1699 4776 1829 4872 quidem
1856 4783 1970 4847 creata

603 4900 695 4965 sunt:
722 4914 764 4963 uc
788 4915 851 4987 per
877 4901 910 4964 te
937 4896 1131 4984 constituta,
1164 4906 1198 4967 et
1223 4894 1431 4968 conformata
1458 4903 1509 4966 est
1536 4897 1643 4967 omnis
1669 4885 1808 4965 naturae
1833 4901 1971 4965 nostrae

590 5028 798 5103 compages
850 5008 944 5080 llaec
970 5033 1032 5104 per
1058 5009 1262 5083 voluntatem
1289 5020 1389 5096 tuam,
1414 5008 1577 5083 voluntati
1600 5018 1738 5084 rosnae
1763 5031 1861 5105 ιιιιιιιιι
1888 5031 1970 5080 cre-

604 5125 681 5213 asti,
707 5132 862 5219 tanquam
888 5125 1018 5199 custodi
1044 5126 1227 5198 domestico
1254 5124 1427 5212 tradidisti,
1456 5136 1491 5198 ut
1517 5148 1725 5222 quocumque
1749 5124 1855 5197 vellet
1879 5147 1970 5199 con-

604 5259 723 5328 versa,
757 5240 893 5314 arbitrio
925 5263 986 5314 suo
1022 5240 1129 5313 libere
1159 5252 1361 5315 moveretur.
1413 5239 1509 5313 Hanc
1542 5243 1642 5332 igitur
1668 5242 1872 5315 voluntatem
1899 5263 1969 5313 no-

567 5344 573 5355 ’
604 5362 706 5428 stram
732 5365 923 5452 motumque
948 5366 1109 5450 nostrum,
1137 5365 1170 5428 et
1195 5359 1416 5450 cogitationes
1440 5367 1577 5433 nostras
1601 5354 1644 5428 ad
1669 5366 1721 5448 te,
1754 5362 1810 5454 qui
1838 5357 1969 5431 habitas
