5150 6534
908 840 949 916 tlt
974 838 1182 915 LlTURGIdil
1206 837 1394 916 ΤΗΕΟΒΟΒΙ
1420 838 1670 915 INTERPRETIS.
1898 835 1975 911 617

603 1033 726 1087 aestro:
754 1033 855 1087 rnenet
886 1023 1035 1087 Sacerdos
1067 1023 1248 1086 oblationem
1271 1042 1326 1086 seu
1348 1022 1525 1086 sacrificium
1548 1023 1613 1085 Dee
1637 1021 1757 1086 offerri:
1786 1022 1868 1104 qued
1898 1022 1976 1086 aliae

603 1124 757 1207 Liturgiae
780 1124 961 1186 sufficienter
983 1125 1154 1203 exprimunt
1176 1141 1233 1202 per
1255 1123 1455 1185 allocutiones
1477 1123 1695 1201 Diaconorum,
1718 1124 1768 1205 qui
1791 1121 1881 1202 paulo
1905 1129 1973 1183 ante

603 1230 654 1285 aut
676 1232 783 1304 postea
808 1224 919 1301 dicunt,
943 1221 1140 1284 Attendamus
1162 1223 1226 1284 Dee
1250 1243 1317 1284 αιιιι
1339 1225 1457 1300 timere,
1481 1230 1511 1283 et
1534 1222 1591 1283 alia
1615 1222 1730 1286 similia.

688 1322 720 1384 In
750 1342 785 1385 ea
816 1331 914 1385 lamen
943 1330 1068 1402 praeter
1096 1323 1185 1384 ritum
1213 1322 1398 1410 singularem
1420 1321 1493 1382 nihil
1516 1323 1574 1382 nisi
1596 1322 1687 1401 pium.
1731 1321 1852 1383 Oblatie
1875 1326 1974 1382 autem

601 1429 634 1483 nt
656 1422 715 1484 hec
738 1423 807 1484 lece
830 1423 973 1484 vertimus
996 1422 1069 1482 satis
1094 1420 1130 1481 ad
1153 1421 1298 1497 litteram,
1324 1439 1362 1483 ne
1385 1420 1458 1482 duas
1481 1438 1574 1482 voces
1598 1419 1738 1501 Syriacas
1761 1420 1848 1480 unica
1870 1418 1975 1480 Latina

603 1520 811 1600 exprimenda,
835 1539 922 1583 error
945 1519 1051 1600 aliquis
1066 1520 1181 1581 eberiri
1195 1528 1310 1601 posset,
1333 1519 1498 1600 respondet
1511 1519 1581 1581 veoi
1604 1530 1721 1615 temp:
1745 1536 1823 1599 quae
1839 1517 1975 1629 pluribus

601 1637 707 1682 sacrae
738 1621 907 1701 scripturae
938 1619 1012 1681 locis
1043 1618 1233 1697 Sacrificium
1262 1618 1410 1702 significat
1437 1611 1563 1679 &reice
1585 1556 1705 1680 scilicet¹
1724 1625 1755 1680 et
1776 1605 1974 1729 npeerpepeir,

602 1719 709 1800 quibus
733 1720 858 1781 vocibus
882 1737 956 1800 quas
980 1737 996 1779 a
1021 1716 1144 1780 Graecis
1169 1718 1307 1798 Coptitae
1330 1725 1532 1797 aeceperunt,
1562 1716 1590 1777 in
1623 1715 1733 1778 Officiis
1763 1718 1825 1778 suis
1854 1717 1975 1779 indille-

601 1825 707 1880 renter
729 1827 861 1883 utuntur.
906 1818 1026 1880 Oblatie
1049 1820 1120 1879 cive
1143 1825 1173 1878 et
1192 1816 1384 1880 rationabilis
1404 1817 1608 1894 primitiarum
1629 1822 1811 1877 nostrarum.
1858 1815 1974 1879 Graece

601 1917 641 1977 ita
670 1918 848 1980 redderetur
878 1907 1059 2001 Ilpeepaepd
1089 1911 1181 1992 ζῶσα
1209 1910 1266 1977 καὶ
1294 1902 1407 1998 λογικῇ
1436 1913 1581 1994 Corporis
1612 1913 1722 1977 Christi
1752 1913 1867 1976 scilicet
1895 1915 1973 1990 rivi;

600 2016 786 2079 rationabilis
810 2025 856 2079 est
879 2003 1006 2100 λογική,
1037 2034 1074 2078 ce
1101 2035 1194 2078 sensu
1221 2032 1281 2096 que
1310 2001 1422 2097 λογικὴ
1451 2007 1586 2098 λατρεία
1616 2016 1646 2074 in
1677 2013 1799 2094 vulgata
1831 2016 1973 2077 versione

600 2115 746 2191 redditur,
768 2116 949 2178 rationabile
971 2115 1152 2196 obsequium,
1176 2101 1302 2198 λαμκὸν
1323 2102 1426 2195 ya'le:
1448 2113 1630 2174 rationabile
1652 2114 1710 2188 lac,
1733 2112 1887 2192 spirituale
1910 2115 1974 2176 sci-

600 2214 688 2277 licet:
719 2234 807 2296 quarn
837 2233 943 2278 vocem
964 2222 997 2275 ut
1020 2214 1126 2275 multas
1149 2213 1221 2275 alias
1247 2213 1315 2294 Syri
1338 2219 1574 2294 expresserunt,
1604 2230 1664 2274 nen
1692 2213 1813 2273 omnine
1836 2212 1973 2274 feliciter.

605 2314 734 2376 Victima
754 2335 815 2375 nere
837 2315 1001 2389 immolata,
1025 2312 1172 2393 signifieat
1195 2313 1344 2373 uictimam
1367 2310 1562 2392 spiritualiter
1586 2311 1774 2389 immolatam,
1796 2311 1837 2372 ita
1859 2321 1892 2373 ut
1914 2313 1973 2373 ina-

600 2413 763 2475 molatiene
794 2431 854 2474 nen
884 2421 1091 2475 consumatur:
1122 2412 1200 2474 idem
1231 2412 1347 2474 scilieet
1378 2410 1459 2492 qued
1487 2411 1589 2472 dicunt
1619 2413 1650 2471 in
1673 2411 1810 2472 eratione
1831 2411 1972 2490 superius

600 2511 742 2592 allegata,
763 2509 881 2590 Apaum
891 2511 951 2571 Dei
963 2512 1015 2591 qai
1035 2513 1167 2592 quetidie
1189 2514 1383 2591 sacrificetur
1404 2510 1676 2583 sacramentaliter,
1700 2516 1730 2569 et
1750 2510 1826 2570 vicit
1846 2510 1878 2569 in
1900 2528 1974 2570 sac-

600 2612 690 2684 cula;
713 2610 913 2687 distribuitur,
938 2618 968 2670 et
988 2631 1048 2672 ιιοιι
1070 2612 1170 2689 deficit
1192 2618 1246 2671 aut
1266 2612 1458 2671 imminuitur
1489 2607 1563 2670 ita
1554 2628 1584 2670 ιιι
1608 2606 1815 2688 Chrysestenri
1837 2607 1974 2690 Liturgia

599 2705 796 2786 Μελίζεται,
820 2704 874 2769 καὶ
897 2703 1121 2795 διαμιεοίζεται
1150 2699 1167 2771 ὁ
1196 2697 1297 2785 driade
1325 2707 1387 2769 τοῦ
1418 2696 1567 2783 Oeae,
1548 2729 1566 2769 e
1596 2694 1667 2779 eide
1694 2703 1756 2769 τοῦ
1784 2697 1925 2823 πατρός,
1956 2698 1974 2770 ὃ

599 2830 674 2890 μοι
626 2806 661 2872 a.)
664 2795 716 2885 ιόζ
698 2827 814 2885 ομειος
848 2804 953 2885 reip
940 2797 987 2892 μή
1024 2795 1259 2894 διαιρούμειος·
1294 2793 1480 2868 dudmoee
1518 2792 1729 2884 ἕσθιόμενος,
1774 2801 1829 2866 καὶ
1870 2802 1973 2890 pardi-

599 2928 681 2970 ποτε
715 2894 955 2986 δαπανώμενος.
1016 2909 1170 2970 Diuiditur
1205 2909 1237 2968 in
1264 2915 1371 2986 partes
1409 2925 1505 2986 apnua
1536 2906 1609 2980 Dei,
1644 2905 1730 2983 silius
1768 2904 1888 2982 Patris,
1922 2910 1975 2989 qui

599 3011 758 3086 importes
785 3016 922 3083 secatur,
957 3017 987 3070 et
1013 3028 1073 3070 nea
1103 3007 1249 3069 diuiditur
1276 3006 1385 3086 ubique
1407 3003 1595 3081 'comeditur,
1627 3013 1657 3064 et
1688 3024 1748 3066 aen
1772 3009 1967 3071 eeneamitur.

598 3105 703 3187 Itaque
727 3109 863 3187 quamvis
887 3123 946 3167 nen
969 3108 1159 3184 necessarie,
1182 3124 1281 3186 neque
1305 3124 1347 3167 ex
1370 3105 1552 3185 reliquarum
1575 3104 1779 3165 Ecclesiarum
1802 3104 1969 3185 disciplina,

599 3207 649 3286 pie
681 3213 778 3266 tamen
801 3212 832 3266 et
854 3204 1044 3267 laudabiliter
1072 3208 1230 3267 inchoatur
1259 3203 1339 3283 apud
1362 3203 1559 3266 Nestorianes
1582 3220 1669 3265 sacra
1700 3204 1778 3265 actie
1808 3223 1864 3284 per
1893 3223 1971 3267 eon·

600 3304 764 3365 sessionem
787 3305 925 3365 sacriticii
948 3304 1156 3366 Eucharistici.
1203 3302 1284 3365 illius
1298 3303 1375 3364 enirn
1389 3305 1500 3365 mentio
1524 3309 1569 3364 est
1592 3311 1732 3382 tanquam
1755 3320 1835 3365 neve
1855 3303 1971 3366 foederi

599 3404 727 3485 proprii,
751 3402 781 3462 in
797 3403 1087 3485 omnibusLiturgiis
1111 3405 1326 3484 cujuscumque
1349 3405 1423 3465 ritus
1447 3411 1498 3464 ant
1521 3404 1660 3485 linguae,
1695 3403 1855 3483 inquibus
1879 3412 1911 3465 ul
1941 3405 1972 3465 in

598 3504 667 3579 ista,
695 3509 821 3564 vocatur
843 3502 1022 3565 sacrificium
1045 3503 1203 3583 spirituale
1226 3510 1256 3565 ot
1287 3505 1481 3565 incruentum.
1531 3490 1615 3563 Hanc
1643 3502 1810 3564 orationem
1843 3503 1972 3565 illustrat
2056 3501 2059 3510 '

598 3602 629 3663 id
652 3601 732 3681 qued
755 3601 868 3685 legitur
889 3603 918 3664 in
938 3601 1051 3664 diissali
1070 3603 1204 3684 Gothiae.
1249 3603 1307 3665 Hie
1329 3605 1407 3664 enim
1429 3609 1474 3662 est
1495 3622 1592 3681 epnres
1609 3602 1676 3676 Dei,
1699 3604 1868 3682 eripere-itus
1886 3600 1973 3678 silius
2035 3610 2113 3664 itera
2135 3612 2228 3667 Pascit.
2256 3616 2294 3673 5¹.

600 3709 668 3761 tetris
689 3702 742 3779 qai
762 3703 837 3762 tellit
855 3711 1014 3780 peccatum
1036 3704 1158 3764 rnundi:
1182 3705 1234 3783 qui
1254 3721 1354 3781 sepre
1374 3702 1463 3762 nebia
1485 3700 1638 3780 efferendo
1660 3721 1721 3762 nen
1743 3702 1871 3775 desinit,·
1894 3721 1971 3763 nee·
1997 3715 2023 3766 Ρ·
2041 3697 2104 3750 ³4³·

600 3818 656 3877 pne
683 3800 766 3875 apaed
793 3807 821 3860 te
845 3807 993 3879 perpetua
1021 3803 1224 3863 adeeeetieae
1245 3801 1385 3880 defendit.
1431 3799 1510 3875 Ouia
1531 3819 1681 3880 aunqatam
1710 3804 1839 3863 meritur
1860 3803 1970 3861 ineme-

599 3897 688 3970 tatae,
713 3897 768 3957 sed
788 3917 906 3976 semper
927 3901 1003 3960 eieit
1024 3903 1153 3962 oomnis.

988 4160 1022 4229 3.
1065 4159 1213 4251 Dipneam
1239 4163 1291 4227 eet
1317 4160 1479 4250 parotidie,
1521 4166 1584 4230 etc.

696 4351 789 4428 Haec
813 4362 908 4424 eratie
931 4370 964 4423 ut
987 4380 1090 4425 ornnes
1113 4362 1200 4442 hujus
1223 4362 1282 4424 loci
1306 4370 1336 4423 et
1358 4364 1481 4445 generis
1505 4363 1581 4426 aliae
1603 4383 1680 4444 quae
1702 4365 1881 4427 Praefatieni
1904 4366 1966 4427 La-

600 4468 729 4528 tinernni
751 4466 954 4546 respondent,
985 4466 1117 4528 earndem
1140 4467 1250 4528 habent
1273 4466 1465 4538 sententiam;
1496 4468 1658 4548 gratiarum
1681 4469 1796 4530 scilieet
1818 4472 1966 4531 actionem

600 4565 637 4627 ad
661 4566 771 4642 Deum,
801 4583 856 4645 pre
887 4554 1038 4627 boneficiis
1069 4566 1105 4627 ab
1136 4584 1173 4628 ee
1203 4565 1233 4625 in
1263 4564 1420 4626 humanum
1449 4583 1547 4646 genus
1571 4566 1686 4628 cellatis
1710 4586 1727 4628 a
1749 4568 1842 4647 prima
1865 4588 1966 4631 rerurn

601 4666 772 4742 cretaeae,
796 4646 1121 4728 οιιΙιιοιιιιιοιίοιιοιιι
1152 4672 1182 4727 et
1215 4664 1468 4743 dispensationem
1504 4665 1568 4727 siue
1602 4657 1756 4750 ἔισαρκον
1789 4660 1967 4745 οἷκονοαίαν

599 4763 673 4823 Jesu
696 4763 805 4826 Christi
827 4764 944 4825 Deretini
968 4767 1072 4842 nostri,
1096 4782 1183 4844 quarn
1205 4765 1341 4862 sequitur
1365 4765 1605 4827 cernuaenniratie
1628 4767 1821 4829 institutionis
1844 4767 1966 4830 Eucha-

600 4862 713 4924 ristiae.

941 5039 975 5107 d.
1021 5029 1220 5131 Uaipenilue
1245 5037 1341 5109 Deus
1373 5027 1532 5124 Verbum,
1559 5043 1623 5107 etc.

690 5229 780 5323 Quae
802 5239 850 5301 hic
873 5240 1016 5321 leguntur
1039 5240 1076 5302 de
1099 5239 1313 5303 lncarnationis
1336 5241 1491 5321 mysterio,
1515 5255 1582 5299 curn
1604 5259 1644 5301 ex
1665 5259 1771 5304 sacrae
1794 5246 1963 5326 scripturae

600 5346 700 5408 verbis
724 5349 866 5409 contexta
893 5344 969 5423 sint,
998 5362 1037 5406 nc
1067 5343 1165 5406 levem
1196 5342 1315 5424 quidem
1342 5349 1574 5426 repraesentant
1607 5345 1741 5407 umbram
1767 5346 1965 5413 Nestorianac
