5150 6534
763 826 813 900 36
1155 819 1157 824 ’
1271 822 1630 901 LITURGlh
1750 903 1753 909 .

761 1023 796 1084 tu
825 1035 875 1101 es,
902 1012 1024 1106 dignos
1052 1010 1147 1084 effice
1176 1020 1209 1082 ut
1235 1014 1380 1082 omnium
1405 1008 1535 1082 illomm
1563 1012 1618 1104 qui
1645 1009 1816 1083 asaeculo
1843 1008 1903 1083 tihi
1927 1010 2135 1107 placuerunt,

763 1132 956 1200 memoriam
984 1148 1140 1220 agamus:
1167 1128 1303 1198 Patrum
1329 1136 1520 1199 sauctorum
1546 1124 1870 1215 etPatriarcharum,
1895 1123 2135 1222 Prophetarum

761 1253 797 1316 et
822 1244 1075 1339 Apostolorum,
1102 1242 1241 1314 loannis
1267 1244 1500 1337 praecursoris
1526 1249 1560 1311 et
1585 1242 1769 1337 Baptistae,
1796 1240 1831 1313 S.
1858 1239 2019 1337 Stephani
2036 1245 2135 1337 primi

761 1360 1002 1448 Diaconorum,
1029 1369 1062 1430 et
1088 1361 1183 1454 primi
1208 1357 1407 1452 Martyrum,
1434 1365 1468 1427 et
1494 1365 1632 1429 sanotae
1658 1360 1830 1449 genitricis
1856 1359 1920 1430 Dei
1935 1379 2135 1453 semperque

685 1414 909 1567 &Virginis
937 1476 1059 1548 heatae
1085 1473 1214 1545 Mariae
1240 1483 1276 1543 et
1302 1475 1445 1544 omnium
1472 1482 1672 1545 sanctorum.
1699 1473 1850 1545 Decuma
1875 1496 2001 1545 uocem.
2053 1472 2133 1545 llo-

760 1614 881 1683 gamus
920 1600 970 1680 te,
1013 1591 1174 1677 Domine,
1212 1589 1334 1661 multae
1377 1589 1648 1678 misericordiae,
1693 1591 1748 1682 qui
1782 1588 2000 1685 impossihiha
2031 1587 2135 1660 veluti

764 1706 937 1801 possibilia
964 1728 1072 1794 creas,
1100 1708 1264 1777 constitue
1290 1725 1353 1776 nos
1388 1705 1423 1774 iu
1448 1701 1511 1775 hac
1543 1703 1644 1776 heato
1675 1708 1957 1796 congregatione:
1991 1727 2134 1797 accense

762 1844 828 1895 nos
855 1821 930 1893 huie
956 1820 1144 1910 Ecclesiae,
1171 1830 1279 1893 statue
1304 1841 1368 1891 nos
1395 1841 1457 1914 per
1484 1823 1625 1911 gratiam
1654 1830 1742 1892 tuam
1776 1822 1862 1891 inter
1894 1819 2020 1893 electos
2046 1818 2134 1907 illos,

763 1942 818 2033 qui
845 1940 958 2033 scripti
993 1940 1134 2010 suntin
1167 1934 1281 2007 coelis.
1333 1934 1462 2007 Idcirco
1490 1939 1578 2007 enim
1608 1937 1801 2008 memorium
1831 1937 1961 2010 illorum
1992 1938 2134 2027 agimus,

761 2063 797 2125 ut
823 2054 899 2125 dum
924 2057 989 2148 ipsi
1015 2052 1147 2125 stahunt
1173 2074 1285 2124 coram
1324 2050 1442 2124 throno
1469 2059 1539 2141 tuo,
1565 2062 1703 2123 nostrae
1733 2074 1866 2147 qnoque
1899 2055 2065 2131 tenuitatis
2100 2060 2136 2122 et

758 2169 955 2241 infirmitatis
981 2171 1198 2257 meminerint,
1226 2167 1350 2262 tihique
1375 2164 1549 2240 nohiscum
1577 2167 1717 2239 offerant
1743 2168 1941 2240 sacrificium
1965 2166 2032 2240 hoc
2057 2176 2161 2238 tre-.

760 2285 916 2356 mendum
943 2295 977 2356 et
1002 2288 1217 2375 incruentum,
1244 2283 1287 2355 ad
1314 2282 1496 2354 custodiam
1531 2282 1662 2377 quidem
1694 2304 1811 2355 eorum
1842 2285 1897 2377 qui
1933 2287 2064 2371 vivunt,
2090 2282 2134 2354 ad

763 2400 1027 2473 consolationem
1044 2398 1246 2470 infirmorum
1264 2410 1298 2470 et
1314 2399 1534 2491 indignorum,
1552 2396 1666 2492 quales
1678 2421 1742 2472 nos
1758 2421 1889 2471 sumus:
1917 2399 1959 2472 ad
1978 2402 2135 2496 quietem,

761 2519 1021 2610 memoriamque
1045 2513 1168 2587 honam
1204 2536 1338 2602 eorum,
1374 2517 1428 2609 qui
1455 2518 1487 2584 in
1513 2513 1580 2585 fide
1612 2535 1697 2587 vena
1732 2514 1852 2585 dudum
1883 2514 2036 2588 obierunt
2065 2536 2135 2609 pa-

762 2640 858 2718 trum,
884 2630 1032 2720 fratrum,
1060 2638 1094 2701 et
1120 2633 1355 2721 magistrorum
1380 2639 1584 2719 nostrorum,
1610 2652 1672 2724 per
1698 2635 1840 2722 gratiam
1868 2643 1902 2704 et
1933 2634 2133 2706 misericor-

758 2745 863 2834 diam,
890 2755 953 2816 etc.
1110 2746 1270 2838 Populus.
1297 2746 1418 2816 Amen.

865 2861 1053 2931 Diaconos.
1096 2859 1374 2932 Commemoratio
1413 2861 1611 2932 Doctorum.
1672 2861 1793 2932 Iterum
1833 2868 2133 2935 commemorantes

761 3000 879 3049 coram
904 2988 955 3064 te,
981 2976 1144 3065 Domine,
1170 2976 1338 3049 Doctores
1366 2976 1514 3065 divinos,
1542 2981 1596 3071 qui
1622 2976 1698 3048 hdei
1730 2975 2029 3072 irreprehensibilis
2062 2998 2133 3046 ex-

756 3092 968 3189 planatores,
997 3096 1051 3186 qui
1076 3090 1224 3164 monihus
1251 3093 1433 3188 praeclaris
1452 3096 1578 3181 ornati,
1606 3091 1760 3165 obierunt
1780 3104 1813 3164 et
1829 3097 2036 3187 quievenmt,
2061 3108 2132 3162 no·'·

761 3205 880 3303 hisque
906 3206 1003 3279 fidem
1031 3208 1262 3280 Orthodoxam
1289 3209 1526 3280 ordinaverunt
1552 3219 1586 3279 et
1611 3208 1831 3281 tradiderimt:
1860 3208 2037 3281 Dominum
2064 3208 2132 3280 de-

761 3346 950 3418 precemur,
979 3334 1040 3395 etc.
1190 3395 1193 3401 ,
1718 3313 1722 3332 “

867 3440 1041 3509 Sacerdos
1071 3438 1262 3509 inclinatos.
1296 3437 1485 3524 Memento,
1517 3436 1678 3525 Domine,
1714 3447 1903 3512 sanctorum
1935 3438 2131 3536 Episcopo-

760 3576 832 3624 rum
861 3557 916 3646 (pri
942 3553 1067 3648 pridem
1096 3552 1363 3639 obdormierunt,
1392 3556 1446 3648 qui
1473 3553 1612 3626 verbum
1639 3558 1789 3639 veritatis
1825 3554 1921 3628 nohis
1948 3556 2132 3651 dispensa-

762 3679 899 3740 verunt:
936 3673 990 3762 qui
1021 3691 1040 3739 a
1074 3668 1205 3740 Jacoho
1239 3672 1388 3764 principe
1423 3668 1668 3766 Episcoporum
1702 3670 1868 3765 Apostolo
1904 3680 1938 3740 et
1970 3671 2133 3766 Martyre,

761 3806 867 3877 usque
895 3781 936 3855 ad
963 3783 1047 3855 hanc
1074 3784 1177 3872 diem,
1203 3783 1344 3856 verhum
1371 3784 1446 3857 lidei
1474 3784 1690 3858 Orthodoxae
1716 3791 1749 3857 iu
1762 3784 1917 3857 Ecclesia
1939 3794 1995 3856 tua
2018 3782 2134 3857 sancta

757 3898 1050 3994 praedicaverunt.
1103 3900 1253 3970 Eteonos
1286 3922 1412 3971 vocem.
1464 3900 1638 3973 huminum
1670 3913 1717 3992 et,
1738 3902 1922 3974 Doctorum
1956 3899 2133 3972 Ecclesiae

761 4022 837 4085 tuae
871 4025 1027 4103 sanctae,
1061 4019 1115 4110 qui
1147 4014 1353 4109 praeclarum
1386 4015 1463 4088 fidei
1497 4027 1667 4089 certamen
1700 4017 1890 4105 ediderunt,
1923 4019 1978 4111 qui
2008 4037 2133 4087 nomen
2227 4099 2229 4104 4

762 4139 851 4201 tuum
878 4140 1027 4202 sanctum
1054 4130 1196 4202 tulerunt
1222 4153 1335 4202 coram
1361 4132 1512 4228 populis,
1539 4131 1677 4223 regihus
1694 4145 1727 4205 et
1753 4132 1827 4205 liliis
1842 4132 1965 4221 lsrael,
1991 4153 2130 4203 eorum-

758 4267 826 4338 que
852 4244 1008 4340 precihus
1035 4255 1069 4315 et
1095 4247 1409 4342 supplicationibus,
1436 4270 1555 4342 pacem
1581 4257 1669 4319 tuam
1694 4248 1871 4321 Ecclesiae
1897 4260 1973 4319 tuae
2006 4245 2131 4318 tribue:

763 4360 930 4432 doctrinas
958 4382 1073 4432 eorum
1100 4371 1134 4432 et
1159 4362 1404 4435 confessionem
1431 4385 1547 4435 eorum
1580 4366 1614 4434 in
1648 4368 1763 4438 animis
1795 4367 1919 4436 nostris
1954 4361 2130 4435 confirma:

759 4471 921 4547 haereses
949 4474 1045 4550 nohis
1072 4481 1192 4548 noxias
1220 4482 1286 4549 cito
1314 4480 1515 4572 comprime,
1543 4488 1577 4549 et
1603 4483 1853 4553 consistentiam
1879 4477 2005 4573 ahsque
2040 4499 2130 4549 cou-

644 4591 692 4609 ”
761 4587 911 4678 lusione,
939 4614 1052 4663 coram
1079 4591 1230 4663 trihunah
1258 4603 1313 4664 tuo
1340 4591 1438 4665 nohis
1456 4582 1623 4665 concede:
1651 4600 1728 4689 quia
1746 4606 1878 4668 sauctus
1897 4614 1947 4682 es,
1974 4592 2129 4680 Domine,

762 4715 796 4775 et
822 4709 856 4775 in
882 4708 1005 4779 sanctis
1032 4711 1232 4800 requiescis:
1261 4711 1315 4800 qui
1342 4718 1531 4780 sanctorum
1559 4731 1597 4782 es
1631 4721 1877 4784 consummator
1910 4719 2008 4803 atque
2042 4731 2129 4803 per-

760 4819 885 4893 fector:
914 4831 947 4892 et
974 4820 1031 4892 tihi
1058 4821 1219 4912 gloriam,
1246 4833 1310 4893 etc.

865 4937 1025 5029 Populus.
1051 4938 1171 5009 Amen.

863 5053 1052 5124 Diaconos.
1095 5053 1373 5124 Commemoratio
1404 5055 1554 5147 fidelium
1591 5055 1833 5148 defunctorum.
1871 5056 1991 5128 lterum
2030 5060 2128 5127 etiam

762 5190 1057 5241 commemoramus
1085 5190 1200 5241 omnes
1234 5168 1407 5242 defunctos
1441 5169 1574 5259 fideles,
1608 5175 1663 5265 qui
1695 5175 1729 5243 in
1761 5163 1827 5242 lide
1865 5194 1948 5243 vera
1985 5170 2129 5243 defuncti

761 5294 851 5371 sunt,
880 5307 926 5356 ex
952 5285 1048 5358 altari
1073 5284 1137 5357 hoc
1164 5293 1299 5378 sancto,
1326 5299 1361 5359 et
1387 5309 1432 5361 ex
1458 5286 1521 5360 hoc
1547 5308 1658 5382 pago,
1695 5298 1728 5358 et
1755 5309 1800 5360 ex
1836 5311 2041 5383 quacumque
2068 5311 2132 5361 re-
