5150 6534
597 874 674 952 534
1101 874 1463 955 tttttltttlt

595 1076 683 1156 sunt,
711 1076 745 1137 et
771 1065 815 1138 ad
840 1062 1102 1138 misericordiam
1129 1074 1218 1137 tuam
1247 1063 1459 1139 essentialem
1493 1072 1529 1137 et
1552 1064 1825 1155 immaterialem,
1858 1066 1902 1139 ad
1927 1076 1968 1155 te,

597 1186 653 1278 qui
680 1181 831 1255 omnibns
860 1183 948 1278 quod
975 1190 1051 1256 sunt
1077 1179 1205 1269 tribuis,
1231 1191 1469 1277 peruenerunt
1510 1180 1644 1254 Suscita
1670 1182 1747 1256 illos
1772 1204 1838 1277 per
1863 1185 1969 1256 mise-

594 1298 776 1370 ricordiam
816 1308 922 1385 tuam,
960 1296 1091 1370 colloca
1127 1318 1189 1369 eos
1222 1300 1309 1386 inter
1350 1318 1458 1390 agnos
1491 1306 1586 1369 tuos:
1618 1320 1756 1370 numera
1793 1320 1857 1371 eos
1896 1322 1968 1372 cum

595 1414 728 1486 Sanctis
755 1416 838 1486 tuis:
865 1436 955 1486 voca
983 1434 1044 1486 cos
1072 1435 1147 1485 cum
1164 1414 1321 1484 invitatis
1347 1415 1427 1485 tuis:
1456 1411 1565 1505 dirige
1590 1416 1667 1487 vias
1692 1436 1813 1486 eorum
1840 1411 1882 1485 ad
1907 1436 1968 1487 re-

595 1554 698 1624 gnum
725 1542 832 1603 tuum:
864 1529 988 1627 perfice
1021 1550 1103 1621 erga
1129 1529 1204 1601 illos
1236 1532 1479 1623 promissiones
1505 1540 1596 1617 toas,
1630 1540 1739 1604 statue
1772 1528 1852 1601 illos
1887 1531 1968 1602 inter

596 1657 711 1719 coetus
737 1642 938 1718 laudantium
964 1657 1022 1717 te·
1060 1645 1113 1717 Ne
1140 1648 1292 1718 exactius
1319 1668 1463 1718 examen
1479 1649 1631 1719 instituas
1648 1649 1818 1741 nequitiae
1833 1669 1967 1742 operum

594 1763 737 1851 illoram,
764 1773 842 1833 tunc
869 1761 1000 1856 quando
1026 1761 1115 1832 nulla
1143 1764 1205 1832 erit
1227 1764 1298 1854 jam
1325 1764 1500 1834 excusatio
1526 1783 1589 1857 pro
1622 1762 1967 1856 praevaricationibus

595 1901 729 1967 eorum,
764 1881 841 1972 quia
873 1880 986 1969 imago
1022 1886 1056 1948 et
1088 1875 1264 1949 similitudo
1297 1886 1354 1948 tua
1384 1876 1432 1948 illi
1465 1887 1561 1951 sunt:
1592 1876 1784 1973 fratresque
1811 1878 1888 1952 Filii
1913 1880 1968 1965 tui,

596 2007 630 2068 et
662 1994 747 2066 filios
774 1996 904 2085 gratim
930 2003 1008 2064 tuae
1041 1997 1173 2065 vocasti
1200 2014 1279 2082 eos,
1314 1992 1577 2066 sed‘clementia
1604 2004 1661 2065 tua
1685 1995 1834 2067 Domine
1859 1997 1967 2066 inter·

595 2110 697 2206 pellet
727 2132 789 2205 pro
823 2108 921 2181 nobis
955 2119 988 2180 et
1022 2129 1084 2204 pro
1118 2108 1200 2181 illis:
1228 2119 1262 2180 et
1287 2112 1397 2201 gratia
1425 2120 1481 2181 tua
1508 2108 1570 2182 sub
1596 2108 1676 2183 velo
1704 2110 1836 2185 alarum
1861 2115 1966 2184 mme-

594 2226 760 2298 ricordiae
795 2237 872 2297 tuae
907 2247 968 2296 aos
1005 2225 1167 2314 occultet,
1194 2228 1271 2320 quia
1306 2224 1413 2296 nullus
1447 2248 1562 2297 eorum
1596 2227 1651 2319 qui
1683 2225 1840 2299 muliebri
1873 2238 1966 2299 utero

594 2344 716 2434 gestati
749 2352 843 2432 sunt,
877 2340 963 2412 liber
995 2340 1056 2412 luit
1089 2341 1130 2413 ab
1159 2341 1330 2413 erroribus
1364 2340 1460 2435 hujus
1487 2340 1614 2433 mundi,
1641 2350 1675 2412 et
1700 2342 1860 2416 sordibus
1886 2366 1965 2416 car-

593 2456 734 2542 nalibus,
762 2460 826 2527 nisi
853 2456 945 2529 solus
971 2456 1145 2545 Dominus,
1173 2468 1206 2528 et
1231 2457 1325 2530 Deus
1351 2467 1467 2529 noster
1492 2458 1592 2529 lesus
1610 2454 1760 2530 Christus
1780 2461 1965 2551 unigenitus

593 2574 698 2646 Filius
725 2583 816 2645 tuus:
845 2572 1024 2646 secundum
1052 2576 1146 2664 cujus
1173 2596 1288 2645 veram
1311 2576 1577 2668 promissionem,
1605 2594 1781 2669 speramus
1808 2578 1965 2669 consequi

593 2688 872 2777 misericordiam,
906 2698 939 2759 et
973 2692 1205 2762 remissionem
1240 2699 1475 2785 peccatorum,
1511 2711 1597 2784 quae
1631 2701 1770 2786 propter
1804 2713 1881 2764 eum
1906 2702 1964 2778 est,

593 2815 662 2878 tam
688 2804 786 2877 nobis
815 2828 912 2899 quam
939 2808 1030 2901 ipsis.

698 2920 860 3014 Populus.
915 2922 1069 3007 Quietem
1095 2929 1240 3016 praesta.
1941 3002 1947 3011 .

696 3038 880 3108 Sacerdos.
934 3037 1048 3110 Vanae
1076 3046 1110 3108 ct
1135 3036 1392 3109 innumerabiles
1406 3039 1619 3133 insipientiae
1643 3035 1774 3132 culpas,
1802 3060 1887 3133 quas
1902 3058 1962 3109 nos

592 3165 626 3226 et
652 3153 700 3225 illi
726 3152 898 3225 voluntate
924 3164 1041 3224 nostra
1067 3152 1195 3225 infirma
1228 3152 1401 3225 animabus
1426 3156 1550 3227 nostris
1578 3156 1827 3243 contraximus,
1860 3175 1963 3226 onas

592 3272 712 3362 gravia
748 3278 782 3340 et
814 3269 855 3339 ad
891 3268 1088 3365 portandum
1123 3268 1225 3341 valde
1263 3267 1424 3355 difficilia,
1461 3291 1548 3363 quae
1583 3268 1810 3363 iniquitatibus
1842 3270 1962 3340 nasum

593 3388 848 3478 congessimus,
883 3384 1079 3457 voluntariis
1115 3396 1149 3456 at
1181 3385 1430 3474 involuntariis,
1456 3388 1544 3457 notis
1571 3396 1607 3456 et
1631 3387 1776 3477 ignotis,
1813 3405 1900 3479 quae
1930 3386 1962 3454 in

594 3501 819 3574 adolescentia
846 3505 960 3572 autin
987 3510 1171 3588 senectute,
1199 3499 1342 3572 anobis
1369 3504 1569 3574 commissae
1595 3512 1689 3590 sunt,
1716 3511 1749 3572 et
1777 3522 1961 3595 quaecum-

595 3640 659 3712 que
685 3640 705 3687 a
732 3615 848 3705 nobis,
885 3613 927 3686 ab
954 3618 1046 3688 initio
1080 3616 1122 3688 ad
1157 3616 1256 3687 linem
1290 3639 1396 3709 usque
1421 3619 1509 3688 vitae
1534 3616 1629 3711 bujus
1657 3617 1852 3712 temporalis
1878 3639 1960 3712 per-

594 3743 746 3829 petratae
772 3731 904 3819 fuerint,
930 3753 1044 3825 parce,
1072 3732 1159 3820 dele,
1187 3742 1220 3802 et
1246 3731 1370 3802 dimitte
1396 3755 1458 3827 per
1490 3732 1752 3805 misericordiam
1778 3731 1960 3805 naturalem

595 3846 872 3941 essentialemque
899 3847 1017 3919 tibiat
1042 3850 1230 3939 ingenitam.
1284 3845 1460 3921 Conserva
1486 3870 1550 3922 nos
1577 3853 1675 3920 etiam
1700 3852 1735 3919 in
1762 3846 1828 3921 boc
1859 3845 1959 3918 labo-

593 3968 684 4035 rioso
713 3962 849 4035 saeculo
877 3963 919 4035 ab
948 3963 1099 4035 omnibus
1126 3963 1252 4035 insidiis
1280 3973 1314 4034 et
1338 3963 1563 4037 molitionibus
1591 3965 1746 4037 draconis
1772 3961 1960 4058 spiritualis,

595 4084 650 4174 qui
683 4078 844 4151 observat
878 4077 1071 4150 calcaneum
1104 4088 1267 4151 nostrum:
1305 4088 1339 4150 et
1371 4090 1469 4174 caput
1501 4084 1573 4174 ejus
1606 4080 1732 4172 dejice,
1765 4090 1905 4152 contere
1928 4089 1960 4149 et

595 4192 768 4285 confringe
795 4195 957 4267 velociter
983 4193 1044 4267 sub
1073 4195 1212 4290 pedibus
1240 4194 1462 4289 spiritualibus
1489 4199 1622 4268 nostris.
1675 4195 1819 4281 Quando
1853 4206 1957 4268 autem

595 4310 637 4382 ad
662 4313 754 4380 viam
780 4309 1022 4398 universalem,
1056 4333 1154 4404 quam
1187 4310 1361 4406 deprecari
1395 4334 1462 4383 nou
1486 4312 1574 4400 licet,
1601 4333 1741 4404 gressus
1768 4311 1957 4404 dirigemus,

592 4424 760 4516 Angelum
787 4425 1028 4520 tranquillitatis
1056 4437 1089 4498 et
1117 4429 1211 4521 pacis
1236 4429 1328 4498 mitte
1355 4425 1397 4497 ad
1423 4427 1581 4501 auxilium
1606 4438 1773 4518 nostrum,
1809 4438 1844 4499 et
1868 4426 1957 4499 libe-

592 4563 651 4613 ros
679 4540 720 4613 ab
749 4545 838 4613 omni
863 4540 1022 4630 vindicta,
1048 4541 1300 4637 inculpatusque
1326 4565 1439 4616 coram
1466 4545 1552 4617 solio
1568 4547 1750 4638 majestatis
1778 4554 1866 4630 tuae,
1888 4567 1956 4617 cx-

593 4654 688 4743 hibe;
715 4666 749 4728 et
775 4681 850 4729 cum
876 4656 939 4729 illis
967 4660 1021 4752 qui
1047 4669 1238 4730 meruerunt
1264 4670 1354 4730 stare
1381 4681 1494 4732 coram
1522 4672 1554 4732 te
1579 4660 1666 4733 facie
1693 4659 1866 4751 revelata,
1893 4658 1956 4733 ad-

590 4773 696 4863 junge
721 4795 800 4846 nos:
835 4783 933 4867 atque
960 4777 993 4844 in
1021 4784 1113 4844 sorte
1139 4772 1316 4848 habitaculi
1341 4779 1388 4847 tui
1413 4778 1590 4868 coelestis,
1622 4777 1680 4850 ubi
1712 4778 1869 4873 placitum
1901 4776 1957 4848 tibi

593 4885 693 4958 luerit
724 4911 788 4962 nos
824 4888 971 4976 colloca3
1003 4898 1038 4959 ut
1071 4913 1135 4961 una
1167 4912 1255 4963 voce
1287 4891 1470 4987 triumphali
1502 4867 1672 4965 laudemus
1706 4905 1740 4965 et
1773 4892 1956 4966 exaltemus

594 5024 715 5075 nomen
741 5015 839 5087 ,mum
871 5004 1055 5097 gloriosum
1088 5016 1123 5078 et
1152 5004 1380 5100 benedictum,
1419 5009 1581 5105 simulque
1617 5012 1779 5103 unigeniti
1807 5011 1885 5084 Filii
1914 5011 1958 5082 tui

592 5118 726 5190 Domini
752 5123 856 5193 nostri
882 5123 964 5193 lesu
991 5119 1121 5194 Christi.

690 5234 855 5333 ,Populea
908 5235 961 5307 Ut

694 5349 878 5423 Sacerdos.
931 5355 1014 5427 Pax.
