5150 6534
750 813 864 892 untur
889 810 1025 889 Jnuosst
1049 812 1288 889 llllllllPRdTlS
1315 810 1484 890 bristout
1508 813 1698 892 naussum.
1827 814 1902 889 373

529 1021 579 1072 ex
604 1021 664 1079 eo:
691 998 766 1071 lloc
793 1008 845 1070 est
872 995 1004 1093 Corpus
1030 1020 1160 1085 meum,
1188 997 1276 1093 quod
1303 1019 1366 1095 pro
1389 1002 1458 1071 vita
1477 1010 1702 1072 creaturarum
1730 1000 1907 1093 frangitur,

530 1124 568 1187 et
592 1112 765 1201 dividitur,
792 1112 835 1183 ad
861 1115 1091 1186 remissionem
1119 1124 1334 1208 peccatorum
1362 1124 1396 1185 et
1421 1116 1522 1185 vitam
1550 1126 1729 1187 aeternam.

560 1323 561 1326 Ἴ
635 1228 798 1322 Populus.
850 1229 970 1303 Amen.

635 1343 821 1416 Sacerdos.
875 1342 1033 1416 Similiter
1060 1346 1159 1414 etiam
1185 1346 1316 1416 miscuit
1343 1341 1480 1415 calicem
1499 1354 1684 1440 temperate
1701 1367 1748 1417 ex
1766 1348 1848 1417 vino
1873 1356 1908 1417 et
1967 1406 1971 1415 .

530 1481 630 1557 aqua,
657 1463 785 1553 gratiam
812 1460 883 1550 egit
909 1479 1010 1553 super
1037 1480 1125 1548 eum,
1151 1467 1328 1554 postquam
1356 1461 1512 1530 coenavit
1538 1481 1611 1530 cum
1640 1460 1810 1556 discipulis
1838 1465 1909 1533 suis

529 1577 569 1656 ia
592 1563 715 1647 wmensa
745 1579 908 1669 mystica,
942 1580 962 1654 †
994 1572 1185 1663 benedixit,
1216 1581 1236 1655 †
1265 1573 1484 1645 sanctificavit
1510 1580 1531 1654 †
1558 1585 1592 1645 et
1617 1578 1770 1669 porrexit
1801 1575 1905 1669 Apo-

532 1681 630 1762 stolis
656 1692 799 1777 sancbs,
840 1700 873 1760 et
908 1688 1000 1759 dixit.
1052 1688 1115 1758 llic
1149 1698 1201 1759 est
1236 1688 1382 1780 Sanguis
1416 1711 1509 1759 meus
1546 1712 1644 1782 quem
1680 1688 1811 1762 effimdo
1846 1711 1908 1784 pro

529 1804 643 1876 muudi
672 1806 758 1892 vita,
786 1815 819 1876 et
846 1807 895 1875 eia
923 1808 977 1898 qui
1005 1804 1145 1876 credunt
1170 1807 1203 1874 in
1229 1826 1283 1874 me
1311 1814 1491 1900 praeparat
1516 1807 1618 1875 vitam
1646 1814 1826 1881 aeternam.

636 1919 798 2011 Populus.
851 1920 971 1991 Amen.

573 2119 574 2122 Ἴ
635 2032 820 2104 Sacerdos.
872 2033 922 2104 lta
948 2034 1098 2129 perficite
1126 2036 1398 2128 quotiescumque
1424 2032 1665 2105 manducabitis
1683 2054 1806 2127 corpus
1828 2031 1906 2124 hoc,

520 2133 572 2219 'et'
590 2146 712 2222 bibetis
738 2146 824 2219 hunc
850 2147 1009 2235 crucem,
1034 2151 1227 2221 memoriam
1254 2152 1344 2239 agite
1370 2151 1485 2220 mortis
1503 2169 1610 2235 meae,
1640 2148 1746 2218 donec
1761 2152 1905 2221 veniam.

636 2262 797 2356 Popalaa.
849 2262 966 2334 Mortis
994 2273 1088 2354 tuae,
1116 2273 1178 2334 etc.

540 2387 541 2392 ’
635 2377 819 2449 Sacerdos.
872 2378 1166 2471 Dispensationem
1193 2386 1282 2447 tuam
1306 2376 1591 2470 supernaturalem
1607 2376 1782 2449 scribimus
1801 2401 1902 2474 super

530 2490 661 2566 tabulas
697 2492 808 2565 cordis
841 2495 963 2582 nostri3
997 2502 1031 2563 et
1064 2495 1222 2587 mysteria
1256 2492 1430 2587 praeclara
1470 2490 1665 2562 mirabilium
1703 2504 1849 2584 tuorum,
1884 2520 1905 2569 o

529 2591 680 2681 Verbum
706 2608 818 2697 DeuS,
846 2608 951 2680 oculis
974 2610 1130 2679 mentium
1158 2618 1345 2680 nostrarum
1361 2610 1532 2677 iutuemur.
1585 2606 1782 2680 Memoriam
1805 2616 1905 2683 etiam

528 2721 669 2797 iacimus
702 2731 841 2796 exortus
876 2725 923 2793 tui
956 2724 1117 2795 tremendi
1151 2733 1184 2794 et
1219 2721 1352 2793 timendi
1393 2724 1426 2792 iu
1466 2721 1611 2792 adventu
1646 2731 1703 2795 tuo
1739 2727 1903 2800 secundo:

526 2837 662 2936 ‘quanm
688 2841 774 2913 sicut
798 2836 909 2928 bulgar
934 2838 1134 2926 vehemens,
1162 2837 1203 2909 ab
1232 2840 1361 2909 oriente
1388 2838 1570 2922 exorieris,
1599 2848 1633 2908 et
1659 2838 1752 2910 orbis
1778 2837 1905 2911 funda-

528 2934 641 3025 menta
667 2955 789 3024 virtute
815 2955 1043 3048 potentissima
1071 2962 1125 3023 tua
1154 2955 1340 3024 concuties:
1369 2950 1500 3044 quando
1536 2972 1639 3046 super
1672 2951 1780 3025 nubes
1813 2954 1901 3026 coeli

530 3089 605 3138 cum
632 3088 753 3162 pompa
780 3068 914 3157 ingenti
932 3069 1072 3156 venies,
1108 3066 1240 3162 quando
1268 3088 1369 3161 super
1402 3065 1554 3137 thronum
1588 3067 1762 3139 sublimem
1788 3072 1903 3160 maje-

531 3184 626 3254 statis
653 3192 732 3254 tuae
765 3195 840 3254 cum
872 3180 979 3272 gloria
1013 3181 1226 3253 inenarrabili
1253 3180 1406 3253 sedebis:
1434 3182 1566 3276 quando
1601 3193 1690 3253 terra
1718 3188 1805 3255 sicut
1840 3207 1905 3257 vas

529 3296 698 3389 liguliuum
726 3306 861 3368 evomet
888 3319 1031 3391 corpora
1058 3300 1091 3367 in
1125 3319 1167 3367 ea
1194 3295 1363 3390 deposita,
1400 3304 1433 3365 et
1467 3296 1612 3390 abyssus
1645 3297 1806 3370 excitabit
1837 3299 1904 3370 de-

521 3409 663 3485 'mnata
703 3414 737 3485 iu
777 3434 818 3483 ea
852 3413 1083 3505 quiescentes,
1117 3422 1271 3505 tanquam
1305 3433 1350 3481 ex
1385 3432 1520 3483 somno:
1554 3411 1684 3506 quando
1720 3411 1807 3483 nulla
1843 3416 1906 3483 erit

506 3517 719 3623 'consolatio
759 3525 859 3597 luctui
890 3530 1083 3623 impiorum,
1120 3550 1229 3622 neque
1265 3528 1331 3599 ulla
1367 3531 1496 3598 tristitia
1532 3532 1747 3622 superveniet
1778 3530 1904 3620 gaudio

526 3633 702 3733 justorum.
754 3640 792 3712 ln
818 3639 881 3712 hac
907 3641 989 3713 hora
1018 3643 1155 3715 terribili
1182 3642 1312 3713 ellunde
1349 3646 1670 3716 commiserationem
1704 3654 1792 3714 tuam
1823 3643 1904 3716 Do-

526 3742 637 3840 mine,
663 3776 766 3851 super
791 3755 948 3850 populum
975 3768 1085 3846 tuum,
1113 3767 1146 3827 et
1178 3756 1413 3827 haereditatem
1445 3767 1551 3827 tuam:
1583 3779 1628 3829 ne
1661 3755 1791 3829 debciat
1824 3780 1903 3854 spes

529 3855 645 3943 nostra
673 3892 693 3941 a
720 3872 839 3962 gratia
855 3879 929 3958 tua,
956 3894 1065 3965 neque
1092 3875 1242 3965 privetur
1276 3870 1473 3941 confidentia
1508 3875 1541 3941 in
1573 3882 1607 3942 te
1640 3884 1753 3945 nostra
1793 3878 1903 3946 mise-

529 3984 714 4057 rationibus
746 3971 958 4075 benignitatis
991 3998 1077 4057 tuae.
1131 3986 1208 4062 Non
1241 3996 1356 4076 tegant
1389 3996 1529 4081 peccata
1565 3996 1678 4060 nostra
1713 3987 1856 4079 sigillum
1889 3991 1904 4025 ⁴

530 4090 725 4174 chrismatis
753 4100 798 4169 tui
825 4104 949 4187 sancti;
975 4123 1085 4195 neque
1113 4099 1293 4195 spoliemur
1319 4122 1380 4195 per
1406 4104 1611 4195 insipientias
1645 4114 1801 4190 nostras,
1834 4103 1903 4175 ba-

525 4217 651 4310 ptismo
678 4222 734 4285 tuo
754 4212 877 4285 divino.
930 4214 985 4286 Ne
1003 4217 1239 4288 immisericors
1267 4220 1314 4286 sis
1342 4236 1426 4306 erga
1452 4236 1515 4288 nos
1534 4217 1697 4306 Domine,
1729 4241 1773 4290 ne
1795 4240 1902 4289 avar-

528 4340 591 4403 tas.
606 4328 841 4409 iaciemtuam
869 4352 888 4400 a
915 4328 1012 4401 nobis
1040 4352 1061 4402 o
1089 4330 1252 4417 clemens,
1285 4351 1329 4400 ne
1356 4351 1552 4423 quaeramus
1580 4332 1842 4404 misericordiam
1869 4341 1903 4403 et

524 4455 597 4519 aon
623 4445 666 4517 sit
692 4446 747 4538 qui
773 4448 988 4531 misereatur,
1022 4467 1132 4539 neque
1157 4445 1296 4517 fleamus
1328 4450 1362 4515 in
1394 4448 1561 4539 passionis
1596 4445 1732 4532 dolore,
1766 4457 1800 4517 et
1833 4466 1902 4516 nou

527 4561 582 4659 stt
597 4562 653 4655 qui
679 4557 880 4631 consoletur.
932 4557 1010 4631 Non
1038 4571 1250 4654 torqueamur
1276 4562 1309 4629 in
1324 4558 1494 4650 gehenna,
1522 4570 1556 4630 et
1578 4582 1646 4635 uon
1663 4565 1706 4634 sit
1722 4564 1777 4655 qui
1796 4563 1901 4651 iguo-

527 4685 620 4763 scat3
644 4694 689 4744 ne
715 4673 867 4744 ellectum
892 4696 959 4747 non
986 4673 1130 4746 habeant
1155 4678 1396 4768 promissiones
1423 4696 1506 4765 erga
1539 4697 1603 4749 nos
1636 4687 1714 4748 tuae
1745 4696 1902 4762 veraces,

527 4800 667 4886 propter
693 4797 850 4884 peccata,
884 4793 1212 4884 praevaricationes,
1246 4798 1280 4858 et
1304 4791 1504 4894 ‘iniquitates
1535 4801 1686 4865 nostras:
1720 4812 1789 4863 non
1825 4812 1902 4860 cum

525 4903 591 4978 illis
618 4907 673 5000 qui
699 4913 945 4975 contemserunt
973 4907 1150 4998 passiones
1178 4916 1250 4976 tuas
1277 4914 1534 4993 recenseantur,
1561 4908 1617 4998 qui
1647 4927 1716 4977 non
1743 4904 1902 4995 abnega-

526 5031 648 5092 verunt
675 5042 808 5091 crucem
835 5029 942 5090 tuam:
968 5040 1077 5111 neque
1104 5040 1176 5089 cum
1203 5017 1267 5088 illis
1296 5020 1352 5110 qui
1377 5026 1412 5089 te
1437 5040 1504 5091 non
1531 5018 1680 5092 confessi
1707 5029 1797 5106 sunt,
1831 5039 1901 5089 nu-

526 5146 697 5209 merentur
722 5135 767 5205 illi
795 5137 850 5228 qui
876 5130 1085 5203 crediderunt
1111 5135 1144 5202 in
1171 5142 1214 5202 te.
1268 5132 1341 5205 Nos
1369 5136 1391 5203 ii
1418 5154 1530 5206 sumus
1550 5135 1694 5206 Domina
1711 5135 1766 5227 qui
1792 5134 1901 5206 susti-

524 5256 656 5325 nuimus
683 5249 916 5323 contumeliam
950 5255 985 5317 et
1016 5247 1230 5342 opprobrium
1258 5269 1320 5344 pro
1347 5250 1481 5320 nomine
1507 5255 1563 5320 tuo
1591 5257 1727 5338 sancto,
1755 5250 1810 5342 qui
1839 5249 1900 5338 ja-

1618 5364 1695 5437 50*
