5150 6534
998 846 1175 925 otoo
1229 844 1608 926 cobbonis

1196 1170 1283 1241 Alio
1317 1171 1448 1241 Oratio.

737 1374 784 1449 Os
812 1383 900 1447 tuum
927 1374 1070 1447 Domine
1096 1397 1213 1469 purum
1240 1385 1274 1447 et
1301 1386 1449 1448 sanctum
1477 1376 1730 1470 pronunciavit,
1763 1374 1869 1444 etita
1901 1372 2002 1446 dixit:

632 1496 830 1587 quicumque
856 1491 1107 1564 manducaverit
1133 1513 1256 1586 corpus
1282 1513 1411 1578 meum,
1444 1501 1478 1561 et
1512 1488 1634 1562 biberit
1659 1492 1856 1581 sanguinem
1881 1512 2004 1581 meum,

633 1607 776 1679 credens
802 1609 835 1676 in
863 1630 935 1697 me,
961 1611 1034 1702 ipse
1061 1611 1094 1678 in
1120 1630 1174 1678 me
1200 1617 1313 1678 manet
1339 1618 1373 1677 et
1399 1629 1465 1698 ego
1492 1609 1526 1676 in
1553 1628 1612 1694 eo,
1640 1616 1673 1676 et
1700 1627 1767 1697 ego
1794 1604 2002 1678 resuscitabo

633 1725 768 1794 eumin
795 1725 981 1794 novissimo
1010 1722 1079 1794 die:
1106 1722 1203 1794 nobis
1231 1724 1331 1814 igitur
1356 1723 1520 1810 Domine,
1557 1726 1611 1816 qui
1645 1722 1847 1793 comedimus
1882 1743 2005 1817 corpus

633 1850 723 1911 tuum
750 1849 898 1912 sanctum
926 1847 959 1909 et
984 1837 1125 1909 bibimus
1152 1841 1349 1930 sanguinem
1374 1849 1465 1910 tuum
1490 1840 1771 1932 propitiatorium,
1797 1859 1865 1909 non
1892 1840 1935 1909 sit
1961 1837 2005 1910 ad

630 1954 805 2044 judicium,
832 1963 889 2024 aut
915 1953 1222 2025 condemnationem
1249 1962 1283 2024 et
1309 1956 1573 2042 accusationem,
1600 1964 1635 2024 ut
1661 1976 1770 2048 neque
1795 1952 1919 2048 populo
1946 1963 2003 2025 tuo

636 2069 740 2141 fideli:
774 2068 835 2141 sed
868 2069 910 2141 ad
941 2072 1075 2140 veniam
1108 2069 1318 2143 delictomm:
1359 2070 1401 2141 ad
1435 2073 1665 2142 remissionem
1697 2079 1930 2165 peceatomm,
1963 2067 2006 2141 ad

575 2197 602 2246 -·.
634 2188 915 2257 resurrectionem
948 2208 968 2255 a
1001 2189 1159 2273 mortuis,
1200 2195 1234 2256 et
1267 2185 1419 2257 fiduciam
1455 2209 1571 2258 coram
1605 2185 1691 2258 solio
1727 2195 1784 2257 tuo
1819 2183 2005 2273 tremendo,

635 2299 778 2372 Domine
804 2302 896 2372 Deus
922 2311 1057 2387 noster,
1085 2304 1117 2372 in
1144 2302 1288 2373 saecula.

736 2416 922 2510 Postquain
961 2421 1075 2487 omniu
1110 2420 1302 2509 perfecerit
1336 2439 1424 2511 pirae
1462 2419 1509 2487 ud
1544 2416 1842 2488 administrandum
1882 2437 2006 2508 corpus

635 2529 763 2601 Christi
784 2536 977 2625 pertinent,
1005 2534 1099 2604 dicit.
1151 2531 1313 2603 Dominus
1339 2538 1447 2628 pascit
1473 2556 1526 2604 me
1553 2544 1587 2604 et
1611 2532 1690 2603 nibil
1715 2530 1793 2602 mihi
1820 2531 1942 2619 decrit,
1971 2537 2006 2602 et

633 2646 799 2740 reliquum
824 2647 1002 2718 Psalmnrn.

736 2763 979 2858 Absterpitqne
1006 2764 1132 2835 diacum
1158 2764 1451 2852 Eunomianam,
1480 2773 1514 2836 et
1540 2765 1633 2835 dicit.

738 2876 775 2949 Si
801 2879 985 2952 membmm
1012 2878 1161 2973 aliquod,
1189 2880 1282 2970 (sive
1298 2882 1479 2976 particula)
1498 2890 1670 2976 superest,
1697 2888 1869 2951 remaneat
1883 2880 2004 2970 (com-

631 2993 843 3085 mendatum)
871 2997 1030 3067 scientiae
1058 3006 1245 3090 tuaequae
1272 2996 1424 3069 mundum
1453 3001 1590 3070 creavit.
1649 2996 1686 3068 Si
1719 2994 1901 3067 membrum
1934 2994 2005 3067 ali-

634 3109 724 3205 quod
751 3122 920 3205 superest,
948 3115 991 3184 sit
1016 3112 1062 3183 illi
1088 3111 1249 3187 Dominus
1277 3124 1390 3186 custos
1418 3124 1451 3186 et
1476 3115 1574 3186 nobis
1600 3117 1772 3209 propitius.

735 3228 783 3297 Et
806 3235 984 3321 postquam
1005 3233 1198 3321 perfecerit
1224 3228 1470 3302 (deteriorem
1497 3230 1636 3315 culicis,
1664 3231 1756 3299 dicit.

738 3342 824 3427 Quid
850 3343 1031 3415 retribuam
1060 3344 1203 3415 Domino
1235 3365 1297 3437 pro
1325 3345 1476 3417 omnibus
1504 3367 1590 3439 quae
1617 3344 1768 3416 retribuit
1794 3341 1897 3416 mihi?
1930 3334 2005 3411 Ca-

632 3456 729 3527 licem
757 3458 871 3528 salutis
899 3461 1078 3554 accipiam,
1107 3471 1140 3530 et
1165 3481 1288 3531 nomen
1313 3461 1447 3533 Domini
1473 3458 1649 3533 invocabo.
1702 3459 1791 3534 Vota
1822 3481 1898 3530 mea
1923 3457 2004 3530 Do-

634 3579 723 3646 mino
750 3576 902 3665 reddam,
930 3589 993 3650 etc.

940 3816 1020 3886 Turn
1046 3819 1131 3888 dicit
1156 3818 1245 3887 bunc
1273 3818 1471 3888 Orationem
1496 3815 1541 3886 D.
1567 3814 1703 3886 Jocobi.

738 4020 802 4092 Fili
828 4021 938 4110 Deus,
967 4028 1022 4119 qui
1047 4047 1109 4119 per
1135 4024 1390 4097 immolationem
1417 4025 1481 4111 tui,
1509 4021 1648 4093 salvasti
1674 4041 1772 4107 reos,
1804 4041 1866 4114 per
1892 4021 2005 4090 sacri-

634 4137 744 4208 ficium
769 4148 859 4210 tuum
885 4144 1019 4212 vivum:
1054 4140 1178 4235 dissipa
1204 4144 1380 4236 passiones
1417 4160 1528 4227 meas,
1562 4159 1642 4208 sana
1673 4135 1876 4207 inlirmitates
1909 4155 2003 4209 meas

635 4264 668 4324 et
694 4257 855 4325 miserere
882 4258 957 4326 mei.

737 4368 924 4463 Postquam
950 4371 1111 4442 abstersit
1137 4372 1278 4442 culicem
1305 4372 1467 4464 epicopus,
1496 4369 1581 4439 dicit
1611 4368 1700 4438 bone
1735 4369 1933 4438 Orationem
1958 4367 2003 4438 D.

634 4484 793 4577 Ephrem.

737 4598 909 4694 Absterge
936 4604 1079 4676 Domine
1105 4606 1246 4698 spongia
1273 4601 1523 4673 misericordiae
1549 4613 1645 4690 tuac,
1680 4601 1788 4672 omnia
1824 4598 1943 4670 delicta
1970 4610 2004 4672 et

602 4755 607 4776 ι
635 4727 774 4812 peccata
802 4740 887 4810 quae
914 4723 1063 4791 commisi
1090 4741 1203 4791 coram
1232 4730 1274 4790 te.
1301 4718 1446 4809 Ignosce
1472 4738 1533 4810 per
1559 4716 1763 4787 clementiam
1798 4728 1886 4788 tuam
1912 4716 2003 4806 Rex,

638 4833 770 4905 Christe
795 4833 984 4907 vivificator
1008 4846 1141 4924 noster,
1169 4833 1244 4905 mibi
1273 4837 1326 4928 qui
1355 4832 1580 4904 administravi
1610 4835 1769 4927 mysteria
1797 4843 1851 4903 tua
1879 4843 2004 4903 sancta.

636 4949 777 5021 Praesta
802 4950 879 5020 mihi
904 4962 940 5022 ut
967 4974 1041 5022 curn
1067 4954 1131 5046 piis
1159 4961 1192 5021 et
1215 4952 1313 5041 justis
1342 4951 1395 5043 qui
1423 4960 1616 5021 amavemnt
1647 4960 1701 5037 te,
1733 4950 1915 5019 ministrem
1947 4945 2005 5018 tibi

637 5064 779 5136 Domine
807 5069 840 5137 in
866 5089 973 5158 regno
999 5078 1056 5138 tuo
1084 5065 1241 5156 coelesti,
1267 5069 1303 5137 in
1329 5065 1463 5138 saecula
1489 5077 1673 5161 perpetuo,
1700 5064 1851 5136 Domine.
1883 5064 2005 5152 Amen,

636 5183 670 5250 in
697 5183 832 5255 saccula
859 5184 1078 5257 saeculorum.

740 5299 885 5369 Etcum
912 5301 1019 5371 abluit
1042 5322 1177 5387 omnus,
1205 5299 1297 5369 dicit.
