5150 6534
952 822 1366 902 alluentia
1818 820 1843 895 'i

571 1010 761 1082 Diaconos.
804 1009 939 1083 Stemus
966 1010 1125 1084 decenter
1151 1015 1185 1082 in
1212 1014 1365 1084 oratione
1391 1019 1425 1083 et
1449 1006 1605 1105 precibus
1633 1031 1747 1081 coram
1767 1010 1842 1082 Deo

469 1127 638 1216 Deorum,
664 1134 699 1198 et
724 1126 869 1201 Domino
896 1127 1141 1216 Dominarum,
1158 1148 1275 1199 coram
1299 1125 1398 1220 Rege
1423 1126 1576 1221 Regum,
1603 1148 1718 1199 coram
1746 1126 1843 1199 altari

468 1246 719 1338 propitiatorio,
747 1252 780 1315 et
805 1266 920 1316 coram
946 1246 1115 1339 mysteriis
1136 1242 1338 1338 praeclaris,
1366 1252 1401 1315 et
1423 1247 1512 1316 vivis
1524 1243 1711 1317 Salvatoris
1726 1246 1841 1331 nostri,

468 1382 545 1431 cum
570 1357 773 1432 aromatibus
797 1362 962 1456 impositis
987 1359 1249 1433 misericordiam
1275 1368 1365 1432 tuam
1390 1358 1603 1455 imploramus
1629 1360 1781 1433 Domine.

572 1473 748 1547 Sacerdos
769 1482 870 1568 ponit
895 1481 1081 1565 incensam,
1114 1481 1149 1546 et
1175 1475 1269 1545 dicit.
1314 1474 1370 1547 Ad
1395 1473 1527 1546 laudem
1551 1485 1586 1546 et
1611 1474 1762 1568 gloriam.
1805 1480 1843 1545 at

468 1613 584 1684 supra.
640 1590 717 1661 Hoc
752 1591 830 1664 loco
864 1596 1059 1665 inserantur
1095 1591 1228 1685 aliquot
1258 1592 1436 1662 orationes
1466 1597 1574 1662 metro
1608 1590 1842 1683 Ephremitico

470 1713 531 1778 cat
554 1704 767 1795 Jacohitico,
795 1730 884 1802 qnae
909 1710 1068 1780 dicantar
1094 1710 1130 1778 ia
1155 1709 1265 1778 variis
1289 1706 1558 1778 solennitatibus
1580 1712 1689 1799 jacta
1722 1710 1841 1798 cajac-

471 1844 536 1917 pae
560 1821 741 1894 Ecclesiae
768 1826 1050 1895 consuetudinem.
1081 1824 1149 1896 Ter
1171 1822 1291 1894 oblata
1308 1826 1464 1893 incensat
1489 1825 1526 1892 ia
1550 1823 1682 1893 modam
1709 1821 1840 1909 circuli,

471 1938 607 2009 dicens:
1915 1945 1918 1949 ’

573 2053 717 2126 Sanctus
743 2052 854 2142 Deus,
882 2065 1016 2127 sanctus
1042 2053 1158 2144 fortis,
1185 2062 1317 2127 sanctus
1344 2038 1565 2125 immortalis.¹

573 2169 760 2241 macana.
813 2170 978 2243 Miserere
1005 2168 1114 2243 nobis.

573 2283 757 2357 Sacerdos.
811 2285 936 2358 Sancte
963 2296 997 2357 et
1022 2285 1215 2374 laudabilis,
1240 2295 1362 2380 potens
1385 2295 1419 2357 et
1439 2285 1649 2374 immortalis,
1675 2283 1768 2356 Deus
1787 2286 1842 2378 qui

469 2401 503 2470 in
529 2403 652 2473 sanctis
679 2399 829 2493 habitas,
856 2413 891 2474 et
916 2406 951 2473 in
977 2404 1101 2474 sanctis
1128 2404 1332 2494 requiescis,
1359 2401 1529 2473 voluntate
1554 2400 1734 2473 divinitatis
1752 2410 1841 2488 tuae,

469 2516 639 2589 sanctifica
664 2518 807 2591 Domine
833 2522 1054 2611 cogitationes
1080 2528 1232 2607 nostras,
1263 2525 1298 2588 et
1323 2527 1450 2590 mentes
1476 2525 1610 2590 nostras
1641 2514 1762 2589 munda
1796 2513 1838 2588 ah

470 2630 622 2705 omnibus
650 2632 804 2707 sordibus
830 2638 1019 2725 criminum,
1045 2644 1083 2705 ut
1108 2631 1265 2730 hymnum
1290 2634 1489 2729 incrilpatnm
1509 2632 1694 2706 referamus
1717 2632 1787 2724 tihi,
1805 2636 1841 2704 in

468 2744 623 2820 Ecclesia
649 2760 704 2821 tua
731 2762 848 2823 sancta
873 2773 960 2822 nunc
986 2761 1021 2822 et
1046 2772 1198 2845 semper,
1225 2758 1287 2821 etc.

571 2864 750 2936 Diaconos
776 2867 861 2937 dicit
886 2867 1057 2938 Psahnnns
1081 2866 1286 2938 Danidicam
1312 2864 1365 2934 illi
1391 2866 1462 2935 diei
1489 2868 1706 2961 ossipnotam.
1754 2866 1841 2935 Mon

424 3014 430 3026 -
470 2979 563 3051 dicit.
710 2999 713 3003 ⁴

574 3095 682 3182 Quem
709 3098 793 3170 vidit
817 3098 934 3171 Moses
959 3101 993 3168 in
1019 3096 1124 3188 raho,
1150 3109 1184 3171 et
1204 3096 1363 3169 Ezechiel
1381 3119 1481 3193 snper
1501 3119 1650 3185 currum,
1677 3100 1750 3191 ipse
1768 3118 1839 3193 po-

468 3214 555 3283 nitur
581 3235 683 3307 super
709 3213 813 3286 altare
840 3224 1005 3286 sanctum:
1034 3217 1264 3310 accipiuntque
1290 3213 1379 3284 illam
1404 3212 1537 3308 populi,
1563 3221 1598 3284 et
1622 3215 1749 3283 vinnm.
1780 3211 1840 3283 llle

469 3332 524 3399 cui
550 3327 730 3402 Cherubim
756 3342 790 3402 et
815 3328 988 3424 Seraphim
1016 3352 1138 3423 magno
1165 3352 1240 3400 cum
1267 3333 1385 3401 timore
1412 3333 1579 3417 serviunt,
1607 3350 1689 3399 ecce
1703 3326 1839 3399 ollertur

469 3464 570 3538 super
596 3444 719 3533 altare,
746 3449 974 3542 accipiuntque
1000 3444 1090 3516 illum
1116 3446 1229 3540 populi
1257 3454 1292 3515 et
1316 3447 1444 3517 vivunt.
1480 3443 1573 3516 Deus
1601 3448 1657 3539 qui
1681 3465 1744 3538 per
1770 3446 1839 3514 mi-

469 3560 685 3643 sericordiam
709 3571 800 3633 mam
827 3563 1002 3656 suscepisti
1030 3560 1222 3634 sacrificium
1251 3563 1415 3652 justorum
1448 3564 1672 3655 antiquorum,
1705 3562 1839 3655 suscipe

468 3696 531 3769 per
555 3676 817 3749 misericordiam
842 3687 931 3748 tuam
959 3676 1153 3749 sacrificium
1179 3686 1343 3765 nostrum,
1371 3687 1405 3749 et
1430 3686 1587 3772 acceptas
1612 3675 1699 3748 hehe
1716 3697 1838 3772 preces

468 3801 611 3865 nostras.

573 3908 749 3979 Canticum
774 3908 877 3979 alind.
931 3908 1078 4003 Populus
1105 3918 1178 3980 hius
1206 3906 1347 3980 Christe.
1377 3909 1578 3981 Benedictus
1606 3907 1754 3981 Christus
1782 3910 1839 4001 qni

470 4022 658 4096 aedificavit
682 4023 870 4098 Ecclesiam
897 4047 990 4097 suam
1018 4046 1118 4119 super
1144 4026 1333 4113 Simonem,
1366 4035 1400 4096 et
1430 4026 1532 4117 elegit
1557 4023 1760 4098 Sacerdotes
1795 4022 1838 4094 ad

470 4137 680 4210 dividendum
707 4143 741 4210 in
768 4162 809 4211 ea
836 4161 960 4233 corpus
986 4150 1021 4211 et
1046 4143 1241 4231 sanguinem
1268 4162 1372 4213 suum.
1399 4141 1437 4212 ln
1463 4145 1580 4214 timore
1606 4162 1729 4232 magno
1750 4148 1839 4211 stant

470 4254 693 4343 Sacerdotes,
721 4276 795 4326 cum
828 4254 988 4328 Diaconis
1020 4263 1055 4326 et
1090 4254 1283 4327 distribuunt
1313 4278 1436 4352 corpus
1468 4265 1502 4327 et
1534 4259 1729 4347 sangninem
1762 4253 1839 4326 Filii

468 4370 540 4442 Dei.
582 4370 675 4442 Oves
701 4378 779 4442 tuae
807 4369 957 4461 Christe,
985 4378 1072 4446 stant
1098 4370 1140 4442 ad
1167 4373 1285 4443 ostium
1313 4381 1425 4444 mum:
1453 4371 1629 4443 comedunt
1654 4392 1777 4467 corpus
1805 4379 1839 4443 et

468 4484 584 4558 hibunt
610 4490 805 4578 sanguinein
833 4498 938 4576 tuum,
967 4498 1153 4582 canantque
1179 4486 1321 4579 gloriam
1347 4487 1508 4561 divinitati
1533 4498 1620 4560 tuae.

571 4601 751 4674 Diaconm
776 4602 859 4697 lepit
883 4604 1073 4695 Epistolan
1103 4603 1216 4674 Pauli.
1268 4603 1416 4676 Benedic
1442 4605 1595 4677 Domine.
1647 4603 1705 4676 Ex
1730 4602 1837 4676 Paulo

468 4716 635 4813 Apostolo
661 4717 795 4790 Domini
819 4721 926 4791 nostri
951 4717 1033 4792 lesu
1061 4717 1202 4811 Christi,
1229 4730 1291 4815 etc,

481 4882 493 4898 .
571 4835 693 4905 Lectio
712 4839 819 4925 jacta
840 4838 934 4928 sesto
960 4842 995 4907 et
1020 4844 1183 4929 tempora.

572 4950 756 5022 Sacerdos.
795 4949 910 5023 Gloria
937 4954 1081 5025 Domino
1108 4952 1222 5043 Pauli,
1248 4952 1510 5049 Prophetarum,
1537 4962 1571 5024 et
1588 4947 1836 5046 Apostolorum.

469 5062 723 5138 Misericordiae
749 5067 883 5139 Domini
909 5071 974 5140 sint
1000 5092 1101 5165 super
1126 5069 1270 5143 lectores
1297 5080 1332 5142 et
1358 5072 1543 5157 auditores,
1571 5077 1605 5141 et
1630 5088 1731 5161 super
1752 5064 1838 5138 hanc

468 5182 604 5273 urbem,
630 5205 813 5278 omnesque
838 5182 1023 5257 habitantes
1050 5189 1082 5256 in
1109 5208 1168 5276 ea,
1194 5188 1228 5258 in
1254 5187 1408 5278 saecula,
1433 5188 1553 5262 Amen.

572 5299 760 5371 Diaconos.
812 5299 963 5375 Psalmus
989 5301 1131 5376 Davidis
1158 5300 1276 5373 dicitur
1303 5325 1418 5376 coram
1442 5301 1543 5374 Patre
1567 5310 1694 5377 nostro.
