5150 6534
607 836 680 911 190
1118 834 1484 913 LIT‘llRGlrl

593 1022 701 1096 salute
726 1030 855 1109 nostra,
881 1043 1195 1094 commemoramus:
1221 1025 1474 1114 generationem
1500 1033 1588 1095 tuam
1615 1043 1662 1093 ex
1685 1020 1786 1094 Patre
1810 1017 1966 1094 macon—

593 1137 678 1209 dito:
705 1141 911 1210 nativitatem
938 1147 1027 1209 tuam
1055 1159 1101 1208 ex
1127 1136 1268 1228 Virgine
1299 1136 1585 1233 inexplicabilem:
1617 1148 1723 1211 ortum
1755 1146 1846 1209 mum
1879 1140 1963 1210 exi-

591 1256 693 1324 mium
719 1264 753 1324 et
778 1252 1005 1349 praeclarum:
1033 1252 1256 1325 elevationem
1282 1263 1371 1325 mam
1396 1255 1429 1324 in
1455 1275 1557 1325 cruce
1583 1252 1761 1326 salutarem
1786 1262 1822 1324 et
1847 1251 1962 1324 admi-

592 1368 746 1440 randam:
773 1369 951 1441 adventum
977 1378 1067 1441 tuum
1092 1368 1213 1441 mundo
1237 1371 1339 1441 vitam
1355 1379 1592 1465 praestantem,
1617 1371 1853 1442 excitationem
1872 1378 1962 1442 inm

542 1557 548 1569 Χ
592 1484 725 1581 plenam
760 1486 937 1558 miraculo:
970 1489 1248 1557 resurrectionem
1282 1494 1371 1557 tuam
1403 1486 1605 1578 gloriosam,
1637 1484 1835 1581 plenamque
1870 1485 1960 1556 omni

594 1599 735 1693 gaudio:
763 1600 987 1673 elevationem
1012 1610 1102 1673 tnam
1128 1604 1162 1671 in
1188 1599 1360 1673 sublimia:
1386 1600 1686 1696 excellentiamque
1704 1574 1870 1674 sossiobis
1883 1607 1960 1670 tiras

595 1717 637 1789 ad
671 1716 844 1789 dexteram
876 1721 1038 1809 genitoris
1071 1720 1134 1804 tui;
1166 1726 1344 1812 praeterea
1379 1721 1479 1790 etiam
1511 1717 1752 1790 revelationem
1784 1717 1883 1808 regni
1913 1717 1959 1802 titi

594 1832 753 1926 gloriosi,
787 1855 873 1927 quae
898 1832 1007 1905 futura
1023 1843 1026 1848 '
1040 1843 1091 1904 est
1125 1835 1158 1903 in
1192 1832 1337 1904 adventi
1370 1842 1427 1903 tuo
1458 1832 1622 1905 seeundo:
1654 1829 1786 1928 quando
1818 1842 1856 1904 tn
1885 1852 1958 1903 cnm

595 1948 702 2040 gloria
730 1947 884 2021 ineffabili
911 1952 1090 2038 exoriens,
1124 1957 1158 2020 et
1189 1952 1222 2019 in
1255 1946 1359 2019 turbis
1386 1951 1494 2039 igneis
1519 1946 1773 2042 legionibusque
1798 1944 1957 2020 munais

594 2067 888 2158 cbcnmgestatus,
928 2075 1083 2159 tanquam
1117 2063 1228 2155 fulgur
1263 2062 1438 2135 timendum
1473 2073 1508 2135 et
1539 2063 1704 2153 validum,
1746 2085 1794 2135 ex
1828 2060 1957 2136 sublimi

594 2180 724 2273 gloriae
750 2193 828 2253 tuae
853 2179 1018 2275 prodibis:
1044 2179 1175 2275 quando
1203 2189 1363 2251 statuetur
1388 2178 1506 2252 solium
1534 2177 1680 2251 terribile
1702 2179 1900 2269 majestatis,
1925 2186 1957 2248 et
1992 2231 1995 2235 -

595 2296 695 2370 sedes
722 2296 838 2369 electis
864 2300 929 2368 tuis
954 2294 1219 2368 collocabuntur:
1246 2293 1378 2388 quando
1404 2294 1517 2390 populi
1537 2304 1573 2365 et
1589 2298 1740 2366 nationes
1762 2313 1956 2385 congrega—

594 2410 727 2500 buntur,
755 2421 789 2483 et
814 2411 856 2485 ad
882 2411 994 2484 locum
1016 2411 1131 2503 judicii
1158 2416 1327 2497 sistentur,
1352 2420 1388 2482 ut
1414 2414 1574 2506 suscipiat
1586 2413 1813 2506 unusquisque
1832 2429 1956 2482 menn·

596 2527 671 2600 dum
699 2549 784 2623 opus
810 2549 921 2599 suum:
950 2539 1051 2621 atque
1076 2527 1276 2600 retribuetur
1301 2529 1477 2621 unicuique
1498 2526 1679 2600 secundum
1696 2528 1848 2598 actiones
1868 2544 1956 2612 snm,

596 2643 728 2739 quando
755 2643 830 2716 libri
863 2647 1070 2738 aperientur,
1101 2653 1135 2715 et
1167 2665 1290 2739 opera,
1324 2640 1449 2731 verba,
1481 2653 1517 2714 et
1547 2646 1698 2716 actiones
1729 2639 1956 2713 discutientur:

595 2760 726 2856 quando
752 2758 979 2832 recitabuntur
1004 2763 1160 2847 crimina,
1190 2771 1224 2831 et
1249 2770 1403 2853 tanquam
1431 2758 1484 2830 sol
1510 2757 1719 2853 splendidus,
1744 2756 1857 2851 palam
1881 2755 1957 2828 fient

593 2874 801 2963 abscondita,
834 2874 1037 2947 clarissime:
1076 2874 1207 2969 quando
1243 2897 1336 2946 mare
1370 2878 1456 2965 ignis
1491 2873 1692 2957 exundabit,
1730 2870 1957 2967 aesmabitquo

593 2991 703 3063 iunius
720 2990 936 3080 flammarum,
963 2991 1209 3086 descendetque
1225 2990 1345 3064 fluvius
1362 2993 1450 3080 ignis
1472 2988 1631 3079 ardentis,
1657 2988 1701 3061 ad
1717 2986 1957 3083 probationem,

595 3119 630 3179 et
656 3130 799 3179 examen
826 3110 932 3180 omnis
966 3110 1096 3195 carnis:
1130 3105 1261 3200 quando
1294 3109 1468 3198 angustiae
1501 3109 1730 3178 amarissimae
1763 3114 1861 3176 emunt
1891 3104 1957 3175 ini-

595 3226 685 3318 quis:
714 3232 749 3295 et
774 3234 973 3318 praeparata
1000 3234 1095 3294 erunt
1120 3219 1209 3294 bona
1237 3233 1272 3294 et
1298 3223 1436 3294 deliciae
1459 3225 1574 3314 justis:
1607 3221 1737 3317 quando
1763 3223 1960 3292 misericor-

595 3338 649 3410 dia
677 3337 867 3423 auleretnr,
900 3348 934 3408 et
959 3340 1048 3434 impii
1075 3336 1244 3409 nudentur
1270 3336 1460 3429 gehennae,
1497 3349 1595 3432 atquc
1625 3340 1671 3432 pii
1704 3337 1807 3407 vitam
1838 3355 1959 3407 novam

597 3458 630 3525 in
658 3466 829 3525 aeternum
855 3451 1112 3524 haereditabunt.
1167 3453 1307 3540 Quando
1334 3474 1407 3524 vox
1432 3453 1544 3525 valida
1576 3452 1726 3524 audietur
1758 3471 1845 3545 qnae
1875 3472 1960 3546 par·

597 3580 665 3641 tem
691 3593 789 3641 imam
816 3567 858 3640 ab
887 3568 990 3639 altera
1018 3569 1204 3664 separabit,
1237 3568 1479 3663 transferetque
1506 3589 1612 3660 agnos
1641 3566 1683 3640 ad
1710 3567 1904 3654 dexteram,
1930 3575 1963 3637 et

596 3684 723 3758 haedos
750 3684 790 3754 ad
818 3687 993 3755 sinistram.
1047 3684 1097 3755 Te
1123 3684 1340 3779 deprecamur
1365 3684 1497 3780 plenum
1528 3681 1774 3772 misericordia,
1807 3684 1962 3769 Domine,

598 3805 630 3872 in
657 3800 739 3872 hora
766 3800 821 3870 illa
849 3799 1054 3887 decretoria,
1087 3799 1265 3895 multiplica
1292 3800 1499 3871 clementiam
1525 3811 1613 3871 tuam
1648 3820 1732 3890 erga
1765 3797 1963 3871 adoratores

597 3927 683 4003 titos,
711 3918 742 3985 in
769 3926 920 4010 tempore
946 3914 1003 3987 illo
1031 3914 1179 4005 terribili,
1207 3926 1240 3987 et
1268 3920 1418 3987 tristitiae
1444 3914 1554 4010 pleno.
1594 3916 1761 4010 Propitius
1781 3922 1857 3984 esto
1881 3932 1964 4003 erga

477 4039 484 4050 “
598 4036 725 4103 animas
753 4053 928 4103 servorum
957 4042 1103 4118 tuorum3
1130 4034 1161 4102 in
1188 4032 1269 4103 bora
1297 4032 1352 4103 illa
1381 4035 1529 4118 terroris,
1557 4030 1687 4102 ellunde
1702 4026 1965 4101 misericordiam

599 4159 686 4218 tuam
714 4169 815 4243 super
842 4169 915 4234 ece,
943 4150 998 4241 qui
1024 4170 1086 4242 per
1112 4170 1245 4218 crucem
1270 4157 1359 4219 tuam
1387 4146 1507 4219 salvati
1535 4156 1618 4217 sunt
1667 4147 1705 4217 ln
1731 4153 1882 4240 tempore
1907 4141 1964 4215 illo

598 4265 743 4349 timoris,
778 4266 939 4334 miserere
972 4261 1101 4333 illorum
1134 4266 1188 4356 qui
1221 4262 1417 4335 confitentur
1448 4265 1623 4356 passiones
1656 4272 1745 4333 tuas:
1784 4270 1902 4352 tangat
1932 4267 1966 4330 tc

599 4398 680 4447 cura
705 4376 845 4464 illorum,
873 4379 927 4472 qui
953 4375 1106 4449 fiduciam
1132 4376 1254 4450 habent
1280 4400 1381 4473 super
1407 4399 1554 4451 amorem
1581 4387 1669 4447 tuum
1697 4398 1779 4467 erga
1799 4375 1965 4462 homines,

598 4502 632 4562 et
658 4515 758 4586 parce
785 4496 931 4588 peccatis
959 4515 1092 4581 eorum3
1118 4506 1369 4566 commoveatur
1396 4492 1583 4585 benignitas
1610 4501 1678 4581 trra,
1704 4513 1787 4583 erga
1810 4490 1887 4562 illos
1908 4493 1967 4585 qui

599 4610 758 4680 invocant
783 4632 904 4681 nomen
932 4620 1019 4681 tuum
1046 4622 1195 4681 sanctum
1224 4621 1257 4681 et
1282 4612 1411 4681 remitte
1439 4608 1559 4681 delicta
1585 4608 1726 4695 illorum.
1778 4604 1831 4678 Ne
1862 4604 1966 4678 aufe

597 4733 712 4795 rantur
738 4727 969 4798 miserationes
997 4737 1073 4798 tuae
1099 4749 1160 4821 per
1186 4730 1268 4798 iram
1296 4737 1402 4812 tuam,
1437 4747 1546 4818 neque
1577 4721 1706 4796 deficiat
1730 4718 1828 4793 nobis
1854 4722 1968 4813 meda

597 4848 665 4926 tua,
692 4853 829 4937 propter
856 4841 1090 4913 multitudinem
1118 4841 1262 4914 malitiae
1288 4851 1435 4913 nostrae.
1488 4840 1540 4911 Ne
1566 4838 1727 4910 excludas
1755 4836 1966 4908 elementiam

599 4965 708 5045 tuam,
742 4968 880 5052 propter
906 4960 1107 5051 iniquitatem
1134 4969 1300 5031 nostram:
1336 4977 1379 5026 na
1412 4965 1552 5027 mutetur
1577 4966 1694 5027 namra
1721 4964 1793 5039 tua,
1825 4962 1970 5048 propter

599 5072 857 5162 magnitudinem
885 5074 1141 5166 irrsipientiarum
1166 5081 1364 5147 nostrarum.
1417 5071 1493 5143 Non
1525 5070 1650 5163 eligant
1674 5091 1737 5144 nos
1767 5069 1894 5161 Angeli
1921 5071 1971 5140 tui

601 5191 726 5273 sancti,
761 5198 794 5259 et
830 5198 982 5282 tanquam
1018 5186 1196 5260 fasciculos
1230 5191 1450 5275 zizaniorum,
1483 5189 1515 5258 in
1550 5190 1661 5279 ignem
1688 5207 1752 5259 nos
1777 5186 1971 5281 projiciant

602 5299 677 5375 Non
705 5307 857 5400 increpes
883 5305 1051 5378 ministros
1078 5309 1174 5398 regni
1200 5307 1258 5394 tui,
1284 5314 1421 5400 propter
1447 5304 1565 5377 sordes
1585 5304 1872 5393 vestimentorum,
1890 5311 1973 5374 ne-
