5150 6534
832 843 864 921 S.
914 844 1114 922 JULlI
1163 843 1392 921 PAPAE
1442 842 1731 921 tottntt
1887 838 1965 918 22?

704 1027 865 1127 Populea
916 1030 1035 1104 Amen.

703 1144 891 1218 Dinaeam.
944 1143 1078 1227 Stemus
1104 1143 1272 1220 (lecenter.v

704 1260 864 1356 Populos.
917 1260 1170 1336 Misericordiae
1194 1261 1271 1335 Dei.

703 1376 888 1449 Sacerdos.
941 1375 1082 1451 Caritas.

706 1491 867 1587 Populea.
919 1490 1072 1566 Etcum.

705 1606 889 1679 Socerdm
941 1605 1079 1680 Sursum
1106 1605 1219 1680 corda.
1310 1646 1314 1655 ·

705 1724 866 1818 Populus.
918 1721 1088 1795 Habemus
1115 1722 1158 1794 ad
1182 1721 1370 1795 Dominum.

703 1838 887 1911 Sacerdos.
939 1836 1073 1912 Gratias
1100 1858 1238 1931 agamus
1264 1839 1418 1911 Domino.

704 1953 864 2049 Popolau.
916 1954 1061 2046 Dignum
1087 1964 1122 2025 et
1142 1957 1266 2047 justum
1294 1964 1355 2028 est.

704 2067 878 2141 Sacerdos
904 2070 1095 2141 inclinatae.
1148 2069 1240 2142 Vere
1267 2069 1402 2163 dignum
1429 2083 1462 2145 et
1484 2077 1607 2166 justum
1635 2081 1701 2161 est,
1728 2081 1763 2141 ut
1789 2073 1965 2146 adoremus

600 2193 636 2257 et
669 2184 841 2259 laudemus
874 2186 1008 2257 Patrem
1043 2196 1078 2257 et
1110 2186 1247 2275 Filium,
1287 2198 1323 2259 et
1353 2188 1511 2284 Spiritum
1546 2198 1694 2261 sanctum
1728 2209 1827 2259 unum
1857 2187 1966 2259 Deum
2053 2237 2057 2246 ‚

599 2319 728 2373 venun.
1117 2390 1119 2394 f
1978 2320 1981 2324 ·

705 2418 856 2489 lllceom
880 2440 1005 2490 vocem.
1057 2417 1113 2489 nd
1144 2416 1275 2519 laudem
1308 2439 1428 2514 nempe
1462 2422 1576 2513 magni
1611 2417 1742 2491 decoris
1774 2420 1819 2490 tui
1844 2416 1968 2490 ineffa-

600 2529 689 2622 bdis,
715 2555 784 2604 non
810 2531 970 2606 subiciunt
996 2554 1112 2605 omnes
1139 2532 1316 2606 rationales
1343 2543 1536 2624 creaturae,
1570 2558 1643 2608 eum
1676 2529 1880 2606 abscondito
1902 2556 1967 2607 su-

600 2650 717 2743 perior
742 2651 785 2719 sit
810 2649 882 2722 laus
910 2660 964 2721 tua
991 2650 1143 2722 omnibus
1171 2652 1295 2721 namns
1329 2648 1513 2723 visibilibus
1545 2659 1602 2723 aut
1633 2647 1866 2722 umentibus:
1903 2649 1969 2736 Qui

601 2762 738 2858 dignun
769 2763 878 2838 iecisti
912 2766 1069 2861 populum
1096 2774 1184 2838 tuum
1212 2764 1362 2854 fidelem,
1389 2776 1505 2838 saneto
1530 2790 1606 2838 cum
1632 2762 1810 2836 Cherubim
1836 2774 1870 2837 et
1894 2763 1967 2837 Se-

600 2875 730 2975 raphim
762 2878 917 2952 laudandi
950 2881 1152 2953 divinitatem
1184 2889 1273 2953 tuam
1300 2879 1517 2970 ineffabilem,
1551 2884 1746 2977 praesertim
1783 2902 1867 2952 vcro
1902 2880 1968 2954 hoc

600 3004 754 3090 tempore
782 2995 877 3068 simul
904 3006 936 3068 et
962 2997 1164 3090 generaliter
1196 2996 1353 3092 hymnum
1387 2997 1476 3069 illum
1509 2996 1710 3085 coelestem,
1744 2995 1968 3069 laudationem

600 3108 691 3181 ibam
718 3121 769 3182 ter
795 3122 954 3204 sanctam,
981 3112 1177 3208 praeclarae
1203 3115 1369 3205 majestati
1396 3122 1474 3186 tuae
1499 3112 1634 3185 divinae
1660 3113 1874 3185 concinentes
1890 3110 1967 3183 cla-

601 3234 704 3316 mant,
733 3226 958 3300 vociferantur
984 3239 1017 3300 et
1044 3229 1164 3300 dicunt.

706 3342 865 3436 Populos.
919 3344 1070 3416 Sanctus.

707 3456 881 3531 Sacerdos
912 3460 1102 3532 inclinatae.
1156 3459 1299 3533 Sanctus
1337 3460 1430 3532 Deus
1465 3460 1568 3530 Pater
1601 3460 1819 3553 omnipotens.
1858 3455 1966 3529 San-

602 3582 676 3645 ctus
702 3573 805 3647 Filius
832 3578 1120 3668 uusuntgenitus
1146 3576 1307 3648 Dominus
1342 3585 1457 3648 noster
1482 3574 1583 3647 lesus
1611 3573 1769 3649 Christus.
1823 3572 1966 3647 Sanctis

603 3689 746 3786 Spiritus
773 3700 847 3761 tuus
873 3701 1016 3762 sanctus.
1071 3690 1316 3783 Magnificentia
1341 3701 1397 3763 tua
1424 3700 1486 3778 est,
1514 3690 1601 3786 quod
1634 3678 1761 3785 absque
1794 3688 1861 3762 ulla
1887 3712 1966 3761 mu-

601 3808 728 3906 tatione
754 3808 943 3880 incamatus
971 3817 1023 3880 est
1049 3810 1235 3900 unigenitus
1262 3806 1365 3878 Filius
1391 3816 1485 3893 tuus,
1519 3829 1566 3877 cx
1586 3806 1732 3899 Virgine
1758 3815 1894 3893 sancta,
1935 3814 1969 3875 et

602 3920 745 4017 perfecit
770 3927 879 3994 omnia
906 3946 1010 4018 opera
1042 3946 1102 3995 sua
1127 3933 1233 4012 recte,
1260 3932 1294 3993 et
1319 3944 1381 4017 per
1406 3924 1582 4017 passiones
1610 3944 1688 3994 suas
1715 3931 1849 3995 sanctas
1874 3922 1967 3993 libe-

602 4040 692 4110 ravit
717 4060 777 4109 eos
803 4042 859 4133 qui
885 4042 918 4109 in
943 4038 1033 4110 illum
1060 4038 1278 4111 crediderunt.

707 4154 857 4226 Eleoons
882 4178 1006 4225 vocem.
1058 4154 1211 4251 Vespera
1239 4153 1293 4225 illa
1320 4164 1508 4248 postrema,
1536 4176 1600 4247 qua
1627 4152 1803 4224 traditurus
1830 4161 1902 4224 erat
1929 4174 1968 4224 se

602 4272 723 4365 ipsum,
749 4292 811 4365 pro
837 4273 906 4341 vita
935 4281 969 4343 et
996 4270 1102 4342 salute
1130 4271 1250 4358 mundi,
1278 4273 1408 4365 accepit
1433 4291 1551 4365 panem
1571 4273 1604 4340 in
1631 4291 1746 4342 manus
1775 4291 1854 4341 suas
1880 4290 1966 4340 san-

601 4394 674 4457 ctas
700 4387 729 4474 †
754 4398 788 4457 et
813 4383 997 4473 benedixit,
1029 4388 1059 4474 †
1090 4397 1123 4458 et
1156 4385 1258 4479 fregit
1291 4378 1319 4474 ᾧ
1352 4385 1506 4480 deditque
1542 4385 1710 4480 discipulis
1743 4389 1810 4457 suis
1844 4389 1967 4458 sanctis

603 4500 726 4575 dicens
777 4503 931 4596 Accipite
956 4501 1151 4574 manducate
1177 4524 1223 4575 ex
1249 4524 1302 4574 eo.
1355 4502 1430 4573 lloc
1461 4513 1512 4574 est
1544 4523 1667 4597 corpus
1701 4523 1829 4589 meum,
1860 4504 1968 4596 ipsum
2064 4547 2066 4551 v

604 4615 693 4711 quod
726 4639 788 4711 pro
821 4617 940 4707 vobis,
973 4629 1006 4690 et
1040 4640 1102 4713 pro
1129 4618 1236 4689 multis
1264 4618 1418 4690 daturin
1445 4619 1669 4711 expiationem
1696 4616 1906 4705 delictorum,
1934 4626 1968 4687 et

603 4734 833 4821 remissionem
860 4743 1072 4828 peccatorum
1101 4742 1134 4804 et
1160 4736 1262 4804 vitam
1289 4745 1467 4805 aeternam.

705 4846 875 4941 Populos(
922 4851 1040 4922 Amen.

705 4961 889 5036 Sacerdos.
943 4964 1099 5036 Similiter
1125 4966 1224 5036 etium
1251 4975 1284 5036 et
1310 4985 1412 5059 super
1438 4962 1575 5036 calicem
1592 4964 1720 5055 gratias
1753 4966 1822 5054 egit
1844 4965 1874 5051 †
1898 4961 1966 5034 be-

602 5076 741 5169 nedixit,
768 5081 796 5167 †
822 5081 1055 5168 sanctificavit,
1087 5082 1115 5168 †
1148 5078 1302 5176 deditque
1334 5079 1500 5175 discipulis
1534 5081 1602 5151 suis
1634 5077 1810 5173 Apostolis
1841 5082 1966 5152 sanctis

604 5192 728 5268 dicem.
780 5198 934 5291 Accipite
964 5194 1068 5268 bibite
1093 5218 1139 5269 ax
1174 5219 1216 5269 co
1243 5219 1309 5270 vos
1341 5218 1466 5268 omnes.
1518 5196 1581 5267 llic
1615 5204 1667 5267 est
1701 5198 1838 5285 sanguis
1872 5215 1965 5267 meus

654 5332 776 5377 ronan.
1375 5371 1378 5379 .
1713 5310 1761 5385 32
