5150 6534
602 799 675 877 ma
798 920 800 923 ⁴
950 803 1127 882 innuen
1154 805 1185 881 s.
1213 802 1435 883 onmmms
1449 805 1605 883 nomn.

595 994 747 1085 corporis
774 1002 808 1064 et
833 994 1003 1084 sanguinis
1031 995 1137 1064 saneti
1164 1014 1249 1085 quac
1281 995 1315 1064 in
1348 995 1398 1064 eis
1432 1003 1528 1080 sunt,
1559 1014 1765 1065 mereremur
1796 995 1964 1089 accipere,

594 1116 693 1200 atque
719 1112 963 1180 communicare
989 1110 1085 1202 ipsis:
1124 1107 1300 1203 fecistique
1326 1118 1363 1179 ut
1388 1130 1540 1182 essemus
1565 1108 1730 1182 haeredes
1762 1109 1963 1181 Sanctorum

593 1230 742 1311 tuorum,
770 1246 925 1312 oramus,
953 1221 1168 1296 obsecramus
1196 1235 1229 1296 et
1256 1223 1473 1321 deprecamur
1500 1236 1553 1315 te,
1579 1247 1601 1298 o
1629 1225 1793 1312 clemens,
1828 1236 1865 1297 ut
1897 1246 1964 1297 non

595 1342 752 1432 exquiras
779 1363 799 1411 a
826 1339 923 1412 nobis
951 1350 1104 1411 exactam
1132 1339 1218 1411 illam
1246 1339 1518 1413 observationem
1544 1351 1579 1412 et
1604 1343 1846 1431 castimoniam,
1874 1344 1964 1414 circs

594 1454 649 1525 illa
677 1458 848 1551 mysteria,
874 1479 917 1527 ne
937 1456 1195 1528 condemnemur
1220 1444 1295 1527 cum
1321 1459 1362 1529 iis
1390 1461 1444 1553 qui
1471 1467 1505 1530 te
1531 1479 1598 1531 non
1611 1467 1790 1546 novemnt,
1816 1459 1860 1529 ad
1880 1480 1963 1530 cru-

595 1574 700 1641 ciatus
726 1575 813 1663 ignis
838 1572 1113 1663 inextinguibilis:
1140 1572 1201 1643 sed
1227 1594 1290 1667 per
1315 1577 1457 1663 gratiam
1484 1583 1591 1660 tuam,
1624 1596 1699 1646 eum
1725 1572 1799 1645 filiis
1824 1577 1963 1669 nuptia-

594 1708 666 1757 rum
694 1697 819 1759 tuarum
847 1692 1021 1784 quriescere
1047 1709 1110 1761 nos
1132 1686 1230 1780 jube,
1257 1698 1292 1759 et
1318 1711 1392 1760 cum
1418 1692 1515 1781 agnis
1527 1688 1655 1763 mundis
1681 1692 1714 1759 in
1734 1689 1894 1784 paradiso
1908 1687 1963 1762 iae

595 1824 658 1874 nos
686 1802 914 1892 discumbere,
940 1813 976 1875 ut
1002 1827 1078 1876 cum
1104 1802 1167 1875 illis
1193 1807 1228 1875 'et
1254 1807 1340 1876 inter
1372 1826 1433 1878 eos
1466 1802 1642 1877 oderamus
1677 1802 1736 1877 tibi
1761 1804 1904 1898 gloriam
1930 1814 1964 1877 et

594 1922 775 2010 gratiannn
801 1924 975 1994 actionem.

698 2035 859 2127 Populos.
911 2037 1033 2109 Amen.

698 2150 882 2225 Sacerdos.
935 2153 1018 2224 Pax.

697 2266 857 2360 Populus.
910 2267 953 2339 Ει
980 2289 1054 2338 cum
1081 2269 1196 2362 spiritu
1222 2276 1289 2341 tuo.

698 2382 884 2455 Diaconos.
938 2384 1029 2456 Posi.

697 2499 858 2592 Populus.
913 2496 1035 2571 Coram
1064 2510 1096 2570 te
1122 2500 1274 2571 Domine.

697 2615 880 2686 Sacerdos.
935 2615 1059 2689 Coram
1086 2624 1118 2685 te
1145 2615 1287 2686 Domine
1309 2615 1401 2686 Deus
1428 2622 1543 2685 noster
1567 2612 1764 2686 inclinamus
1777 2613 1866 2689 colla
1884 2617 1960 2687 ani-

595 2752 719 2801 marum
748 2741 781 2802 et
808 2713 984 2826 corporum
1011 2741 1216 2817 nostrorum,
1244 2734 1320 2824 quia
1347 2750 1415 2800 non
1442 2751 1555 2801 sumus
1581 2730 1797 2817 sufficientes,
1831 2729 1876 2802 ad
1900 2752 1959 2802 re-

593 2846 765 2917 ferendam
792 2851 973 2937 gratiarnm
1002 2850 1166 2919 actionem
1192 2847 1356 2935 maJestati
1371 2854 1468 2933 tuae,
1495 2843 1611 2938 quales
1633 2843 1831 2918 deberemus
1858 2848 1959 2918 retri-

592 2958 698 3032 buere
727 2961 769 3033 ad
795 2974 909 3054 grates
937 2962 1085 3055 agendas
1112 2962 1190 3050 tibi,
1217 2961 1277 3033 sed
1303 2960 1364 3032 has
1391 2961 1627 3050 tantummodo,
1654 2963 1730 3055 quia
1748 2961 1959 3035 omniadoua

595 3099 823 3171 quaecumque
849 3077 1023 3166 habemus,
1052 3101 1097 3149 ex
1124 3088 1156 3148 te
1184 3087 1267 3148 sunt.
1320 3075 1373 3147 Da
1388 3074 1486 3147 nobis
1504 3078 1646 3148 Domine
1664 3098 1771 3148 voces
1798 3079 1959 3149 sermonis

594 3190 753 3283 dignitate
787 3198 964 3283 animataS,
996 3205 1032 3265 ut
1064 3194 1223 3265 sufficiant
1254 3190 1297 3263 ad
1331 3191 1529 3283 condignam
1564 3195 1887 3287 convenientemque
1917 3193 1959 3264 tui

593 3309 823 3383 laudationem.
877 3309 905 3381 0
934 3308 1080 3382 clemens
1108 3311 1161 3403 qui
1194 3308 1291 3380 nobis
1324 3306 1403 3378 licet
1435 3311 1534 3378 etiam
1568 3316 1655 3378 terra
1688 3307 1813 3400 indigni
1849 3310 1959 3396 simus,

596 3426 711 3497 claves
738 3426 884 3499 thesauri
910 3428 955 3497 tui
982 3425 1232 3513 commendasti,
1259 3433 1293 3494 et
1310 3445 1411 3517 snper
1437 3444 1576 3514 regnum
1603 3434 1692 3494 tuum
1707 3443 1769 3494 nos
1795 3445 1871 3494 cum
1897 3445 1959 3494 au-

594 3545 725 3613 toritate
752 3544 992 3637 praeposuisti,
1020 3553 1156 3636 praesta
1184 3539 1282 3611 nobis
1308 3549 1344 3609 ιιι
1371 3542 1403 3608 in
1430 3549 1500 3611 toto
1527 3538 1670 3610 decursu
1697 3542 1788 3610 vitae
1815 3547 1958 3624 nostrae,

592 3662 666 3753 puri
694 3680 808 3729 coram
834 3669 867 3729 te
895 3679 1113 3753 appareamus
1142 3668 1221 3728 eta
1255 3658 1401 3726 vanitate
1438 3654 1619 3741 mundana,
1655 3679 1675 3725 a
1706 3654 1958 3745 cogitationibus

593 3778 757 3859 terreniS,
798 3797 818 3843 a
854 3773 996 3845 motibus
1030 3776 1242 3868 passionum,
1279 3781 1313 3841 et
1349 3774 1499 3842 remissis
1536 3768 1811 3862 cogitationibus,
1844 3790 1958 3843 sensns

594 3899 728 3961 nostros
756 3889 904 3962 occidtos
932 3899 966 3960 et
992 3889 1185 3961 manifestos
1220 3909 1373 3959 remove:
1410 3898 1509 3980 atque
1540 3910 1601 3982 per
1635 3885 1860 3959 fortitudinem
1892 3909 1958 3982 po·

594 4009 717 4075 tentiae
743 4015 819 4076 tuae
847 4004 992 4076 extende
1019 4027 1119 4098 super
1146 4026 1208 4075 nos
1236 4003 1408 4073 dexteram
1436 4013 1523 4073 tuam
1548 4005 1659 4073 omnia
1676 4002 1958 4097 complectentem,

594 4118 800 4212 benedicque
827 4124 935 4192 servis
964 4131 997 4192 et
1024 4119 1254 4192 adoratoribus
1281 4123 1363 4205 tuis,
1392 4122 1446 4211 qui
1478 4117 1617 4190 salutem
1653 4118 1765 4214 adepti
1794 4128 1871 4192 sunt
1902 4137 1959 4213 per

593 4257 713 4306 tuamen
741 4245 829 4306 tuum
856 4246 1024 4323 sanctum,
1051 4234 1165 4307 etiae
1193 4257 1254 4306 nos
1282 4233 1403 4327 templa
1430 4233 1638 4306 habitationis
1666 4244 1759 4322 tuae,
1792 4245 1827 4305 et
1851 4232 1957 4306 locum

592 4349 801 4422 habitationis
829 4352 957 4444 gloriae
985 4364 1075 4424 tuae:
1111 4356 1204 4423 utin
1240 4352 1294 4423 die
1320 4350 1376 4422 illo
1409 4373 1502 4425 novo
1530 4363 1562 4422 ei
1595 4359 1753 4438 aeterno,
1788 4354 1822 4423 in
1853 4370 1957 4443 regno

593 4478 649 4538 tuo
676 4450 854 4556 laetemur,
882 4479 916 4540 ct
942 4492 1003 4566 per
1030 4478 1062 4538 te
1090 4467 1274 4554 salvemur,
1303 4477 1336 4537 et
1361 4465 1546 4538 referemus
1572 4467 1630 4538 tibi
1657 4465 1799 4558 gloriam
1820 4477 1854 4538 et
1874 4486 1958 4560 gru-

594 4585 708 4656 tiarum
737 4586 919 4674 actionem,
946 4596 979 4656 et
1004 4586 1094 4655 Patri
1120 4594 1176 4655 tuo
1205 4594 1238 4655 et
1263 4570 1399 4678 Spiritui
1426 4593 1559 4669 sancto,
1586 4604 1691 4672 nuuc,
1717 4591 1780 4654 etc.

697 4700 856 4792 Populos.
909 4701 1029 4773 Amen.

697 4817 884 4890 Diaconos.
911 4816 1057 4889 Benedio
1083 4817 1244 4902 Domine,
1272 4824 1334 4886 etc.

1005 5110 1012 5115 -
1085 5087 1552 5136 «w—
