5150 6534
979 826 1258 904 lleTHdlll
1297 826 1580 906 Pistoris.
1889 829 1969 908 :est

623 1036 625 1040 ’
706 1013 895 1086 Dinaeam
946 1012 1014 1086 Dat
1037 1035 1157 1109 pacem
1178 1017 1420 1111 unusquisque.
1514 1099 1520 1105 ,

707 1128 870 1223 Populos.
921 1129 1062 1203 Praesta
1087 1127 1195 1202 nobis.

708 1246 893 1318 Sacerdos.
945 1246 1037 1318 Post

709 1360 871 1455 Populos.
926 1357 1050 1433 Coram
1075 1369 1119 1433 te.

707 1476 888 1548 Diacoraa
912 1475 997 1547 dicit
1021 1475 1180 1547 Mediam.
1219 1476 1287 1549 Illis
1315 1480 1369 1572 qui
1395 1499 1470 1550 curn
1496 1477 1561 1551 lide
1586 1477 1800 1566 inclinantur,
1833 1487 1971 1574 praesta
2059 1511 2060 1514 ¹
2190 1570 2195 1578 k
2288 1559 2294 1568 ,

602 1593 749 1669 Domine
768 1601 812 1665 nt
836 1594 1018 1688 suscipiant
1049 1616 1070 1665 a
1101 1601 1136 1664 te
1168 1577 1437 1683 inminutiones,
1472 1593 1515 1667 ad
1549 1592 1727 1668 obtinenda
1761 1592 1850 1666 bona
1886 1616 1973 1689 qnae

603 1707 749 1806 pacificis
774 1710 999 1804 praeparasti:
1025 1718 1064 1781 nt
1087 1708 1271 1783 referamus
1297 1707 1355 1782 tibi
1382 1709 1534 1803 gloriam.

707 1823 870 1918 Populos.
920 1824 1039 1897 Amen.

708 1939 892 2012 Sacerdos.
943 1938 1077 2011 Remoti
1102 1964 1122 2011 a
1148 1938 1358 2035 passionibus
1374 1963 1460 2036 quae
1477 1950 1650 2037 pecorum
1668 1951 1863 2037 operantur:
1885 1964 1972 2038 pro-

603 2057 687 2127 ximi
712 2065 747 2127 et
772 2054 945 2126 domestici
970 2057 1004 2126 in
1035 2076 1142 2149 regno
1178 2077 1415 2152 appareamus,
1455 2055 1620 2129 mediante
1654 2056 1718 2129 hac
1752 2055 1972 2146 Eucharistia,

601 2192 703 2267 qnam
721 2170 787 2245 tibi
813 2169 980 2242 ollerimns
1005 2171 1167 2243 Domine:
1193 2182 1229 2245 nt
1254 2171 1439 2246 referamus
1466 2170 1524 2245 tibi
1550 2172 1711 2265 gloriam,
1737 2182 1801 2245 etc.

710 2284 872 2381 Populea.
925 2284 1045 2358 Amen.

691 2401 894 2474 ‘Diaconos
947 2400 1082 2473 Stemus
1109 2401 1277 2474 decenter.

709 2518 870 2612 Populus.
922 2518 1177 2609 Miserationes,
1203 2527 1266 2589 etc.

707 2633 911 2706 Sacerdos·
947 2631 1079 2726 Caritas
1104 2635 1235 2722 Patris,
1262 2644 1325 2706 etc.

709 2748 872 2844 Populus.
923 2750 1043 2824 Arnen.

709 2864 892 2938 Sacerdos.
945 2864 1085 2939 Sursum
1111 2865 1248 2954 corda„

708 2980 869 3075 Papulas.
921 2979 1091 3054 Habemus
1119 2980 1161 3054 ad
1186 2971 1372 3054 Dominum.

709 3096 894 3169 Sacerdos.
947 3094 1081 3171 Gratias
1109 3119 1248 3192 agamus
1273 3097 1429 3170 Domino.

607 3251 611 3262 ,
706 3212 868 3306 Poprdas.
920 3212 1067 3305 Dignum
1093 3222 1128 3285 et
1149 3217 1275 3306 justam
1302 3222 1363 3286 est

650 3387 655 3392 ,.
709 3327 883 3401 Sacerdos
908 3328 1098 3400 inclinatas.
1151 3328 1244 3401 Vere
1270 3330 1381 3419 Patri,
1407 3326 1493 3400 Filio
1520 3338 1555 3400 et
1585 3327 1721 3424 Spiritui
1756 3340 1873 3402 sancto
1905 3329 1971 3401 de-

604 3442 703 3518 bctm
727 3444 801 3518 lans
827 3443 1092 3536 magnificentiae
1116 3442 1253 3518 honoris
1280 3450 1362 3538 ejus.

708 3559 858 3633 Mecum
882 3581 1007 3631 oooem.
1059 3558 1103 3632 Et
1129 3582 1203 3633 cum
1222 3558 1374 3634 omnibns
1390 3563 1515 3634 nabrris
1539 3556 1762 3658 spiritualibus
1788 3572 1822 3634 et
1836 3561 1971 3634 'intelli-

606 3672 781 3768 gentibus,
806 3673 949 3767 gloriam
979 3667 994 3707 ²
1021 3675 1201 3748 secundam
1227 3678 1439 3769 cogitationis
1465 3687 1622 3749 aeternae
1647 3674 1793 3749 barbare
1824 3688 1858 3750 et
1888 3677 1970 3751 bal·

605 3789 762 3865 bntiendo
789 3790 959 3887 tripliciter
985 3788 1195 3864 celebrantes
1221 3795 1460 3888 proprietatum
1486 3802 1613 3866 marum
1640 3794 1800 3888 mysteria
1832 3791 1970 3867 confuse

606 3906 831 4003 explicamus,
858 3906 1015 3979 dicentes.

709 4022 867 4116 Populea.
919 4021 1013 4096 Unus
1039 4022 1141 4095 Pater
1166 4031 1310 4094 sanctus.
1566 4101 1573 4106 N

708 4136 883 4211 Sacerdos
913 4139 1104 4209 inclinatas.
1157 4136 1249 4209 Unus
1276 4159 1315 4211 es
1342 4134 1544 4227 substantia,
1569 4139 1725 4227 Domine,
1753 4142 1856 4210 trinus
1883 4161 1969 4233 pcr-

606 4255 707 4327 sonis.
761 4250 846 4324 Cum
871 4275 955 4324 vero
984 4254 1123 4325 salntem
1144 4262 1291 4327 nostram
1319 4251 1535 4347 providenter
1561 4252 1732 4344 ordinasti,
1758 4252 1907 4326 Verbum
1923 4276 1970 4325 cx

604 4378 716 4442 mente
746 4376 821 4458 tna,
854 4371 971 4442 misisti
1004 4371 1038 4440 in
1071 4369 1223 4441 mundum
1259 4369 1387 4463 absque
1419 4371 1658 4464 proprietatum
1689 4368 1899 4441 detrimento:
1935 4378 1971 4439 et

604 4505 651 4557 ex
676 4484 801 4579 Spiritu
834 4494 973 4574 sancto,
1010 4496 1109 4580 atque
1143 4508 1189 4556 ex
1221 4489 1384 4577 sanguine
1410 4483 1591 4578 Virginali,
1627 4507 1761 4558 carnem
1795 4484 1908 4572 maluit,
1935 4492 1970 4555 et

603 4592 623 4635 ‘³
648 4602 785 4693 imagini
812 4600 1034 4693 configuratus
1062 4613 1130 4692 est,
1156 4600 1407 4696 libertatemque
1434 4599 1524 4672 dedit
1544 4599 1731 4692 J'acentibus
1757 4603 1790 4672 in
1816 4608 1967 4695 peccato.

710 4716 861 4788 Eteonos
885 4737 1010 4787 nocem.
1064 4716 1212 4813 Cumque
1238 4718 1486 4791 Testamentum
1513 4737 1649 4807 novum,
1675 4738 1740 4813 qno
1760 4728 1858 4789 vetus
1879 4714 1969 4787 abo-

602 4831 729 4904 leretur
753 4832 889 4904 tradere
915 4831 1034 4921 vellet,
1060 4855 1180 4927 panem
1209 4834 1225 4871 ⁴
1250 4832 1494 4923 fermentatum,
1520 4834 1637 4927 inquo
1658 4835 1852 4930 mysterium
1876 4835 1968 4904 vitae

590 4939 794 5041 tegebatur,
823 4950 968 5043 accepit,
996 4960 1029 5021 et
1057 4947 1163 5021 oculis
1189 4950 1323 5022 intentis
1350 4949 1516 5042 aspiciens
1549 4946 1592 5020 ad
1624 4957 1659 5020 te
1691 4949 1809 5037 Pater,
1841 4951 1968 5041 gratias

603 5066 694 5155 egit,
719 5063 748 5151 †
773 5061 965 5153 benedixit,
991 5064 1020 5152 †
1046 5063 1282 5153 sanctificavit,
1307 5064 1337 5152 †
1361 5062 1481 5156 fregit,
1507 5056 1729 5159 porrexitque
1751 5062 1968 5135 discumben-

603 5176 692 5252 tibus
717 5183 752 5251 in
778 5201 885 5252 coena
913 5202 973 5253 sua
1007 5179 1139 5251 dicens:
1170 5180 1343 5276 Accipite,
1369 5180 1540 5252 vescimini
1574 5201 1619 5251 ax
1652 5199 1704 5252 co.
1757 5178 1831 5251 lloc
1869 5175 1883 5216 ³
1916 5186 1969 5250 ost

558 5347 562 5352 -
603 5316 684 5367 caro
711 5319 806 5386 mea,
834 5319 920 5392 quae
946 5318 1009 5391 pro
1036 5295 1186 5370 omnibns
1212 5294 1378 5389 fidelibus,
1404 5293 1482 5367 mibi
1514 5293 1767 5368 adhaerentibus
1802 5293 1967 5387 dividitur,

643 5433 767 5477 ramma
1000 5459 1002 5462 -
1714 5410 1765 5485 47
