5150 6534
612 795 688 875 292
1118 794 1477 873 tttuttttt
1592 866 1597 872 .

614 987 669 1078 qui
696 982 818 1055 cultum
842 984 908 1056 Dei
934 982 1179 1070 stabiliverunt,
1215 1003 1331 1054 eorum
1359 984 1416 1076 qui
1440 983 1612 1074 angustias
1638 990 1673 1053 et
1697 983 1864 1056 eruciatus
1891 982 1987 1060 mvl-

611 1110 664 1172 tos
699 1122 761 1195 pro
792 1099 949 1172 Ecclesia
982 1108 1037 1171 tua
1063 1109 1178 1198 sancta
1212 1100 1308 1193 passi
1339 1107 1416 1170 suut
1450 1106 1485 1168 et
1516 1100 1740 1171 sustinuerunt
1771 1108 1808 1172 et
1836 1099 1986 1196 populos

613 1213 730 1287 atheos
772 1214 815 1288 ad
852 1214 1082 1288 adorationem
1121 1216 1167 1285 tui
1204 1223 1460 1301 converterunt,
1500 1216 1769 1309 superstitionem
1806 1212 1989 1294 tadum

612 1329 881 1421 confutaverunt,
908 1341 942 1404 et
966 1330 1176 1428 garrulitates
1201 1328 1444 1402 baereticorum
1470 1329 1680 1421 reteDeruut,
1705 1329 1806 1404 fidem
1835 1342 1989 1427 aposto-

610 1446 709 1518 licam
735 1446 1024 1543 praedicaverunt,
1051 1448 1261 1541 omniumque
1287 1456 1438 1517 ausurum
1464 1447 1592 1519 auinas
1623 1447 1657 1528 iu
1691 1456 1724 1518 te
1749 1444 1990 1521 confirmave-

611 1572 702 1633 runt:
736 1573 772 1634 ut
797 1584 859 1657 per
884 1565 1053 1636 orationes
1085 1583 1201 1633 eorum
1232 1564 1325 1656 pias,
1360 1571 1496 1633 avertas
1530 1584 1559 1645 a
1583 1559 1679 1645 uobis
1711 1583 1829 1637 omnes
1863 1566 1986 1656 virgeas

611 1677 745 1766 luroris,
772 1689 806 1750 et
832 1681 1031 1751 tentationes
1058 1676 1224 1765 difficiles3
1251 1677 1519 1773 tranquillitatem
1552 1686 1587 1751 et
1616 1699 1735 1773 pacem
1769 1700 1859 1773 quae
1893 1701 1914 1749 a
1950 1689 1987 1751 te

613 1806 674 1878 est,
702 1793 852 1866 concede
879 1792 991 1867 nobis:
1018 1805 1053 1867 et
1077 1803 1211 1890 praesta
1236 1791 1335 1866 nobis
1368 1804 1404 1866 ut
1430 1797 1499 1865 vita
1531 1790 1631 1895 beata
1657 1792 1888 1888 perfruamur,
1920 1815 1990 1888 per

612 1932 727 1982 eorum
755 1908 1027 1997 obsecrationes,
1062 1913 1138 2003 quia
1164 1920 1199 1980 tu
1224 1908 1351 1999 bonus,
1378 1918 1413 1983 et
1436 1909 1559 1981 multae
1584 1908 1836 1983 misericordiae
1861 1917 1899 1983 et
1923 1907 1990 1983 tibi

612 2025 754 2118 gloriam
780 2025 968 2115 referimus,
990 2035 1030 2098 et
1054 2028 1224 2117 unigenito
1251 2026 1337 2099 Filio
1365 2036 1434 2113 tuo,
1460 2036 1496 2098 et
1520 2026 1655 2121 Spiritu
1680 2034 1797 2097 sancto
1821 2033 1892 2100 tuto.
1951 2013 1952 2016 ¹

718 2142 881 2235 Populos.
929 2143 1049 2215 Amen.

715 2251 891 2330 θαοένιιοι
916 2257 1107 2328 inclinatus.
1158 2257 1281 2329 lterum
1307 2265 1475 2329 memento
1501 2255 1644 2329 Domine
1677 2280 1794 2348 eorum
1823 2258 1986 2346 omnium,

613 2378 668 2469 qui
695 2373 745 2446 ab
764 2374 915 2461 Adamo,
943 2372 1158 2466 bucusque,
1184 2372 1334 2445 moribus
1360 2375 1431 2444 suis
1466 2370 1524 2443 tibi
1558 2371 1773 2467 placuerunt,
1806 2383 1841 2447 et
1872 2373 1917 2445 ael
1951 2385 1986 2446 te

603 2489 754 2586 proiecti
781 2501 871 2563 sunt:
897 2491 1077 2584 praecipue
1102 2510 1188 2562 vero
1215 2509 1332 2559 eorum
1358 2490 1414 2582 qui
1446 2476 1621 2583 praeclare
1652 2491 1926 2561 ministraverunt
1951 2499 1988 2561 ct

613 2608 802 2680 servierunt
827 2597 942 2678 eoram
968 2613 1017 2676 te:
1053 2601 1272 2676 Sacerdotem
1305 2602 1468 2691 fidelium,
1501 2607 1556 2697 qui
1589 2604 1870 2700 dispensationem
1899 2628 1985 2701 mv-

614 2722 791 2795 steriomm
817 2731 945 2792 tuomm
972 2718 1169 2793 Sanctomm
1196 2721 1408 2791 commissam
1442 2740 1524 2790 suae
1556 2718 1632 2790 fidei
1664 2720 1867 2794 babuerunt:
1892 2723 1985 2794 Dia·

614 2844 840 2929 canonumque
867 2838 922 2930 qui
955 2840 1081 2907 animas
1108 2857 1188 2907 suas
1214 2849 1249 2910 et
1274 2834 1388 2930 populi
1421 2838 1466 2906 tui
1498 2834 1605 2907 fidelis
1641 2835 1918 2931 purificavemut‚
1950 2845 1984 2908 et

613 2955 702 3023 omni
728 2950 843 3024 Ordini
868 2955 924 3046 qui
949 2954 1131 3024 ministerio
1159 2950 1359 3022 sacerdotali
1385 2949 1539 3043 aDigatus
1566 2960 1637 3041 est,
1664 2964 1698 3025 et
1724 2974 1843 3037 eorum
1867 2953 1925 3046 qui
1949 2952 1983 3022 ‘m

612 3067 677 3143 fide
717 3076 810 3138 recta
852 3079 907 3140 tua
943 3069 1161 3141 consummati
1200 3079 1291 3139 sunt:
1323 3070 1470 3140 maxime
1502 3088 1587 3139 vero
1626 3068 1760 3140 Petrum
1792 3077 1981 3140 noseorum

613 3183 837 3278 corporalium
864 3193 899 3255 et
924 3182 1158 3279 spiritualium,
1185 3204 1368 3276 eorumque
1394 3205 1533 3276 quorum
1559 3183 1667 3255 nuDus
1694 3194 1747 3257 est
1777 3187 1835 3278 qui
1859 3186 1981 3256 memi-

611 3303 715 3387 nerit,
742 3297 804 3372 sed
831 3311 883 3372 est
909 3299 997 3394 apud
1020 3308 1055 3371 te
1082 3319 1197 3371 eorum
1213 3300 1506 3390 commemoratio.

716 3416 867 3487 Elecoas
892 3438 1017 3488 vocene
1070 3416 1174 3507 Igitur
1197 3436 1261 3510 per
1285 3414 1478 3509 praeclarus
1495 3416 1728 3488 miserationes
1753 3425 1842 3505 tum,
1866 3436 1981 3488 eorum

548 3608 550 3616 ,
614 3531 807 3604 recordatus
833 3531 996 3618 Domine,
1031 3542 1065 3603 et
1089 3535 1124 3602 in
1156 3534 1230 3604 sinu
1256 3529 1414 3603 Abrabae
1448 3535 1591 3626 prietem
1622 3532 1686 3604 illis
1722 3542 1919 3626 praestans,
1947 3541 1981 3606 et

615 3647 657 3719 ad
683 3669 834 3719 mensam
859 3647 948 3720 illam
976 3658 1064 3720 mam
1090 3646 1329 3739 intelligibilem
1355 3670 1417 3720 eos
1443 3648 1631 3736 collocans,
1657 3670 1722 3721 nec
1747 3668 1817 3719 non
1842 3655 1981 3744 peecata

612 3762 743 3835 illorum
769 3766 1051 3857 praetermittens,
1078 3767 1239 3859 propitios
1266 3775 1340 3835 esto
1373 3763 1438 3835 illis
1472 3775 1610 3859 propter
1642 3765 1874 3837 miserationes
1908 3775 1980 3837 tuos

613 3879 751 3968 multas,
779 3890 812 3952 et
838 3902 900 3953 nos
927 3890 962 3951 et
987 3880 1063 3953 illos
1090 3879 1209 3972 dignos
1243 3881 1336 3952 ellico
1371 3879 1495 3972 gaudio
1528 3880 1584 3952 illo
1617 3878 1863 3968 indefectibili„
1881 3888 1917 3951 ut
1930 3933 1933 3940 .
1946 3881 1980 3950 iu

613 3995 803 4069 habitaculo
829 3997 950 4086 beato,
976 4001 1010 4069 in
1036 3996 1145 4089 gloria
1171 4008 1362 4069 sanctorum
1389 4005 1516 4069 trorum
1544 3996 1713 4069 laetemur.
1765 3992 1811 4066 Et
1819 3993 1982 4087 jamimle

613 4115 845 4185 remissionem
871 4116 1130 4208 insipientiamm
1157 4123 1345 4187 nostrarum
1370 4109 1469 4186 nobis
1495 4111 1661 4201 concede,
1688 4110 1900 4207 quianullus
1932 4120 1984 4183 est

615 4232 670 4322 qui
697 4232 791 4299 vivat
816 4239 850 4299 et
874 4250 942 4302 non
967 4239 1104 4324 peccet,
1132 4240 1189 4301 aut
1213 4250 1316 4323 purus
1342 4230 1385 4300 sit
1411 4253 1432 4301 a
1458 4227 1612 4301 sordibus
1639 4238 1673 4299 et
1686 4225 1823 4301 maculis
1842 4229 1984 4322 peceati,

594 4346 678 4415 ‘ntsi
714 4364 798 4416 uuus
831 4344 923 4418 solus
955 4346 1117 4417 Dominus
1153 4344 1244 4416 Deus
1285 4354 1319 4414 et
1352 4344 1511 4417 Salvator
1543 4356 1660 4418 noster
1695 4344 1797 4419 lesus
1833 4341 1985 4417 comus

598 4462 803 4552 'unigenitus
829 4460 914 4533 lilius
940 4471 1036 4551 tuus,
1062 4484 1123 4557 per
1149 4482 1245 4554 quem
1271 4481 1335 4533 nos
1368 4484 1499 4555 quoque
1532 4463 1763 4534 miserationes
1798 4480 1985 4556 speramus.

719 4575 881 4669 Populos.
933 4578 1053 4649 Amen.

719 4691 908 4763 Diaconos.
962 4692 1115 4778 Quietem
1140 4699 1285 4787 praesta.

718 4806 902 4879 Scoertloa
957 4807 1109 4893 Quietem
1135 4815 1270 4904 praesta
1302 4805 1465 4895 Domine,
1497 4809 1687 4897 animabus,
1720 4805 1920 4903 corporibus
1952 4814 1989 4879 et

615 4921 783 5019 spiritibus
811 4944 926 4995 eorum
953 4927 1097 4997 omnium
1129 4926 1183 5018 qui
1210 4933 1392 5018 praecepto
1420 4934 1476 4996 tuo
1501 4924 1632 4997 liberati
1663 4922 1704 4996 ab
1738 4923 1803 4995 boc
1834 4920 1988 5010 saemle,

614 5040 650 5109 in
685 5035 749 5109 lide
788 5038 976 5111 orthodoxa
1010 5040 1053 5112 ad
1087 5050 1120 5112 te
1155 5044 1400 5132 migraverunt:
1438 5061 1501 5111 nee
1537 5039 1696 5114 ascendat
1727 5037 1990 5135 chirographum

616 5164 830 5250 peccatorum
865 5156 995 5229 illorum
1031 5167 1064 5229 et
1094 5167 1302 5245 nostrorum,
1336 5154 1377 5227 ad
1407 5155 1566 5249 Judicium
1599 5166 1742 5248 rectum,
1775 5160 1810 5229 in
1843 5156 1900 5229 (lie
1929 5155 1991 5228 illa

612 5269 790 5342 nemenda
814 5260 1056 5363 retributionis,
1083 5271 1144 5344 sed
1170 5294 1232 5368 per
1264 5269 1497 5344 abundantiam
1531 5261 1661 5363 gratiae
1696 5282 1788 5362 tuae,
1821 5273 1991 5368 propitius
