5150 6534
859 832 900 907 ut
925 828 1131 906 laundun
1157 828 1302 905 tuddul
1327 828 1412 905 SIVE
1438 828 1617 922 rotoma,
1645 845 1696 906 uc.
1901 828 1974 904 521

601 1017 768 1080 orationem
791 1013 890 1076 multis
913 1014 944 1075 iu
966 1013 1043 1075 locis
1058 1046 1060 1051 ·
1076 1012 1319 1074 obscurissimam
1349 1011 1480 1088 iaciunt,
1510 1021 1542 1099 ut
1573 1013 1735 1091 literalem,
1768 1012 1848 1093 quod
1879 1021 1979 1075 tamen

600 1122 741 1197 quamam
764 1112 847 1175 licuit
870 1113 969 1174 conati
992 1130 1106 1190 sumus,
1130 1129 1234 1173 eorum
1264 1112 1543 1191 interpretationem
1568 1111 1651 1189 dare,
1675 1112 1860 1192 impossibile
1884 1130 1978 1193 saepe

600 1212 701 1276 luerit.
732 1211 823 1274 Extat
845 1210 921 1272 haec
943 1210 1080 1292 Litargia
1102 1212 1132 1272 in
1157 1209 1319 1272 Codicibus
1344 1209 1527 1272 Colbertinis
1550 1219 1580 1272 et
1597 1212 1800 1291 Seguierianis
1824 1213 1895 1273 satis
1920 1230 1977 1273 an-

600 1314 700 1392 tiquis,
724 1329 789 1373 cum
813 1311 873 1373 levi
897 1310 1054 1371 admodum
1078 1310 1234 1384 varietate,
1257 1316 1326 1370 nata
1350 1309 1562 1390 utplurimum
1587 1330 1626 1371 ex
1649 1329 1757 1371 vocum
1780 1309 1979 1386 obscuritate,

601 1429 675 1494 quas
697 1410 899 1472 verisimiliter
921 1408 1061 1470 librarius
1084 1426 1145 1469 non
1169 1407 1364 1489 intelligebat.

687 1507 823 1571 Praefert
851 1517 950 1570 autem
979 1508 1161 1569 sinceritatis
1190 1514 1276 1568 notas
1300 1525 1419 1581 omnes,
1455 1525 1533 1586 quac
1563 1508 1592 1568 iu
1621 1508 1765 1570 similibus
1795 1507 1905 1569 Officiis
1936 1508 1975 1570 ad

602 1608 818 1671 conciliandam
845 1607 902 1669 illis
934 1607 1122 1670 autoritatem
1157 1613 1285 1685 possunt
1315 1605 1491 1667 desiderari.
1548 1606 1656 1667 Forma
1686 1609 1763 1667 enim
1791 1608 1973 1687 reliquarum

601 1706 802 1790 liturgiarum
825 1706 1014 1787 dispositioni
1036 1704 1182 1765 simillima
1206 1713 1262 1782 ost,
1287 1703 1377 1765 etad
1400 1722 1586 1765 communem
1611 1705 1668 1766 illis
1692 1704 1826 1766 ordinem
1850 1715 1973 1766 accom-

600 1806 730 1870 modata.
779 1805 952 1868 Sententiae
975 1806 1096 1866 omnino
1120 1804 1245 1877 similes,
1268 1803 1396 1882 insignia
1420 1801 1457 1864 de
1482 1805 1610 1865 veritate
1633 1805 1769 1882 corporis
1794 1812 1823 1866 et
1845 1806 1974 1886 sangui-

601 1905 648 1967 nis
672 1904 782 1967 Christi
805 1905 834 1965 in
852 1905 1057 1979 Sacramento,
1081 1902 1250 1964 testimonia
1275 1901 1347 1961 nihil
1363 1900 1502 1963 habentia
1516 1904 1655 1963 nouitatis
1673 1912 1723 1964 aut
1737 1904 1973 1983 peregrinitatis,

601 2004 657 2066 sed
670 2004 866 2066 Orientalium
890 2002 989 2080 fidem,
1014 2009 1057 2062 tot
1069 2001 1134 2062 aliis
1150 2001 1347 2062 monumentis
1360 2000 1562 2062 conhrmatam
1580 2004 1848 2081 repraesentantia.
1873 2004 1974 2066 Verba

603 2099 714 2164 Christi
743 2102 861 2164 Domini
891 2102 1150 2162 consecrationem
1182 2099 1338 2160 efficientia
1369 2098 1558 2176 reseruntur,
1591 2108 1623 2162 ut
1651 2100 1743 2180 uulgo
1771 2102 1800 2160 iu
1831 2101 1974 2184 Liturgiis

601 2198 804 2264 Orientalibus
827 2201 865 2262 ad
890 2200 1073 2262 Graecarum
1097 2197 1233 2272 sormam,
1256 2198 1314 2257 nisi
1338 2198 1418 2277 quod
1447 2200 1475 2259 iu
1499 2200 1555 2260 ista
1579 2198 1725 2277 adjicitur,
1750 2198 1815 2260 lloc
1836 2210 1882 2260 est
1903 2221 1975 2262 cor·

595 2319 775 2379 masmanna
797 2319 912 2374 cerrum,
936 2306 966 2361 et
988 2299 1045 2360 Hic
1068 2307 1113 2358 ert
1135 2299 1259 2376 snrtpnis
1287 2315 1371 2355 noeirs
1393 2298 1495 2358 eicos:
1524 2315 1581 2377 qua
1610 2298 1638 2357 in
1670 2296 1819 2358 additione
1848 2300 1875 2359 si
1897 2318 1974 2378 pec-

601 2399 680 2464 cavit
703 2397 811 2474 butor,
835 2396 872 2459 de
897 2415 956 2478 quo
981 2397 1061 2458 nulla
1085 2396 1221 2475 quaestio
1245 2401 1301 2469 est,
1326 2412 1392 2454 curn
1416 2394 1490 2455 tinec
1515 2394 1584 2456 alibi
1607 2395 1674 2456 inse
1699 2403 1822 2457 tractata
1847 2395 1973 2461 luerint:

601 2503 631 2557 at
654 2515 728 2558 sane
751 2504 856 2557 contra
879 2514 981 2557 veram
1006 2496 1043 2556 dc
1067 2494 1253 2555 Eucharistia
1277 2492 1363 2553 hdem
1388 2511 1447 2554 nou
1473 2493 1626 2573 peccarit3
1651 2493 1817 2556 cumliaco
1841 2497 1973 2575 epitheta

601 2595 660 2657 duo
683 2613 743 2656 non
768 2602 884 2657 temere
909 2596 1007 2675 posita
1031 2595 1100 2670 sint,
1124 2600 1156 2654 ut
1170 2592 1320 2671 suspicari
1340 2593 1485 2674 quispiam
1500 2599 1614 2673 posset,
1638 2595 1816 2671 praesertim
1840 2598 1974 2660 intanta

600 2699 720 2772 tamque
743 2693 838 2755 effusa
862 2695 1024 2756 verborum
1048 2693 1146 2771 copia.
1192 2691 1251 2753 Sed
1275 2690 1392 2751 duobus
1422 2691 1479 2753 illis
1511 2692 1613 2752 verbis
1640 2691 1773 2766 loannes
1802 2694 1974 2759 l‘atriarcha

601 2791 724 2854 totidem
753 2810 876 2854 errores
907 2812 947 2854 cx
974 2809 1097 2853 suorum
1127 2789 1332 2852 Jacobitarum
1363 2790 1466 2850 ultimis
1496 2789 1652 2870 depellere
1683 2791 1856 2871 satagebat,
1886 2797 1912 2855 si
1943 2797 1974 2856 in

601 2899 682 2952 tanta
706 2890 943 2953 Christianorum
975 2890 1170 2952 Orientalium
1201 2889 1369 2949 calamitate
1401 2895 1431 2949 et
1462 2890 1649 2969 ignorantia,
1681 2889 1748 2950 illos
1778 2910 1818 2952 cx
1848 2893 1974 2955 aliorum

602 2992 783 3052 commercio
807 2990 1004 3052 imbibissent.
1049 2989 1164 3049 Primus
1188 2996 1252 3048 crat
1275 2986 1419 3067 Eutychis
1443 2996 1473 3048 et
1495 2987 1691 3066 Apollinarii‚
1716 3005 1792 3067 quos
1815 2990 1846 3051 in
1869 2994 1974 3056 eadem

602 3092 750 3172 sententia
773 3087 866 3150 luisse
890 3089 1026 3165 eredunt,
1051 3088 1130 3167 (quod
1155 3086 1291 3148 Christus
1320 3084 1357 3147 de
1388 3084 1475 3147 coelo
1499 3103 1608 3166 corpus
1631 3086 1778 3164 habuerit,
1802 3075 1975 3172 nostrisque

602 3183 759 3249 dissimile:
784 3189 834 3268 qui
858 3205 945 3250 error
969 3187 1144 3262 destruitur,
1168 3186 1236 3246 dum
1259 3186 1288 3246 in
1312 3193 1502 3245 sacramento
1516 3204 1618 3246 rerum
1634 3185 1744 3247 Christi
1768 3204 1879 3267 corpus
1904 3209 1974 3252 esse

602 3277 797 3349 confitentur:
852 3286 999 3366 simulque
1040 3284 1149 3347 Juliani
1185 3283 1405 3344 Halieumassei
1444 3301 1532 3363 quem
1569 3284 1726 3346 Jacobitae
1763 3288 1973 3368 condemnant,

601 3381 798 3461 Phenica-siae,
822 3394 853 3447 ut
876 3387 932 3466 ipsi
955 3385 1056 3446 dicunt
1078 3384 1263 3464 rejiciuntur.
1307 3373 1407 3442 Alter
1423 3400 1509 3443 error
1532 3383 1556 3443 is
1588 3392 1634 3444 est
1657 3402 1744 3462 quem
1768 3393 1799 3444 ut
1822 3387 1881 3448 alio
1905 3387 1973 3448 loco

601 3481 828 3568 observavimus
851 3484 1038 3545 Nestorianis
1063 3483 1205 3559 tribuunt,
1228 3488 1306 3543 tcste
1329 3481 1476 3560 Dionysio
1500 3479 1662 3557 Barsalibi,
1695 3481 1774 3559 quod
1798 3485 1828 3544 in
1851 3485 1975 3547 Eucha-

601 3580 684 3643 ristia
708 3600 820 3663 corpus
845 3591 875 3644 et
898 3584 1022 3663 sanguis
1050 3582 1176 3643 bominis
1204 3580 1315 3643 Christi
1345 3587 1431 3656 sunt,
1467 3598 1527 3641 uon
1555 3580 1610 3641 Dei
1639 3580 1764 3642 hominis
1795 3582 1882 3646 lacti:
1915 3605 1975 3666 qam

600 3681 727 3759 ratione,
749 3682 904 3744 Jacobitae
930 3690 959 3742 nt
999 3699 1137 3757 carnem,
1168 3681 1208 3740 ita
1237 3679 1414 3760 sanguinem
1447 3677 1557 3740 Christi
1587 3680 1686 3741 viuum
1715 3688 1745 3741 et
1773 3682 1974 3748 vivificantem

597 3777 683 3858 juxta
713 3780 858 3861 Cyrillum
889 3780 1051 3860 appellant.
1109 3779 1287 3856 l‘araphrasi
1323 3784 1421 3837 autem
1454 3778 1626 3857 exprimere
1663 3780 1758 3841 verba
1789 3780 1973 3865 Euangeliou

601 3877 769 3958 adjiciendo
801 3897 837 3940 ea
868 3897 945 3958 quae
977 3880 1013 3940 ab
1048 3877 1252 3959 Evarrgelistis
1281 3884 1311 3937 et
1341 3875 1431 3936 Paulo
1462 3895 1522 3938 non
1554 3877 1741 3957 reseruntur,
1771 3882 1974 3945 vetustissima

602 3973 797 4039 Orientalium
821 3978 1009 4040 consuetudo
1032 3986 1089 4039 est.

1172 4237 1206 4306 2.
1244 4233 1405 4307 Cornedil.

695 4428 827 4505 Dromon
850 4440 938 4501 etiam
963 4438 1100 4501 Christus
1125 4440 1310 4514 comedisse,
1340 4442 1421 4521 quod
1444 4442 1474 4503 in
1498 4440 1649 4520 Coptieis,
1680 4442 1804 4505 Graecis
1834 4443 1975 4505 Alexan-

602 4540 705 4619 drinis,
728 4542 916 4604 Nestorianis
940 4550 970 4604 ot
995 4543 1129 4622 Syriacis
1152 4543 1218 4605 aliis
1232 4542 1377 4624 Litargiis
1400 4543 1506 4606 eodem
1529 4544 1618 4605 modo
1641 4545 1762 4626 legitur,
1786 4553 1817 4607 et
1839 4554 1974 4607 veterum

601 4640 761 4704 traditione
784 4639 986 4702 confirmatur.

688 4930 719 4996 3.
764 4918 836 4997 Cura
859 4931 967 4994 dicitur
988 4951 1027 4992 ne
1046 4929 1168 5008 tiammo
1191 4940 1296 5012 tnnpat
1316 4941 1449 5014 corpora
1471 4935 1593 5014 εἰφιαια
1616 4930 1785 4994 Chrismatc
1807 4940 1858 4994 tuo
1880 4952 1975 4995 cerce-

577 5033 702 5120 'rondo
724 5041 754 5096 et
774 5044 892 5110 sancto,
915 5034 1106 5115 perspicuam
1128 5034 1337 5115 probationem
1361 5041 1448 5096 autor
1469 5033 1673 5097 subministrat
1694 5029 1974 5094 doctrinanrtho-

603 5129 702 5193 doxae
724 5132 763 5195 de
787 5132 980 5196 Sacramenta
1002 5131 1261 5196 confirmationis:
1284 5142 1318 5196 ut
1339 5133 1507 5195 notavimus
1530 5133 1568 5195 ad
1591 5130 1677 5192 aliam
1692 5128 1867 5212 Litargiam.
1892 5130 1974 5192 llaec

602 5230 682 5292 enirn
704 5231 797 5293 verba
820 5231 990 5315 significant
1012 5230 1218 5294 characterem
1241 5230 1370 5312 Christi,
1404 5249 1472 5294 cum
1500 5234 1590 5313 signo
1620 5228 1721 5291 crucis
1744 5247 1784 5291 ex
1807 5228 1975 5291 Chrismato

600 5326 792 5409 impressum,
814 5331 1002 5413 gratiamque
1024 5330 1284 5395 sacramentalem.
