5150 6534
822 835 879 911 le
913 834 1130 913 unsronn
1160 817 1420 915 urrunnun.
1732 837 1805 913 om

438 1025 487 1080 tur
516 1037 577 1100 quo
608 1018 667 1081 dici
707 1019 800 1099 solet,
839 1020 905 1082 sive
939 1018 1101 1082 uerborum
1134 1028 1165 1082 et
1191 1022 1360 1088 sententiae
1395 1021 1571 1099 similitudo,
1605 1022 1740 1102 quamvis
1776 1023 1809 1085 in

388 1119 391 1126 '
436 1117 534 1199 prima
556 1118 691 1200 Liturgia
714 1136 772 1182 non
796 1126 881 1181 extet
902 1136 940 1181 eo
962 1119 1029 1199 ipso
1061 1117 1144 1198 loco,
1175 1120 1231 1183 sed
1261 1128 1420 1201 antequam
1447 1121 1685 1204 pronunciantur
1710 1120 1806 1184 verba

440 1216 550 1280 Christi
572 1220 806 1296 consecratoria,
828 1218 1083 1300 pauciorihusquc
1104 1219 1207 1282 verbis
1230 1220 1429 1287 contineatur.
1473 1220 1559 1284 Unde
1581 1212 1722 1283 eondlndi
1744 1238 1805 1283 non

437 1322 552 1378 temere
565 1322 675 1397 potest,
690 1317 860 1380 orientales
877 1319 1011 1400 quamvis
1021 1317 1245 1382 invocationem
1266 1320 1433 1383 secundum
1456 1320 1620 1401 simplicem
1641 1319 1807 1383 verborum

438 1433 545 1478 sonum
558 1415 737 1500 intelligant,
761 1435 820 1480 non
835 1425 943 1497 tamen,
968 1417 1049 1499 quod
1070 1418 1164 1502 vulgo
1186 1417 1260 1480 uiris
1283 1419 1380 1481 doctis
1403 1419 1452 1481 alii
1473 1425 1645 1495 suaserunt,
1667 1399 1734 1481 earn
1755 1426 1809 1481 aut

438 1516 559 1577 omnino
588 1517 806 1595 necessariam,
837 1524 888 1579 aut
916 1516 1010 1579 solam
1033 1516 1215 1580 ellectricem
1246 1519 1484 1582 consecrationis
1511 1536 1697 1601 agnoscere,
1726 1518 1808 1599 quod

438 1613 507 1676 alibi
537 1615 705 1677 accuratius
734 1617 939 1695 exposuimus.
985 1615 1097 1679 Verum
1128 1616 1157 1678 id
1187 1615 1381 1700 singulariter
1411 1617 1466 1680 hac
1493 1620 1523 1680 in
1546 1615 1672 1679 formula
1696 1617 1808 1679 obser-

440 1711 569 1774 vandum
583 1721 640 1792 est,
658 1714 738 1795 quod
754 1714 820 1777 sola
835 1716 913 1777 inter
935 1693 993 1777 lam
1017 1714 1123 1778 multas
1147 1715 1220 1779 alias
1244 1716 1318 1778 haec
1340 1717 1435 1779 verba
1458 1723 1676 1798 repraesentet,
1700 1725 1808 1779 trans-

437 1819 568 1875 metente
590 1833 628 1873 eo
650 1822 693 1890 te,
722 1822 751 1874 et
779 1815 987 1893 sanctificante
1010 1834 1068 1894 per
1091 1817 1294 1895 operationem
1314 1814 1447 1894 Spiritus
1468 1817 1585 1877 sancti:
1613 1802 1808 1893 praecitatum

436 1907 483 1989 τῷ
504 1901 669 1990 πνεύματί
691 1928 752 1974 σου
772 1909 818 1993 aqi
841 1903 937 1995 ἁγίῳ,
971 1932 1047 1993 quae
1070 1914 1213 1997 leguntur
1235 1917 1265 1976 in
1288 1913 1404 1976 Graeca
1427 1914 1563 1997 Liturgia
1587 1906 1805 1995 Chrysostomi.

438 2008 541 2071 Statim
564 2028 639 2073 vero
662 2010 824 2073 ructandum
847 2020 909 2090 est,
940 2011 1035 2093 Syros
1063 2011 1135 2075 illud
1157 2012 1282 2075 verbum
1304 1999 1514 2093 praeoptatam,
1542 2013 1622 2093 quod
1650 2015 1808 2095 praeteriti

436 2108 657 2194 significatione
677 2111 865 2173 recentiores
885 2110 967 2173 multi
987 2111 1214 2193 intelligendum
1230 2131 1298 2175 esse
1312 2112 1507 2191 contendunt,
1529 2112 1617 2175 aliter
1638 2116 1806 2194 accepisse,

437 2226 504 2269 curn
526 2228 584 2290 per
605 2211 794 2291 participium
818 2211 1036 2291 expresserint,
1060 2230 1095 2274 ea
1108 2211 1254 2293 particula
1274 2211 1513 2289 determinatum,
1537 2230 1616 2292 quae
1637 2213 1806 2294 praesentis

436 2309 580 2387 temporis
604 2309 846 2371 characteristica
869 2316 932 2371 est:
959 2310 1100 2374 Aoristos
1123 2328 1217 2392 porro
1241 2311 1364 2391 Syriaca
1385 2311 1487 2392 lingua
1510 2310 1639 2394 ignorat.
1685 2311 1806 2393 insigne

437 2424 558 2487 quoquc
582 2426 638 2469 nec
661 2402 781 2471 dubium
793 2408 869 2470 haec
883 2407 1011 2472 formula
1027 2410 1160 2472 continet
1173 2409 1356 2491 antiquitatis
1370 2409 1455 2470 istius
1470 2409 1636 2491 Liturgiae,
1659 2410 1806 2492 simulque

436 2506 561 2586 originis
590 2507 725 2588 ejusdem
753 2507 903 2571 indicium.
954 2508 1028 2571 Nam
1055 2498 1252 2588 μεταβαλών
1279 2510 1310 2570 in
1340 2508 1405 2571 sola
1435 2506 1642 2589 chrysostomi
1670 2509 1805 2591 liturgia

436 2604 560 2687 legitur:
592 2626 627 2668 ea
658 2615 755 2669 autem
786 2616 851 2669 erat
880 2607 1227 2689 Constantinopolitanae
1250 2607 1406 2670 Ecclesiae
1435 2626 1523 2688 quam
1544 2608 1701 2670 Nestorius
1724 2607 1806 2669 ohti-

435 2712 552 2782 nuerat,
575 2708 710 2787 propria.
761 2708 827 2769 Non
850 2707 978 2770 inaniter
997 2706 1091 2791 igitur
1114 2709 1178 2784 ejus
1201 2708 1321 2769 nomine
1343 2705 1479 2791 Liturgia
1502 2706 1694 2787 designatur,
1724 2722 1802 2787 quac

436 2812 551 2866 certum
582 2812 613 2866 et
642 2805 825 2887 singularem
855 2806 946 2868 habet
974 2806 1131 2869 Ecclesiae
1161 2807 1208 2868 cui
1237 2806 1407 2887 Episcopus
1431 2805 1584 2868 ordinatus
1605 2804 1706 2867 iuerat
1729 2803 1805 2865 cha-

385 2959 388 2966 ,
435 2913 596 2977 racterem,
625 2904 676 2984 qui
704 2905 729 2966 si
759 2904 795 2966 ah
819 2923 857 2967 eo
879 2906 1023 2986 scriptam
1044 2905 1123 2967 illam
1147 2923 1217 2968 esse
1240 2923 1301 2968 non
1323 2903 1412 2985 plane
1436 2904 1634 2978 demonstrat;
1665 2913 1803 2966 tamena

434 3005 538 3084 primis
569 3005 633 3084 ojus
657 3003 810 3085 discipulis
835 3005 885 3084 qui
910 3002 1170 3084 Constantinopoli
1192 2999 1345 3087 ingerant,
1368 3010 1579 3065 conservatum
1602 3001 1695 3065 luisse
1718 3002 1804 3064 veri-

434 3102 529 3164 simile
553 3103 672 3165 omnino
704 3112 766 3179 est,
797 3102 875 3165 unde
904 3103 1097 3166 consumatur
1118 3101 1272 3187 Liturgiac
1295 3103 1373 3164 ullius
1396 3102 1565 3184 antiquitas.
1610 3102 1683 3164 Eam
1706 3109 1805 3164 tamen

435 3201 508 3262 duas
539 3200 612 3262 alias
645 3218 704 3262 non
728 3219 875 3282 superare
904 3200 973 3264 inde
1003 3209 1136 3280 constat,
1166 3202 1245 3283 quod
1275 3202 1361 3279 illae,
1391 3204 1486 3283 prima
1516 3192 1694 3282 praesertim
1725 3218 1804 3281 quae

433 3300 650 3380 Apostolorum
679 3301 802 3377 dicitur,
833 3302 863 3362 in
892 3300 1071 3381 quotidianis
1099 3300 1209 3364 0illciis
1232 3310 1430 3383 usurpantur;
1459 3301 1554 3364 altera
1577 3301 1668 3363 certis
1691 3308 1803 3362 tantum

435 3398 557 3462 diebus:
579 3401 660 3463 unde
681 3401 879 3464 uetustiorem
902 3400 1026 3479 primam
1050 3418 1119 3462 esse
1143 3409 1279 3482 apparot,
1304 3419 1370 3462 eum
1393 3407 1425 3462 ut
1443 3416 1515 3462 mox
1529 3398 1638 3465 dictum
1661 3408 1708 3462 est
1729 3416 1802 3460 usus

434 3499 623 3580 quotidianus
646 3508 718 3563 nota
740 3502 778 3563 sit
801 3499 982 3581 antiquitatis
1005 3499 1181 3561 certissima.

519 3597 639 3661 Exilia
663 3607 761 3662 autem
784 3598 929 3680 particula
953 3598 1155 3668 invocationis
1179 3598 1307 3680 Spiritus
1330 3600 1442 3676 sancti,
1464 3597 1661 3659 firmissimum
1684 3594 1803 3656 ducitur

433 3697 580 3760 adversus
608 3698 812 3762 Protestantes
842 3707 1049 3782 argumentum
1076 3698 1114 3760 dc
1143 3698 1202 3761 fide
1224 3698 1473 3760 Nestorianorum
1500 3697 1579 3758 circa
1602 3713 1705 3758 veram
1728 3711 1802 3755 rea-

432 3794 552 3877 lemque
576 3798 852 3860 transmutationem
875 3797 1091 3861 elomentorum
1113 3798 1143 3859 in
1167 3805 1277 3879 corpus
1294 3796 1403 3860 Christi
1419 3804 1450 3858 et
1465 3797 1651 3878 sanguinem.
1682 3793 1801 3874 Quippe

433 3894 557 3974 Syriaca
585 3913 645 3958 vox
675 3915 777 3958 veram
809 3895 1099 3959 transformationem
1128 3895 1291 3979 significat:
1322 3897 1387 3959 lieri
1410 3904 1508 3958 autem
1531 3894 1610 3956 illam
1633 3900 1802 3976 agnoscunt

432 3993 648 4075 perspiritum
671 4003 821 4057 sanctum:
845 3996 903 4057 hoc
927 4004 974 4057 est
996 3996 1137 4059 divinitus
1161 4003 1191 4059 et
1213 4013 1329 4057 summo
1352 3994 1510 4069 miraculo;
1533 4011 1593 4055 non
1617 3993 1699 4055 utin
1722 3991 1801 4053 lide-

432 4093 477 4155 les
490 4093 666 4173 adveniens,
689 4093 788 4171 iaciat,
813 4102 844 4155 ut
867 4103 1047 4157 convertant
1069 4113 1126 4176 per
1147 4095 1236 4157 sudem
1259 4094 1407 4156 elementa
1431 4096 1461 4156 in
1484 4110 1596 4173 corpus
1619 4100 1650 4154 et
1672 4092 1801 4172 sangui-

431 4211 499 4254 nem
514 4192 634 4272 Christi,
659 4194 735 4256 adeo
759 4202 790 4256 ut
803 4193 942 4273 medium,
966 4195 1047 4273 quod
1062 4194 1154 4278 vulgo
1168 4194 1374 4256 Protestantes
1388 4193 1499 4269 dicunt,
1522 4211 1581 4274 quo
1605 4192 1802 4272 accipiuntur,

433 4292 507 4354 ides
538 4293 592 4354 sit:
623 4293 678 4355 sed
708 4301 740 4356 ut
768 4296 834 4374 ipsc
870 4293 999 4374 Spiritus
1035 4301 1157 4356 sanctus
1198 4293 1303 4354 alliciat
1337 4292 1414 4354 dona
1446 4293 1602 4373 proposita
1632 4298 1723 4370 atque
1752 4286 1802 4349 illa

432 4398 621 4471 transmutet,
651 4398 685 4454 ut
714 4392 793 4456 aliud
816 4393 887 4455 siant
910 4410 998 4473 quam
1021 4393 1100 4474 quod
1123 4392 1279 4466 videntum
1311 4399 1341 4453 et
1363 4391 1443 4472 quod
1466 4391 1549 4471 prius
1573 4388 1701 4451 lucrant.
1745 4384 1799 4445 llla

431 4508 506 4552 uero
537 4491 672 4553 miraculi
705 4492 793 4571 plena
823 4493 959 4573 operatio
988 4498 1129 4554 accurate
1160 4492 1190 4553 in
1221 4490 1327 4554 eadem
1358 4470 1495 4552 oratione
1524 4486 1732 4571 distinguitur,
1762 4481 1799 4543 ab

432 4589 526 4651 altera
548 4591 644 4672 gratia
667 4609 753 4672 quam
776 4569 914 4654 Ecclesia
941 4590 1089 4673 postulat,
1119 4611 1197 4672 quae
1226 4598 1272 4653 est
1302 4597 1334 4652 ut
1364 4589 1566 4666 Eucharistia,
1596 4589 1637 4648 ait
1663 4582 1800 4647 omnibns

431 4688 649 4766 accipientibus
670 4690 712 4751 ad
733 4692 827 4751 eitam
848 4698 1020 4766 aeternum,
1042 4698 1097 4755 ete.
1129 4691 1204 4753 adeo
1231 4697 1264 4751 ut
1286 4688 1335 4751 vel
1358 4689 1427 4751 inde
1449 4685 1636 4749 manifestum
1659 4684 1698 4746 sit
1720 4681 1800 4744 Bos-

432 4788 599 4865 sationem,
622 4787 786 4850 meudium
809 4797 840 4851 et
862 4790 1014 4870 reliquos,
1044 4791 1094 4870 qui
1123 4790 1159 4853 ad
1188 4790 1314 4852 fructum
1338 4807 1379 4851 ex
1400 4786 1594 4865 susceptione
1616 4781 1800 4848 sacramenti

433 4885 670 4966 percipiendum,
693 4896 785 4950 totam
808 4889 1009 4953 lrrvocationis
1032 4889 1209 4952 sententiam
1231 4886 1342 4952 reterri
1364 4885 1478 4962 volunt,
1500 4883 1671 4946 testimonio
1686 4880 1802 4943 Nasto-

432 4985 594 5064 rianorum,
617 4988 666 5067 qui
688 4987 745 5049 trac
767 4988 796 5049 in
819 4996 906 5070 parte
928 4988 1075 5054 haeretici
1097 5006 1157 5051 non
1179 4994 1259 5066 sunt,
1282 5002 1409 5067 prorsus
1432 4981 1537 5047 relelli
