5150 6534
793 864 1011 943 consumi
1049 864 1305 944 oluuoiioi
1345 863 1580 961 OlllllllTlS,
1618 882 1669 943 uc.
1852 869 1929 942 45⁷

555 1058 558 1062 ’
661 1050 823 1145 Populos.
876 1051 920 1122 Et
945 1073 1018 1122 cum
1047 1055 1162 1146 spiritu
1188 1062 1255 1124 tuo.

660 1167 858 1239 Sacerdos,
898 1166 1036 1239 Sursum
1064 1167 1178 1240 corda.

660 1282 822 1376 Populos.
875 1280 1045 1354 Habemus
1073 1283 1115 1355 ad
1142 1283 1329 1381 Dominum.

660 1398 845 1473 Sacerdos.
899 1397 1033 1470 Gratias
1062 1421 1210 1490 agamus.

659 1512 822 1606 Populos.
875 1512 1021 1605 Dignum
1048 1526 1081 1585 et
1103 1518 1227 1607 justum
1256 1524 1317 1585 est.

660 1626 836 1701 Sacerdos
867 1629 1059 1699 inclinatos.
1127 1627 1203 1700 Tibi
1235 1628 1374 1701 debetur
1407 1629 1579 1720 adoratio,
1611 1631 1669 1703 tihi
1704 1656 1844 1728 aequum
1878 1646 1931 1707 est

554 1748 682 1839 gratias
710 1767 835 1836 agere,
853 1755 886 1815 te
912 1743 1049 1815 laudare
1086 1754 1235 1839 oportet,
1268 1755 1303 1815 te
1332 1748 1457 1836 justum
1490 1757 1542 1818 est
1574 1746 1705 1843 hymnis
1743 1746 1928 1836 celebrare,

553 1858 613 1933 tibi
639 1852 777 1932 debetur
804 1858 977 1948 exaltatio,
1004 1868 1037 1930 te
1064 1859 1161 1931 decet
1186 1860 1307 1952 gloria,
1334 1870 1454 1954 quanta
1475 1860 1545 1934 dari
1572 1873 1685 1957 potest
1712 1866 1868 1952 maxima,
1896 1876 1929 1935 et
1995 1923 1997 1926 .

555 1973 598 2048 ab
626 1974 777 2048 omnibus
803 1997 897 2062 vere,
928 1978 1003 2069 quia
1031 1974 1139 2047 lactor
1167 1978 1312 2046 omnium
1339 1997 1386 2046 es.

659 2088 809 2160 mecam
827 2113 952 2161 uocem.
1007 2090 1059 2161 Tu
1076 2091 1221 2162 Domine
1248 2089 1356 2162 verbo
1385 2102 1440 2162 tuo
1461 2091 1592 2164 coelum
1611 2094 1731 2179 iecisti,
1759 2103 1792 2166 et
1811 2094 1928 2166 coelos

555 2205 747 2296 coelorum3
774 2204 940 2277 coelestes
973 2215 1145 2277 creaturas
1179 2204 1286 2278 verbo
1315 2216 1376 2278 luo
1398 2212 1541 2297 creasti,
1575 2219 1608 2279 et
1635 2210 1759 2304 Spiritu
1787 2213 1855 2280 oris
1883 2214 1929 2283 tui

554 2324 695 2393 virtutes
723 2324 910 2413 igneorum,
938 2343 1122 2415 omnesque
1149 2321 1283 2393 ordines
1317 2324 1549 2415 incorporeos,
1576 2333 1610 2393 et
1635 2324 1827 2412 llammeos3
1859 2347 1926 2395 na-

555 2448 646 2509 turas
673 2441 773 2508 etiam
798 2436 979 2508 rationales
1014 2438 1238 2523 terrestrium,
1273 2440 1327 2530 qui
1362 2439 1495 2507 animati
1530 2449 1605 2510 sunt
1638 2463 1684 2511 ex
1718 2441 1831 2533 spiritu
1860 2451 1925 2511 tuo.

556 2551 717 2626 Gamales
744 2552 862 2624 iisdem
889 2551 1040 2623 manibus
1068 2555 1131 2622 tuis
1160 2555 1283 2623 sanctis
1311 2551 1472 2641 formasti,
1500 2563 1533 2624 et
1559 2555 1749 2640 renovasti,
1784 2577 1857 2626 oum
1886 2556 1927 2625 de

554 2680 647 2741 novo
674 2691 735 2741 eos
763 2671 893 2740 creasti.
947 2665 1075 2738 Eodem
1110 2672 1234 2761 pariter
1267 2666 1384 2738 ordine
1410 2672 1552 2763 ipsoque
1579 2676 1733 2761 quantum
1760 2691 1926 2741 necessa-

554 2786 639 2855 rium
666 2805 743 2856 esse
770 2792 902 2879 poterat
928 2786 1257 2872 convenientissimo,
1285 2787 1423 2876 eosqui
1449 2784 1653 2855 circumdant
1679 2805 1809 2856 currum
1836 2785 1927 2857 illum

554 2920 752 2995 supernum,
788 2902 903 2992 etqui
936 2901 1026 2970 circa
1055 2898 1204 2971 thronum
1241 2898 1433 2969 inferiorem
1473 2910 1563 2971 sunt:
1597 2884 1748 2993 eosqui
1782 2905 1926 2972 animate

554 3013 721 3103 collocati,
749 3025 783 3086 et
809 3036 870 3086 eos
899 3017 953 3109 qui
980 3013 1108 3108 absquo
1144 3018 1250 3084 anima
1277 3014 1337 3086 bxi
1372 3024 1465 3100 sunt,
1502 3014 1701 3086 substantias
1738 3014 1926 3104 sensibiles,

555 3139 590 3202 et
616 3128 729 3202 turbas
757 3130 972 3225 spiritualium
999 3133 1166 3219 mentium,
1195 3151 1333 3224 quarum
1354 3128 1431 3201 illae
1449 3152 1550 3217 voce,
1577 3128 1654 3201 illac
1681 3151 1756 3199 cum
1784 3130 1925 3217 silentio,

554 3245 697 3338 gloriam
725 3245 974 3334 indesinentem,
1001 3244 1117 3318 laudes
1145 3255 1179 3316 et
1201 3243 1344 3341 hymnos
1372 3245 1500 3339 absque
1526 3245 1604 3334 fine,
1631 3245 1864 3333 exaltationes,
1892 3256 1926 3317 et

555 3360 834 3434 sanctificationes
862 3383 948 3456 quae
981 3365 1090 3433 auimo
1126 3359 1364 3455 comprehendi
1389 3382 1458 3431 non
1484 3369 1642 3455 possunt,
1676 3363 1804 3432 cantica
1839 3384 1925 3455 quae

551 3475 652 3549 finem
677 3498 744 3548 non
770 3473 904 3565 habent,
930 3478 1110 3567 gratiarum
1138 3479 1302 3548 actionem
1327 3473 1455 3569 absque
1482 3475 1624 3563 silentio,
1652 3487 1772 3547 canunt
1799 3476 1926 3548 divini·
1973 3559 1976 3566 Ι

553 3595 614 3666 tati
639 3600 729 3680 tuac,
756 3589 994 3685 triumphaliter
1021 3602 1054 3663 et
1083 3591 1216 3663 decore.
1256 3591 1397 3662 Terreni
1425 3578 1523 3660 etiam
1550 3614 1616 3663 uno
1644 3614 1812 3664 consensu
1838 3616 1925 3663 can-

551 3709 619 3780 tica
646 3728 707 3779 sua
733 3729 808 3778 cum
836 3705 1060 3801 spiritualibus
1097 3711 1288 3792 miscentes,
1317 3705 1451 3778 ordines
1481 3704 1688 3778 Clericorum
1722 3708 1817 3778 simul
1850 3730 1956 3781 cum,

552 3820 776 3909 coelestibus,
819 3821 1022 3913 glorificant:
1076 3827 1208 3914 agmina
1247 3821 1432 3893 Psaltarum
1471 3845 1544 3892 oum
1587 3822 1728 3914 Angelis
1767 3821 1924 3914 jubilant:

553 3938 774 4031 Anagnostae
801 3961 875 4009 cum
901 3938 1124 4032 Archangelis
1153 3948 1273 4009 canunt
1299 3938 1478 4009 honorem:
1516 3936 1657 4008 Ordines
1684 3936 1924 4025 Diaconorum,

553 4055 609 4148 qui
635 4052 843 4125 Pontificatui
869 4058 1071 4143 ministrant,
1099 4053 1295 4127 sacerdotes
1323 4064 1356 4124 et
1374 4052 1573 4124 sacerdotali
1600 4053 1706 4124 officio
1733 4052 1924 4146 iungentes,

552 4190 628 4267 cum
655 4168 776 4241 militiis
810 4170 1031 4260 coelestibus,
1064 4170 1159 4243 simul
1192 4172 1391 4260 conjunctim
1426 4167 1569 4238 laudaut.
1629 4168 1925 4266 Archipresbpteri

551 4290 586 4353 et
599 4281 760 4378 Episcopi
787 4307 861 4354 cum
878 4282 1020 4355 Thronis
1049 4293 1082 4354 et
1098 4282 1386 4355 Dominationibus
1411 4284 1525 4373 juncti,
1552 4288 1732 4373 gratiarum
1760 4288 1924 4354 actionem

552 4392 681 4491 absque
713 4398 781 4471 ullo
814 4400 944 4470 silentio
981 4403 1192 4486 continuant3
1224 4397 1458 4483 Patriarclrae,
1492 4396 1745 4492 Archiepiscopi
1780 4406 1813 4468 et
1843 4400 1923 4469 An·

550 4513 671 4600 tistites
697 4512 873 4587 Ecclesiae
901 4513 995 4605 hujus
1023 4514 1209 4603 inferioris,
1243 4519 1276 4585 in
1311 4513 1552 4586 similitudinem
1580 4511 1756 4585 Cherubim
1792 4522 1825 4583 et
1851 4511 1923 4582 Se-

551 4624 689 4721 raphim,
717 4632 795 4721 igne
822 4642 856 4702 et
880 4630 956 4702 luce
975 4635 1231 4716 coruscantium,
1259 4634 1315 4725 qui
1332 4629 1469 4701 sexalis
1485 4632 1604 4721 igneis,
1632 4627 1923 4723 contemplationis

551 4741 717 4814 timendae
744 4755 778 4815 et
805 4744 1009 4817 domesticae
1045 4746 1276 4842 resplendent;
1309 4748 1363 4840 qui
1397 4745 1523 4817 duabus
1556 4754 1673 4836 tegunt
1704 4746 1812 4838 capita
1844 4765 1922 4814 sua:

553 4852 681 4930 duabus
707 4859 822 4930 velant
848 4860 952 4954 pedes
980 4883 1076 4935 suos:
1104 4860 1232 4933 duabus
1259 4861 1376 4933 mediis
1399 4858 1581 4954 aequaliter
1608 4859 1691 4931 alter
1717 4858 1758 4931 ad
1786 4859 1923 4930 alterum
1950 4941 1951 4944 Ἴ

549 4968 716 5061 volantes,
744 4985 778 5045 et
804 4975 939 5047 decreta
961 4986 1186 5070 penetrantes,
1212 4980 1316 5050 trinas
1333 4975 1609 5049 sanctificationes
1635 4974 1693 5047 tibi
1719 4998 1808 5048 voce
1834 4998 1923 5047 con-

549 5106 646 5174 sona,
674 5100 804 5178 canunt,
833 5091 975 5162 clamant
1002 5102 1035 5162 et
1062 5090 1181 5161 dicunt.

655 5200 816 5294 Populos.
870 5205 1032 5293 Sanctus,
1059 5206 1219 5299 Sanctus,
1246 5208 1399 5281 Sanctus.
