5150 6534
944 869 1000 947 IN
1030 868 1319 945 citonatus
1355 869 1630 950 stainans.
1901 874 1974 950 109

601 1052 709 1129 Patris,
732 1052 785 1133 qui
806 1052 883 1115 tollit
904 1060 1029 1134 peccata
1051 1052 1163 1129 mundi,
1185 1057 1334 1115 mactatus
1356 1069 1413 1133 pro
1435 1052 1536 1114 mundi
1557 1057 1619 1117 vita
1643 1063 1673 1119 ct
1696 1057 1802 1121 salute.
1846 1057 1887 1120 Et
1908 1077 1977 1121 cum

601 1150 757 1213 discibuit
777 1169 870 1213 unam
888 1159 1009 1231 partem
1030 1153 1063 1213 in
1085 1152 1219 1230 sinpabs
1241 1152 1354 1213 calices
1374 1153 1458 1216 dicit.
1488 1153 1588 1216 Portio
1612 1162 1716 1217 sancta
1741 1154 1863 1233 Christi,
1885 1143 1976 1238 plena

601 1250 718 1330 gratiae
741 1257 774 1313 et
795 1250 932 1313 veritatis
955 1250 1051 1313 Patris
1081 1258 1111 1312 ct
1141 1248 1269 1330 Spiritus
1292 1250 1399 1327 sancti,
1422 1252 1471 1313 cui
1493 1251 1592 1334 gloria
1614 1260 1645 1314 et
1667 1253 1824 1333 imperium
1845 1254 1877 1315 in
1900 1273 1975 1317 sae-

603 1348 671 1411 cula
693 1350 894 1414 saeculorum.
939 1348 1007 1412 Non
1028 1350 1069 1411 ita
1097 1350 1228 1425 omnino,
1251 1350 1392 1409 unionem
1421 1351 1593 1430 specierum
1623 1349 1748 1413 duarum
1770 1350 1883 1413 faciunt
1905 1352 1975 1433 ple-

602 1446 691 1527 rique
714 1448 894 1525 orientales,
918 1448 973 1510 sed
996 1466 1102 1529 parum
1130 1447 1242 1509 relert:
1273 1465 1340 1509 cum
1369 1447 1507 1510 omnibus
1535 1449 1662 1511 solenne
1690 1450 1739 1529 sit,
1761 1457 1795 1511 ut
1818 1452 1848 1511 in
1870 1451 1975 1514 Latina

601 1544 751 1623 Ecclesia,
773 1548 950 1628 particulam
972 1564 1071 1626 unam,
1094 1548 1144 1609 vel
1167 1546 1271 1628 plures
1295 1546 1380 1608 calici
1403 1548 1571 1609 immittere.

688 1646 846 1719 Quomodo
870 1646 1008 1727 Coptitac
1037 1647 1117 1708 illam
1151 1646 1315 1709 observent
1336 1645 1434 1708 videri
1456 1653 1560 1727 potest
1581 1647 1611 1707 in
1634 1645 1753 1709 illorum
1776 1646 1921 1729 Liturgia,
1945 1656 1976 1712 et
2024 1662 2096 1716 maus
2120 1665 2248 1720 lautam
2273 1675 2294 1721 et

601 1745 633 1806 in
656 1744 878 1809 Commentario
900 1746 937 1808 ad
960 1764 1029 1808 eum
1051 1746 1166 1807 locum:
1198 1743 1303 1824 plures
1327 1753 1425 1806 autem
1449 1763 1537 1824 quarn
1568 1742 1637 1824 Syri
1659 1748 1865 1808 caeremonias
1889 1748 1976 1809 adbi-
1990 1752 2101 1804 mous.

603 1845 685 1921 bcnt,
710 1862 835 1925 quarum
858 1853 957 1907 tamen
981 1863 1040 1907 una
1063 1852 1111 1907 cst
1132 1844 1257 1905 intentio
1281 1852 1312 1906 et
1340 1844 1531 1926 significatio.
1580 1842 1637 1905 Ubi
1667 1843 1775 1907 Oblata
1798 1855 1977 1911 consecrata
2033 1919 2036 1931 Ι

602 1945 702 2004 statim
724 1943 754 2005 in
777 1943 884 2006 multas
907 1951 1010 2023 partes
1033 1943 1176 2007 dividitur
1197 1962 1238 2004 ex
1261 1944 1375 2025 majori,
1399 1960 1488 2024 quam
1509 1931 1694 2005 Σπουδικὸν
1715 1952 1825 2006 vocant
1840 1943 1976 2009 Graecae

602 2042 758 2125 Litargiae
780 2040 1015 2120 Alexandrinae,
1046 2041 1127 2104 unde
1150 2041 1290 2122 Coptitac
1318 2059 1404 2102 suum
1430 2041 1601 2117 lebedicon,
1625 2048 1675 2102 aut
1703 2040 1879 2103 Asbcdicon
1908 2042 1978 2107 lor-

603 2150 771 2218 maverunt,
794 2142 983 2222 consignatio
1006 2141 1039 2203 srt
1061 2142 1176 2220 calicis,
1199 2149 1230 2202 et
1252 2140 1376 2202 aliarum
1399 2140 1623 2220 particularum.
1660 2140 1694 2203 ln
1716 2141 1853 2202 omnibus
1877 2150 1977 2204 autem

602 2238 748 2321 Liturgiis
778 2239 1000 2318 Orientalibus,
1028 2241 1134 2303 eadem
1169 2257 1268 2320 prope
1302 2238 1457 2300 fractionis
1493 2238 1571 2301 ratio
1610 2246 1666 2302 cst.
1716 2239 1791 2300 Nam
1822 2238 1860 2299 ab
1892 2242 1976 2305 initio

603 2337 711 2401 Oblata
732 2339 762 2400 in
785 2339 893 2401 multas
915 2348 1019 2420 partes
1042 2339 1197 2401 dividitur:
1229 2337 1396 2400 Particulae
1425 2356 1503 2418 quac
1532 2337 1618 2400 calici
1641 2338 1838 2400 immittuntur
1868 2347 1899 2402 et
1927 2343 1977 2403 in-

602 2438 768 2520 tinguntur,
792 2457 832 2499 cn
854 2439 967 2520 majore
990 2438 1040 2501 illa
1063 2446 1133 2500 sunt
1156 2456 1233 2519 quae
1256 2439 1285 2499 in
1309 2436 1408 2499 medio
1421 2437 1506 2499 disco
1529 2437 1705 2515 collocatur,
1729 2446 1760 2499 ct
1782 2438 1863 2499 circa
1887 2458 1976 2521 quarn

601 2535 680 2599 aliae
710 2537 817 2599 ordine
843 2538 1053 2619 disponuntur.
1090 2537 1157 2599 Alia
1176 2546 1275 2599 autem
1299 2543 1346 2600 est
1367 2538 1443 2597 ratio
1466 2535 1632 2615 fractionis,
1656 2555 1734 2617 quae
1758 2537 1789 2598 lit
1813 2536 1849 2597 ad
1873 2539 1976 2601 calicis

602 2635 861 2719 consignationem
885 2643 916 2698 et
938 2636 974 2698 ad
997 2635 1143 2697 Sanctam
1163 2638 1304 2698 unionem
1324 2622 1382 2718 τήν
1405 2623 1500 2717 c‘yc'ov
1522 2629 1652 2712 abaco,
1675 2642 1705 2697 et
1728 2636 1862 2700 aliarum.
1901 2636 1977 2699 Nam

601 2733 698 2814 prima
727 2735 758 2796 lit
791 2734 889 2796 statim
917 2742 1007 2815 atque
1036 2734 1114 2797 dona
1149 2743 1362 2816 proponuntur
1383 2735 1413 2796 in
1438 2734 1539 2795 altari:
1575 2734 1708 2810 secunda
1737 2735 1767 2795 in
1798 2735 1977 2814 quibusdam

601 2831 747 2894 Ecclesiis
771 2834 802 2894 in
823 2834 889 2913 ipsa
912 2834 1153 2912 consecratione,
1176 2853 1243 2897 curn
1271 2834 1379 2896 dicitur
1402 2839 1431 2894 cl
1449 2833 1551 2912 freqit,
1574 2834 1660 2914 cujus
1682 2831 1838 2894 fractionis
1862 2835 1975 2896 nullum

606 2937 691 2992 extat
711 2932 742 2994 in
765 2930 909 3013 Syrorum
930 2933 990 2994 ritu
1012 2932 1162 2995 indicium.
1207 2932 1309 2995 Tertia
1332 2950 1399 2994 cum
1426 2950 1464 2993 ex
1487 2931 1594 3012 majori
1616 2932 1772 3012 particula,
1796 2932 1854 2994 alia
1877 2934 1974 2996 demi-

605 3037 666 3109 tur,
689 3037 721 3092 ct
742 3031 828 3093 calici
850 3032 1027 3094 immittitur:
1051 3032 1164 3112 plures,
1189 3050 1257 3093 cum
1279 3031 1390 3093 calices
1413 3031 1622 3093 ministeriales
1635 3031 1687 3092 illa
1699 3032 1876 3093 admistione
1898 3051 1976 3094 cora-

602 3130 749 3210 fiamaadi
769 3138 847 3208 sunt,
871 3137 904 3193 ut
926 3132 1039 3211 antiqui
1060 3132 1157 3192 Latini
1180 3130 1313 3193 llitualcs
1336 3131 1508 3211 loquuntur.
1540 3129 1654 3201 Quarta
1676 3129 1796 3191 tandem
1820 3148 1887 3192 cum
1910 3138 1974 3193 tota

605 3226 713 3289 Oblata
736 3236 913 3292 consecrata
936 3231 967 3291 in
989 3230 1095 3292 mullas
1109 3229 1270 3311 particulas
1288 3229 1440 3303 dividitur,
1463 3236 1495 3288 ut
1507 3227 1722 3290 Sacerdotibus
1746 3228 1972 3310 distribuantur,

604 3333 674 3388 aute
697 3346 784 3408 quam
807 3328 886 3390 calix
908 3329 982 3409 ipsis
1004 3330 1197 3410 praebeatur,
1221 3338 1271 3390 aut
1294 3328 1380 3389 calici
1401 3327 1574 3389 immittatur
1597 3326 1805 3388 adLaicorunn
1829 3344 1974 3390 commu-

603 3426 733 3490 nionem.
779 3427 861 3490 llaec
883 3430 922 3491 ita
945 3447 980 3491 se
1002 3428 1115 3492 habere
1139 3448 1178 3492 ex
1206 3428 1329 3490 aliarum
1350 3426 1552 3509 Liturgiarum
1575 3434 1772 3506 aularumque
1794 3426 1973 3488 testimoniis

602 3522 792 3608 intelligitur:
816 3544 882 3588 cum
899 3527 1015 3590 Graeca
1027 3528 1159 3590 Rubrica
1181 3545 1268 3608 quam
1283 3526 1450 3603 retulimus,
1473 3525 1724 3606 aliquamhabeat
1746 3524 1972 3615 obscuritatem.

602 3622 709 3703 Neque
733 3626 812 3687 enim
835 3626 943 3689 eodem
971 3636 1121 3689 momento
1150 3627 1364 3689 coadunantur
1386 3625 1507 3703 calices,
1530 3642 1590 3705 quo
1613 3626 1645 3687 srt
1659 3611 1794 3696 Ἓνωσις
1823 3626 1853 3686 in
1875 3628 1973 3705 primo

510 3763 513 3768 -
603 3722 709 3799 calice,
733 3726 817 3806 cujus
841 3725 934 3788 solius
959 3727 1075 3809 Syriaci
1097 3726 1230 3787 llitualcs
1254 3727 1460 3788 meminerunt.
1513 3745 1516 3751 ·

690 3821 724 3883 ln
747 3823 852 3886 eadem
874 3823 991 3887 Graeca
1014 3825 1121 3887 Jacobi
1142 3825 1277 3906 liturgia
1304 3823 1502 3904 praemittitur
1522 3806 1650 3883 Ἑνώσει
1672 3839 1734 3884 non
1756 3822 1845 3884 modo
1869 3822 1972 3886 Oratio
2029 3840 2093 3894 Unio
2120 3841 2222 3909 quanda
2253 3840 2294 3892 aaa

603 3919 768 4001 Dominica,
792 3922 847 3986 sed
869 3924 1064 4004 proclamatio
1079 3923 1194 3985 Sancta
1210 3926 1344 3985 soractis:
1366 3922 1397 3983 in
1419 3924 1478 3984 ritu
1501 3922 1626 4002 Syriaco
1650 3922 1747 3984 eidem
1768 3923 1970 4006 subjungitur,
1987 3928 2036 3979 ritu
2052 3929 2169 3995 Syriaco·

604 4034 665 4098 quo
695 4021 723 4081 in
753 4021 877 4084 articulo
905 4024 1008 4104 potior
1028 4023 1147 4085 videtur
1170 4024 1303 4103 Syriaci,
1333 4040 1421 4103 quam
1443 4021 1551 4082 Graeci
1580 4019 1701 4091 Codicis
1732 4023 1885 4085 autoritas.
1935 4023 1975 4087 Ut

603 4118 681 4180 enim
704 4121 826 4201 saepius
848 4122 1040 4185 observatum
1064 4131 1120 4200 est,
1145 4116 1212 4183 cum
1238 4130 1360 4183 veteres
1383 4138 1487 4183 omncs
1510 4119 1663 4200 Liturgiae
1686 4120 1747 4182 sint
1770 4121 1884 4201 absque
1907 4121 1973 4183 llu-

601 4215 711 4298 bricis,
744 4221 770 4282 si
797 4222 917 4300 quanda
945 4223 975 4284 in
1006 4222 1169 4285 Codicibus
1200 4222 1409 4303 reperiuntur,
1442 4236 1503 4281 non
1532 4236 1654 4299 semper
1688 4228 1773 4280 recte
1809 4220 1974 4300 dispositae

603 4324 682 4394 sunt,
707 4319 787 4398 quod
810 4321 839 4382 in
863 4341 900 4385 eo
925 4323 1090 4404 contigisse
1113 4342 1152 4385 ex
1176 4340 1235 4402 quo
1256 4322 1373 4382 Graeca
1395 4319 1498 4394 editio,
1521 4326 1551 4379 et
1573 4317 1678 4379 Latina
1700 4319 1802 4381 versio
1826 4338 1975 4402 expressa

602 4424 662 4495 est,
684 4416 804 4481 videtur
827 4422 946 4485 omnino
968 4422 1141 4486 verisimile.
1188 4421 1263 4482 Nam
1288 4411 1380 4503 ‘Aylc
1409 4413 1531 4490 ἕνωσις,
1555 4417 1620 4478 sive
1644 4415 1720 4477 Unio
1743 4416 1867 4480 duarum
1897 4438 1975 4500 spe-

602 4516 726 4595 cierum,
751 4519 830 4580 actio
852 4519 990 4597 distincta
1013 4529 1059 4584 est
1085 4540 1102 4583 a
1128 4521 1286 4596 fractione,
1309 4537 1387 4600 quae
1411 4519 1442 4578 lit
1465 4516 1503 4577 ad
1534 4515 1738 4577 distribuenda
1770 4517 1974 4595 Sacramenta,

603 4616 685 4695 quod
708 4615 878 4681 Olllclorum
901 4621 1029 4682 omnium
1053 4620 1249 4685 Orientalium
1272 4627 1303 4682 et
1322 4616 1558 4682 Occidentalium
1581 4616 1759 4677 testimoniis
1783 4613 1975 4679 demonstra-

602 4721 661 4777 tur.
705 4715 830 4797 Neque,
859 4725 893 4778 ut
916 4738 986 4782 mon
1014 4719 1205 4796 dicebamus,
1236 4719 1324 4780 unica
1354 4717 1460 4780 fractio
1487 4723 1535 4778 est
1564 4715 1689 4795 proprie
1718 4714 1888 4797 loquendo,
1918 4716 1974 4778 sed

601 4813 769 4895 multiplex,
793 4825 823 4880 et
845 4817 993 4882 distincta.
1034 4820 1159 4882 Primam
1184 4836 1261 4899 quac
1284 4817 1316 4879 fit
1339 4835 1406 4879 cum
1429 4816 1537 4878 Oblata
1560 4813 1647 4876 altari
1667 4816 1838 4895 imponitur,
1863 4816 1974 4878 obser·

601 4904 676 4976 v'are
699 4915 793 4996 Syros
817 4936 857 4980 ex
879 4917 982 4981 Olllcio
1004 4918 1143 5003 generali
1166 4925 1298 4993 constat;
1329 4916 1492 4981 secundam
1516 4914 1573 4976 soli
1597 4913 1734 4994 Coptitae
1756 4914 1884 4976 iaciunt:
1907 4922 1974 4975 ter-

601 5013 671 5076 tiam
694 5015 733 5078 ad
756 5017 1025 5101 consignationem,
1049 5036 1163 5095 omnes,
1186 5026 1255 5080 ante
1278 5036 1367 5099 quam
1396 5016 1446 5079 fiat
1474 5015 1615 5091 elevatio,
1638 5032 1706 5075 cum
1728 5012 1836 5074 dicitur
1857 5012 1974 5074 Sancta
2009 5084 2010 5088 Ἰ

601 5116 737 5177 sanctim
760 5121 790 5178 et
811 5135 882 5180 mox
905 5126 1011 5198 quarta
1034 5126 1064 5180 et
1085 5117 1197 5195 ultima,
1226 5117 1294 5178 cum
1323 5118 1454 5198 majores
1476 5111 1642 5196 particulae
1672 5112 1702 5173 iu
1730 5111 1862 5174 minores
1884 5110 1973 5172 irau-

599 5221 730 5293 guntur,
765 5221 827 5277 tum
856 5214 894 5279 ad
922 5218 1159 5281 communionem
1193 5215 1405 5295 Sacerdotum,
1436 5223 1497 5277 turn
1528 5212 1564 5275 ad
1595 5210 1815 5275 confirmandos
1849 5210 1972 5285 calices,

599 5309 721 5374 tandem
744 5312 783 5375 ad
804 5312 1003 5381 immittendas
1026 5316 1099 5379 alias
1123 5312 1285 5393 calicibus,
1316 5334 1357 5378 ex
1384 5314 1491 5395 quibus
1522 5310 1764 5376 cum'cochleari
1785 5306 1973 5373 Eucharistia

1681 5427 1764 5503 17*
