5150 6534
905 1264 1418 1383 lllllllllld

682 1501 713 1580 S.
744 1501 915 1580 JhCOBl
949 1502 1178 1582 Apostoll
1208 1504 1409 1581 FRATRIS
1445 1503 1627 1581 DOMINI.

580 1714 757 1815 Primum
781 1739 908 1810 dieitur
935 1739 1057 1812 Oratio
1083 1747 1164 1812 cote
1191 1741 1339 1812 osculum
1361 1742 1470 1833 pacis.

578 1855 721 1927 Domine
745 1855 839 1926 Deus
865 1865 991 1943 noster,
1016 1877 1080 1929 nos
1109 1858 1261 1950 mamus
1286 1855 1460 1947 indignos,
1492 1854 1598 1928 salute
1623 1852 1687 1927 hac
1721 1855 1844 1949 dignos

475 1970 578 2059 ellico,
605 1980 735 2043 amator
760 1969 942 2041 hominum:
969 1978 1005 2040 ut
1030 1970 1072 2043 ab
1099 1974 1188 2043 omui
1217 1971 1307 2059 dolo,
1334 1975 1489 2067 omnique
1505 1974 1736 2067 acceptatione
1757 1996 1843 2068 per-

476 2107 633 2160 sonarum
658 2087 815 2176 mundati,
841 2086 1020 2159 salutemus
1046 2089 1241 2160 invicemin
1268 2088 1383 2160 osculo
1406 2097 1522 2161 sancto
1550 2098 1585 2159 et
1610 2087 1735 2177 divino,
1751 2110 1842 2159 con-

475 2204 580 2273 stricti
604 2200 738 2274 vinculo
765 2205 912 2274 caritatis
939 2211 973 2273 et
997 2206 1101 2298 pacis.
1148 2204 1215 2275 Per
1240 2203 1420 2276 Dominum
1441 2205 1550 2275 Deum
1575 2213 1610 2275 et
1635 2204 1841 2277 salvatorem

474 2327 625 2389 nostrum
649 2317 765 2390 Jesum
791 2316 955 2389 Christum
982 2318 1083 2390 lilium
1110 2330 1198 2391 tuum
1224 2323 1445 2413 unigenitum
1484 2340 1545 2413 per
1579 2340 1676 2413 quem
1708 2330 1843 2391 etcum

474 2456 539 2527 quo
566 2444 600 2505 te
626 2433 724 2505 decet
749 2431 870 2524 gloria,
896 2433 1004 2505 honor
1030 2446 1064 2506 et
1089 2445 1251 2531 potestas,
1278 2459 1353 2508 cum
1380 2435 1504 2531 Spiritu
1531 2445 1597 2508 tuo.

577 2548 738 2641 Populus.
764 2550 884 2620 Amen.

575 2664 762 2736 Diaconos.
790 2663 921 2737 Stemus
949 2665 1106 2737 decenter
1132 2676 1166 2737 et
1192 2688 1338 2753 oremus,
1366 2670 1491 2758 gratias
1519 2687 1676 2757 agamus,
1710 2666 1841 2740 adore-

474 2802 546 2853 mus
574 2790 607 2851 ct
631 2779 802 2852 laudemus
829 2802 949 2873 agnum
975 2785 1091 2854 vivum
1116 2782 1181 2854 Dei
1208 2786 1263 2877 qui
1290 2780 1426 2855 offertur
1452 2805 1553 2877 super
1579 2783 1694 2854 altare.
1735 2783 1840 2856 Divi-

473 2898 560 2968 nitas
586 2917 665 2969 sese
698 2895 827 2970 demisit
859 2896 903 2969 ad
934 2906 1132 2992 peccatores
1166 2898 1252 2970 lihos
1276 2898 1405 2986 Adam,
1441 2896 1652 2993 salvavitque
1684 2898 1760 2971 dlos
1796 2900 1840 2972 ah

475 3028 592 3084 errore
619 3021 653 3083 et
679 3035 699 3083 a
726 3016 885 3084 sarvihrte
912 3016 1050 3107 peccati.
1077 3013 1200 3110 Spiritu
1227 3024 1343 3086 sancto
1371 3017 1523 3088 succensi
1549 3025 1623 3086 suut
1639 3013 1840 3109 Prophetae,

474 3135 508 3199 et
533 3127 575 3200 de
599 3129 822 3223 primogenito
849 3128 950 3200 locuti
978 3137 1068 3201 sunt:
1095 3134 1319 3225 unusquisque
1345 3129 1476 3201 illorum
1511 3129 1685 3224 descripsit
1709 3130 1838 3203 Eccle-

474 3248 545 3317 siae
579 3247 739 3339 mysteria
770 3243 933 3319 adventus
959 3247 1041 3335 ejus.
1067 3247 1196 3340 Aperte
1222 3249 1354 3341 scripsit
1378 3245 1494 3317 Moses
1523 3245 1609 3339 quod
1636 3248 1709 3340 ipse
1735 3268 1839 3318 crea-

417 3346 424 3352 ’
474 3370 565 3432 hiras
593 3358 753 3448 condidit,
793 3370 827 3430 et
857 3364 932 3456 ipse
959 3364 1070 3432 statuit
1103 3361 1146 3433 ad
1171 3364 1384 3435 ministerium
1411 3384 1505 3434 suum
1531 3358 1665 3433 ordines
1692 3364 1778 3452 ignis
1805 3371 1840 3433 et

476 3478 622 3571 spiritus.
656 3474 761 3568 Signa
787 3470 930 3548 Domine
961 3499 1061 3577 cruce
1089 3480 1160 3569 ejus
1192 3476 1396 3566 Ecclesiam,
1430 3499 1527 3571 quam
1557 3476 1775 3571 desponsavit
1806 3482 1840 3550 in

474 3613 621 3688 persona
648 3613 727 3682 sua,
761 3603 795 3664 et
830 3592 927 3665 eleva
961 3602 1060 3688 atque
1092 3599 1255 3667 constitue
1291 3617 1365 3667 eam
1392 3596 1426 3664 in
1451 3593 1569 3681 coelo,
1597 3591 1640 3664 ad
1665 3591 1840 3666 dexteram

476 3714 548 3803 ejus
575 3714 630 3806 qui
663 3715 751 3785 misit
776 3713 874 3784 illum.
935 3713 1040 3791 Beata
1073 3732 1110 3783 es
1136 3709 1312 3784 Ecclesiae
1344 3709 1469 3799 fidelis,
1502 3710 1597 3782 donis
1633 3730 1719 3802 quae
1750 3709 1841 3783 dedit

473 3829 531 3901 tihi
556 3828 718 3901 Dominus
751 3839 842 3916 uus,
874 3845 1018 3923 corpore
1050 3838 1084 3900 et
1109 3829 1272 3918 sanguine
1298 3848 1359 3898 suo
1387 3835 1520 3911 sancto,
1557 3836 1592 3896 et
1615 3825 1730 3896 'cruce
1765 3830 1839 3917 ejus
1870 3840 1911 3907 o

477 3967 561 4040 quae
587 3954 621 4015 te
647 3945 797 4017 custodit.
823 3943 972 4037 Virginis
998 3967 1103 4041 purae
1129 3943 1256 4015 Mariae
1282 3945 1475 4013 memoriam
1496 3961 1634 4033 agamus
1662 3939 1749 4034 apud
1774 3961 1839 4013 nos
1960 3981 1962 3983 v

476 4061 509 4130 in
526 4060 693 4134 oblatione
711 4070 837 4149 nostra,
863 4060 1115 4157 Prophetarum,
1140 4058 1393 4155 Apostolorum,
1419 4055 1616 4153 Martyrum
1642 4055 1776 4127 Piorum
1804 4069 1839 4130 at

474 4172 649 4248 Justorum.
702 4176 794 4249 Vasa
829 4189 944 4250 sancta
971 4176 1149 4250 oileruntur
1184 4176 1273 4247 Patri
1306 4185 1439 4261 nostro,
1474 4185 1510 4245 ut
1544 4171 1711 4246 osculetur
1738 4194 1780 4243 ea
1806 4185 1840 4245 at

476 4290 577 4363 Pater
602 4305 717 4365 noster
742 4296 775 4364 in
808 4292 958 4386 liturgia
991 4316 1051 4366 sua
1083 4291 1313 4364 recordabitur
1346 4293 1490 4362 omnium
1522 4292 1577 4385 qui
1611 4292 1645 4359 in
1673 4287 1838 4360 Christum

476 4406 621 4481 credunt
960 4427 962 4431 “
1484 4486 1487 4489 ,

579 4523 761 4596 Sacerdos.
799 4526 862 4612 Qui
889 4526 980 4599 solus
1007 4525 1166 4598 Dominus
1194 4527 1384 4596 misericors
1412 4545 1463 4613 es,
1495 4524 1529 4592 iu
1556 4544 1616 4594 eos
1644 4525 1699 4617 qui
1726 4545 1838 4596 coram

477 4637 572 4710 altari
597 4651 653 4713 tuo
681 4640 767 4714 colla
793 4641 950 4714 inclinant
976 4644 1066 4712 mitte
1091 4639 1340 4711 henedictiones
1369 4649 1454 4727 tuas,
1480 4641 1585 4733 tuqui
1610 4641 1644 4709 in
1671 4637 1838 4710 altisha-

474 4752 572 4844 hitas,
599 4767 633 4827 et
659 4756 791 4828 humilia
818 4760 969 4852 respicis
995 4755 1200 4849 benedicque
1228 4777 1287 4828 eos
1314 4758 1552 4849 pergratiam,
1578 4754 1838 4826 misericordiam

475 4882 509 4943 et
534 4893 680 4945 amorem
708 4894 791 4965 erga
818 4872 965 4946 homines
992 4871 1114 4944 Christi
1139 4874 1299 4964 unigeniti
1321 4869 1395 4942 Filii
1421 4872 1468 4940 tui
1493 4892 1553 4965 per
1580 4893 1676 4963 quem
1702 4880 1836 4940 etcum

476 5010 540 5081 quo
567 4999 600 5060 te
628 4988 725 5062 decet
749 4988 869 5081 gloria,
897 4999 959 5060 etc.

577 5104 738 5197 Populus.
765 5105 885 5177 Amen.

578 5219 761 5294 Sacerdos.
788 5221 879 5294 Deus
906 5221 1006 5293 Pater
1033 5223 1088 5314 qui
1112 5233 1250 5316 propter
1283 5240 1428 5291 amorem
1463 5227 1551 5288 tuum
1578 5236 1660 5307 erga
1686 5215 1836 5290 homines

474 5354 630 5428 magnum
662 5349 696 5411 et
726 5335 941 5429 metandam,
982 5338 1099 5408 misisti
1139 5334 1239 5408 lilium
1276 5347 1367 5408 tuum
1398 5337 1432 5404 in
1464 5330 1634 5418 mundum,
1670 5344 1706 5404 ut
1736 5355 1837 5406 ovem

1583 5449 1631 5521 ’ἳῆ
