<?xml version="1.0" encoding="UTF-8"?>
<!DOCTYPE html PUBLIC "-//W3C//DTD XHTML 1.0 Transitional//EN"
    "http://www.w3.org/TR/xhtml1/DTD/xhtml1-transitional.dtd">
<html xmlns="http://www.w3.org/1999/xhtml" xml:lang="en" lang="en">
 <head>
  <title>
</title>
<meta http-equiv="Content-Type" content="text/html;charset=utf-8" />
  <meta name='ocr-system' content='tesseract 3.04.00' />
  <meta name='ocr-capabilities' content='ocr_page ocr_carea ocr_par ocr_line ocrx_word'/>
</head>
<body>
  <div class='ocr_page' id='page_1' title='image "./liturgiarumorie00renagoog_0243.png"; bbox 0 0 5150 6534; ppageno 0'>
   <div class='ocr_carea' id='block_1_1' title="bbox 799 856 1826 938">
    <p class='ocr_par' dir='ltr' id='par_1_1' title="bbox 799 856 1826 938">
     <span class='ocr_line' id='line_1_1' title="bbox 799 856 1826 938; baseline 0.002 -2"><span class='ocrx_word' id='word_1_1' title='bbox 799 858 829 936; x_wconf 90' lang='lat' dir='ltr'><strong>S.</strong></span> <span class='ocrx_word' id='word_1_2' title='bbox 855 857 1022 935; x_wconf 80' lang='lat' dir='ltr'><strong>nlontsn</strong></span> <span class='ocrx_word' id='word_1_3' title='bbox 1047 858 1279 936; x_wconf 77' lang='lat' dir='ltr'><strong>nnnmnnnn</strong></span> <span class='ocrx_word' id='word_1_4' title='bbox 1304 857 1484 937; x_wconf 86' lang='lat' dir='ltr'><strong>EPlSCOPl.</strong></span> <span class='ocrx_word' id='word_1_5' title='bbox 1749 856 1826 938; x_wconf 83' lang='lat'><strong>205</strong></span> 
     </span>
    </p>
   </div>
   <div class='ocr_carea' id='block_1_2' title="bbox 449 1043 1835 4359">
    <p class='ocr_par' dir='ltr' id='par_1_2' title="bbox 453 1043 1827 1596">
     <span class='ocr_line' id='line_1_2' title="bbox 557 1043 1827 1141; baseline 0.006 -26"><span class='ocrx_word' id='word_1_6' title='bbox 557 1043 742 1116; x_wconf 76' lang='lat' dir='ltr'><strong><em>Sacerdos.</em></strong></span> <span class='ocrx_word' id='word_1_7' title='bbox 794 1045 872 1140; x_wconf 89' lang='lat' dir='ltr'><strong>lpse</strong></span> <span class='ocrx_word' id='word_1_8' title='bbox 899 1047 997 1115; x_wconf 88' lang='lat' dir='ltr'><strong>etiam</strong></span> <span class='ocrx_word' id='word_1_9' title='bbox 1024 1054 1237 1139; x_wconf 88' lang='lat' dir='ltr'><strong>praeceptum</strong></span> <span class='ocrx_word' id='word_1_10' title='bbox 1273 1047 1332 1117; x_wconf 81' lang='lat' dir='ltr'><strong>toti</strong></span> <span class='ocrx_word' id='word_1_11' title='bbox 1364 1049 1473 1116; x_wconf 90' lang='lat' dir='ltr'><strong>coetui</strong></span> <span class='ocrx_word' id='word_1_12' title='bbox 1504 1055 1538 1117; x_wconf 92' lang='lat' dir='ltr'><strong>et</strong></span> <span class='ocrx_word' id='word_1_13' title='bbox 1571 1052 1827 1141; x_wconf 72' lang='lat' dir='ltr'>congregationi</span> 
     </span>
     <span class='ocr_line' id='line_1_3' title="bbox 454 1157 1826 1256; baseline 0.001 -22"><span class='ocrx_word' id='word_1_14' title='bbox 454 1160 598 1234; x_wconf 87' lang='lat' dir='ltr'><strong>lideliam</strong></span> <span class='ocrx_word' id='word_1_15' title='bbox 623 1182 685 1256; x_wconf 93' lang='lat' dir='ltr'><strong>per</strong></span> <span class='ocrx_word' id='word_1_16' title='bbox 712 1158 849 1231; x_wconf 84' lang='lat' dir='ltr'><strong>eosdem</strong></span> <span class='ocrx_word' id='word_1_17' title='bbox 875 1157 1061 1253; x_wconf 81' lang='lat' dir='ltr'><strong>Apostolos</strong></span> <span class='ocrx_word' id='word_1_18' title='bbox 1089 1169 1223 1232; x_wconf 90' lang='lat' dir='ltr'><strong>sanctos</strong></span> <span class='ocrx_word' id='word_1_19' title='bbox 1258 1159 1359 1250; x_wconf 89' lang='lat' dir='ltr'><strong>dedit,</strong></span> <span class='ocrx_word' id='word_1_20' title='bbox 1390 1159 1520 1233; x_wconf 91' lang='lat' dir='ltr'><strong>dicens:</strong></span> <span class='ocrx_word' id='word_1_21' title='bbox 1551 1161 1627 1234; x_wconf 87' lang='lat' dir='ltr'><strong>Hoc</strong></span> <span class='ocrx_word' id='word_1_22' title='bbox 1658 1162 1758 1236; x_wconf 87' lang='lat' dir='ltr'><strong>iacite</strong></span> <span class='ocrx_word' id='word_1_23' title='bbox 1792 1168 1826 1236; x_wconf 91' lang='lat' dir='ltr'><strong>in</strong></span> 
     </span>
     <span class='ocr_line' id='line_1_4' title="bbox 454 1272 1826 1370; baseline 0.003 -24"><span class='ocrx_word' id='word_1_24' title='bbox 454 1278 519 1346; x_wconf 88' lang='lat' dir='ltr'><strong>mei</strong></span> <span class='ocrx_word' id='word_1_25' title='bbox 555 1278 768 1362; x_wconf 83' lang='lat' dir='ltr'><strong>memoriam,</strong></span> <span class='ocrx_word' id='word_1_26' title='bbox 803 1277 1076 1369; x_wconf 81' lang='lat' dir='ltr'><strong>quotiescumque</strong></span> <span class='ocrx_word' id='word_1_27' title='bbox 1102 1272 1349 1367; x_wconf 40' lang='lat' dir='ltr'><strong>‚manducabitis</strong></span> <span class='ocrx_word' id='word_1_28' title='bbox 1376 1296 1496 1370; x_wconf 91' lang='lat' dir='ltr'><strong>panem</strong></span> <span class='ocrx_word' id='word_1_29' title='bbox 1522 1275 1610 1348; x_wconf 91' lang='lat' dir='ltr'><strong>buno</strong></span> <span class='ocrx_word' id='word_1_30' title='bbox 1636 1287 1670 1349; x_wconf 89' lang='lat' dir='ltr'><strong>et</strong></span> <span class='ocrx_word' id='word_1_31' title='bbox 1695 1280 1826 1350; x_wconf 80' lang='lat' dir='ltr'><strong>mistum</strong></span> 
     </span>
     <span class='ocr_line' id='line_1_5' title="bbox 454 1388 1825 1486; baseline 0.001 -22"><span class='ocrx_word' id='word_1_32' title='bbox 454 1390 543 1486; x_wconf 88' lang='lat' dir='ltr'><strong>qnod</strong></span> <span class='ocrx_word' id='word_1_33' title='bbox 569 1394 602 1461; x_wconf 93' lang='lat' dir='ltr'><strong>in</strong></span> <span class='ocrx_word' id='word_1_34' title='bbox 629 1389 692 1462; x_wconf 92' lang='lat' dir='ltr'><strong>boc</strong></span> <span class='ocrx_word' id='word_1_35' title='bbox 719 1390 824 1462; x_wconf 91' lang='lat' dir='ltr'><strong>calice</strong></span> <span class='ocrx_word' id='word_1_36' title='bbox 852 1399 904 1461; x_wconf 89' lang='lat' dir='ltr'><strong>est</strong></span> <span class='ocrx_word' id='word_1_37' title='bbox 929 1388 1062 1477; x_wconf 91' lang='lat' dir='ltr'><strong>bibetis,</strong></span> <span class='ocrx_word' id='word_1_38' title='bbox 1089 1399 1125 1461; x_wconf 90' lang='lat' dir='ltr'><strong>et</strong></span> <span class='ocrx_word' id='word_1_39' title='bbox 1149 1389 1214 1461; x_wconf 91' lang='lat' dir='ltr'><strong>boc</strong></span> <span class='ocrx_word' id='word_1_40' title='bbox 1242 1392 1434 1461; x_wconf 89' lang='lat' dir='ltr'><strong>convivium</strong></span> <span class='ocrx_word' id='word_1_41' title='bbox 1457 1389 1681 1481; x_wconf 87' lang='lat' dir='ltr'><strong>celebrabitis,</strong></span> <span class='ocrx_word' id='word_1_42' title='bbox 1708 1395 1825 1465; x_wconf 90' lang='lat' dir='ltr'><strong>mortis</strong></span> 
     </span>
     <span class='ocr_line' id='line_1_6' title="bbox 453 1505 1366 1596; baseline -0.003 -18"><span class='ocrx_word' id='word_1_43' title='bbox 453 1527 550 1578; x_wconf 89' lang='lat' dir='ltr'><strong>meae</strong></span> <span class='ocrx_word' id='word_1_44' title='bbox 577 1509 926 1577; x_wconf 78' lang='lat' dir='ltr'><strong>commemorationem</strong></span> <span class='ocrx_word' id='word_1_45' title='bbox 953 1508 1060 1596; x_wconf 89' lang='lat' dir='ltr'><strong>agetis</strong></span> <span class='ocrx_word' id='word_1_46' title='bbox 1087 1505 1195 1578; x_wconf 92' lang='lat' dir='ltr'><strong>donec</strong></span> <span class='ocrx_word' id='word_1_47' title='bbox 1222 1508 1366 1577; x_wconf 90' lang='lat' dir='ltr'><strong>veniam.</strong></span> 
     </span>
    </p>

    <p class='ocr_par' dir='ltr' id='par_1_3' title="bbox 556 1620 1650 1714">
     <span class='ocr_line' id='line_1_7' title="bbox 556 1620 1650 1714; baseline 0.002 -24"><span class='ocrx_word' id='word_1_48' title='bbox 556 1620 717 1714; x_wconf 74' lang='lat' dir='ltr'><strong>Populea.</strong></span> <span class='ocrx_word' id='word_1_49' title='bbox 770 1620 889 1694; x_wconf 84' lang='lat' dir='ltr'><strong>Mortis</strong></span> <span class='ocrx_word' id='word_1_50' title='bbox 915 1632 991 1692; x_wconf 91' lang='lat' dir='ltr'><strong>tuae</strong></span> <span class='ocrx_word' id='word_1_51' title='bbox 1018 1621 1161 1693; x_wconf 88' lang='lat' dir='ltr'><strong>Domine</strong></span> <span class='ocrx_word' id='word_1_52' title='bbox 1188 1622 1380 1693; x_wconf 90' lang='lat' dir='ltr'><strong>memoriam</strong></span> <span class='ocrx_word' id='word_1_53' title='bbox 1407 1622 1546 1712; x_wconf 90' lang='lat' dir='ltr'><strong>agimus.</strong></span> <span class='ocrx_word' id='word_1_54' title='bbox 1645 1640 1650 1652; x_wconf 87' lang='lat'><strong>·</strong></span> 
     </span>
    </p>

    <p class='ocr_par' dir='ltr' id='par_1_4' title="bbox 449 1735 1835 4022">
     <span class='ocr_line' id='line_1_8' title="bbox 556 1735 1824 1833; baseline 0.001 -25"><span class='ocrx_word' id='word_1_55' title='bbox 556 1735 740 1808; x_wconf 81' lang='lat' dir='ltr'><strong>Sacerdos.</strong></span> <span class='ocrx_word' id='word_1_56' title='bbox 793 1737 980 1832; x_wconf 90' lang='lat' dir='ltr'><strong>Praecepto</strong></span> <span class='ocrx_word' id='word_1_57' title='bbox 1014 1738 1115 1828; x_wconf 91' lang='lat' dir='ltr'><strong>igitur</strong></span> <span class='ocrx_word' id='word_1_58' title='bbox 1141 1737 1316 1809; x_wconf 88' lang='lat' dir='ltr'><strong>Dominico</strong></span> <span class='ocrx_word' id='word_1_59' title='bbox 1351 1742 1408 1808; x_wconf 90' lang='lat' dir='ltr'><strong>tuo</strong></span> <span class='ocrx_word' id='word_1_60' title='bbox 1442 1736 1687 1833; x_wconf 79' lang='lat' dir='ltr'><strong>obsequentes,</strong></span> <span class='ocrx_word' id='word_1_61' title='bbox 1723 1748 1824 1810; x_wconf 55' lang='lat' dir='ltr'><strong>comss</strong></span> 
     </span>
     <span class='ocr_line' id='line_1_9' title="bbox 452 1836 1823 1951; baseline 0.003 -29"><span class='ocrx_word' id='word_1_62' title='bbox 452 1855 725 1924; x_wconf 79' lang='lat' dir='ltr'><strong>memorationem</strong></span> <span class='ocrx_word' id='word_1_63' title='bbox 752 1855 867 1923; x_wconf 91' lang='lat' dir='ltr'><strong>mortis</strong></span> <span class='ocrx_word' id='word_1_64' title='bbox 895 1861 929 1923; x_wconf 92' lang='lat' dir='ltr'><strong>et</strong></span> <span class='ocrx_word' id='word_1_65' title='bbox 955 1853 1208 1923; x_wconf 88' lang='lat' dir='ltr'><strong>resurrectionis</strong></span> <span class='ocrx_word' id='word_1_66' title='bbox 1236 1860 1313 1922; x_wconf 88' lang='lat' dir='ltr'><strong>tuae</strong></span> <span class='ocrx_word' id='word_1_67' title='bbox 1339 1873 1402 1946; x_wconf 90' lang='lat' dir='ltr'><strong>per</strong></span> <span class='ocrx_word' id='word_1_68' title='bbox 1428 1852 1622 1926; x_wconf 87' lang='lat' dir='ltr'><strong>sacrificium</strong></span> <span class='ocrx_word' id='word_1_69' title='bbox 1649 1853 1712 1927; x_wconf 92' lang='lat' dir='ltr'><strong>boc</strong></span> <span class='ocrx_word' id='word_1_70' title='bbox 1736 1836 1823 1951; x_wconf 72' lang='lat' dir='ltr'><strong>p‘er-</strong></span> 
     </span>
     <span class='ocr_line' id='line_1_10' title="bbox 452 1967 1824 2062; baseline 0.002 -24"><span class='ocrx_word' id='word_1_71' title='bbox 452 1977 556 2062; x_wconf 86' lang='lat' dir='ltr'><strong>petuo</strong></span> <span class='ocrx_word' id='word_1_72' title='bbox 582 1967 791 2040; x_wconf 82' lang='lat' dir='ltr'><strong>celebrantes</strong></span> <span class='ocrx_word' id='word_1_73' title='bbox 825 1970 857 2037; x_wconf 89' lang='lat' dir='ltr'><strong>in</strong></span> <span class='ocrx_word' id='word_1_74' title='bbox 888 1969 1068 2062; x_wconf 72' lang='lat' dir='ltr'><strong>mysterio:</strong></span> <span class='ocrx_word' id='word_1_75' title='bbox 1103 1968 1319 2062; x_wconf 76' lang='lat' dir='ltr'><strong>expectamus</strong></span> <span class='ocrx_word' id='word_1_76' title='bbox 1356 1988 1488 2062; x_wconf 90' lang='lat' dir='ltr'><strong>quoque</strong></span> <span class='ocrx_word' id='word_1_77' title='bbox 1522 1969 1700 2042; x_wconf 88' lang='lat' dir='ltr'><strong>adveniam</strong></span> <span class='ocrx_word' id='word_1_78' title='bbox 1733 1980 1824 2042; x_wconf 87' lang='lat' dir='ltr'><strong>tuum</strong></span> 
     </span>
     <span class='ocr_line' id='line_1_11' title="bbox 452 2080 1823 2173; baseline 0.004 -20"><span class='ocrx_word' id='word_1_79' title='bbox 452 2081 643 2171; x_wconf 84' lang='lat' dir='ltr'><strong>secundnm,</strong></span> <span class='ocrx_word' id='word_1_80' title='bbox 669 2085 924 2154; x_wconf 86' lang='lat' dir='ltr'><strong>renovationem</strong></span> <span class='ocrx_word' id='word_1_81' title='bbox 951 2084 1086 2173; x_wconf 90' lang='lat' dir='ltr'><strong>generis</strong></span> <span class='ocrx_word' id='word_1_82' title='bbox 1114 2083 1236 2170; x_wconf 82' lang='lat' dir='ltr'><strong>nostri,</strong></span> <span class='ocrx_word' id='word_1_83' title='bbox 1269 2092 1303 2153; x_wconf 90' lang='lat' dir='ltr'><strong>et</strong></span> <span class='ocrx_word' id='word_1_84' title='bbox 1328 2080 1587 2155; x_wconf 85' lang='lat' dir='ltr'><strong>vivificationem</strong></span> <span class='ocrx_word' id='word_1_85' title='bbox 1614 2084 1823 2158; x_wconf 88' lang='lat' dir='ltr'><strong>mortalitatis</strong></span> 
     </span>
     <span class='ocr_line' id='line_1_12' title="bbox 452 2195 1824 2295; baseline 0.002 -28"><span class='ocrx_word' id='word_1_86' title='bbox 452 2206 597 2270; x_wconf 85' lang='lat' dir='ltr'><strong>nostrae.</strong></span> <span class='ocrx_word' id='word_1_87' title='bbox 650 2197 725 2270; x_wconf 92' lang='lat' dir='ltr'><strong>Non</strong></span> <span class='ocrx_word' id='word_1_88' title='bbox 752 2201 839 2268; x_wconf 87' lang='lat' dir='ltr'><strong>enirn</strong></span> <span class='ocrx_word' id='word_1_89' title='bbox 867 2197 1070 2292; x_wconf 87' lang='lat' dir='ltr'><strong>simpliciter,</strong></span> <span class='ocrx_word' id='word_1_90' title='bbox 1098 2195 1159 2269; x_wconf 90' lang='lat' dir='ltr'><strong>sed</strong></span> <span class='ocrx_word' id='word_1_91' title='bbox 1186 2219 1259 2268; x_wconf 91' lang='lat' dir='ltr'><strong>cum</strong></span> <span class='ocrx_word' id='word_1_92' title='bbox 1287 2196 1396 2288; x_wconf 91' lang='lat' dir='ltr'><strong>gloria</strong></span> <span class='ocrx_word' id='word_1_93' title='bbox 1422 2197 1498 2268; x_wconf 90' lang='lat' dir='ltr'><strong>Deo</strong></span> <span class='ocrx_word' id='word_1_94' title='bbox 1526 2197 1646 2290; x_wconf 88' lang='lat' dir='ltr'><strong>digna,</strong></span> <span class='ocrx_word' id='word_1_95' title='bbox 1678 2201 1713 2270; x_wconf 94' lang='lat' dir='ltr'><strong>in</strong></span> <span class='ocrx_word' id='word_1_96' title='bbox 1738 2200 1824 2295; x_wconf 89' lang='lat' dir='ltr'><strong>Spi-</strong></span> 
     </span>
     <span class='ocr_line' id='line_1_13' title="bbox 451 2311 1823 2406; baseline 0.002 -23"><span class='ocrx_word' id='word_1_97' title='bbox 451 2316 514 2383; x_wconf 91' lang='lat' dir='ltr'><strong>ritu</strong></span> <span class='ocrx_word' id='word_1_98' title='bbox 541 2311 695 2385; x_wconf 86' lang='lat' dir='ltr'><strong>inellabili</strong></span> <span class='ocrx_word' id='word_1_99' title='bbox 722 2311 911 2385; x_wconf 89' lang='lat' dir='ltr'><strong>terribiliter</strong></span> <span class='ocrx_word' id='word_1_100' title='bbox 937 2312 1116 2399; x_wconf 87' lang='lat' dir='ltr'><strong>advenies,</strong></span> <span class='ocrx_word' id='word_1_101' title='bbox 1144 2322 1178 2383; x_wconf 93' lang='lat' dir='ltr'><strong>et</strong></span> <span class='ocrx_word' id='word_1_102' title='bbox 1205 2334 1307 2406; x_wconf 89' lang='lat' dir='ltr'><strong>super</strong></span> <span class='ocrx_word' id='word_1_103' title='bbox 1333 2311 1483 2385; x_wconf 91' lang='lat' dir='ltr'><strong>thronum</strong></span> <span class='ocrx_word' id='word_1_104' title='bbox 1511 2312 1684 2386; x_wconf 84' lang='lat' dir='ltr'><strong>excelsum</strong></span> <span class='ocrx_word' id='word_1_105' title='bbox 1709 2319 1823 2406; x_wconf 89' lang='lat' dir='ltr'><strong>maje-</strong></span> 
     </span>
     <span class='ocr_line' id='line_1_14' title="bbox 453 2428 1822 2521; baseline 0.001 -21"><span class='ocrx_word' id='word_1_106' title='bbox 453 2430 547 2500; x_wconf 83' lang='lat' dir='ltr'><strong>statis</strong></span> <span class='ocrx_word' id='word_1_107' title='bbox 582 2437 660 2499; x_wconf 89' lang='lat' dir='ltr'><strong>tuae</strong></span> <span class='ocrx_word' id='word_1_108' title='bbox 696 2428 837 2515; x_wconf 87' lang='lat' dir='ltr'><strong>sedens,</strong></span> <span class='ocrx_word' id='word_1_109' title='bbox 877 2430 1079 2519; x_wconf 86' lang='lat' dir='ltr'><strong>agnitionem</strong></span> <span class='ocrx_word' id='word_1_110' title='bbox 1116 2428 1233 2519; x_wconf 85' lang='lat' dir='ltr'><strong>regiae</strong></span> <span class='ocrx_word' id='word_1_111' title='bbox 1268 2428 1442 2521; x_wconf 86' lang='lat' dir='ltr'><strong>potestatis</strong></span> <span class='ocrx_word' id='word_1_112' title='bbox 1483 2438 1560 2500; x_wconf 88' lang='lat' dir='ltr'><strong>tuae</strong></span> <span class='ocrx_word' id='word_1_113' title='bbox 1593 2428 1635 2501; x_wconf 89' lang='lat' dir='ltr'><strong>ab</strong></span> <span class='ocrx_word' id='word_1_114' title='bbox 1670 2428 1822 2502; x_wconf 87' lang='lat' dir='ltr'><strong>omnibus</strong></span> 
     </span>
     <span class='ocr_line' id='line_1_15' title="bbox 452 2540 1824 2641; baseline 0.003 -29"><span class='ocrx_word' id='word_1_115' title='bbox 452 2540 592 2631; x_wconf 80' lang='lat' dir='ltr'><strong>mestis,</strong></span> <span class='ocrx_word' id='word_1_116' title='bbox 625 2543 781 2617; x_wconf 77' lang='lat' dir='ltr'><strong>atlantis</strong></span> <span class='ocrx_word' id='word_1_117' title='bbox 809 2546 946 2635; x_wconf 83' lang='lat' dir='ltr'><strong>exiges3</strong></span> <span class='ocrx_word' id='word_1_118' title='bbox 973 2543 1197 2636; x_wconf 90' lang='lat' dir='ltr'><strong>ultionemque</strong></span> <span class='ocrx_word' id='word_1_119' title='bbox 1223 2544 1377 2633; x_wconf 74' lang='lat' dir='ltr'><strong>imag‘uis</strong></span> <span class='ocrx_word' id='word_1_120' title='bbox 1404 2552 1498 2632; x_wconf 83' lang='lat' dir='ltr'><strong>tuae,</strong></span> <span class='ocrx_word' id='word_1_121' title='bbox 1534 2543 1575 2616; x_wconf 94' lang='lat' dir='ltr'><strong>ab</strong></span> <span class='ocrx_word' id='word_1_122' title='bbox 1612 2547 1652 2616; x_wconf 89' lang='lat' dir='ltr'><strong>iis</strong></span> <span class='ocrx_word' id='word_1_123' title='bbox 1680 2548 1736 2639; x_wconf 93' lang='lat' dir='ltr'><strong>qui</strong></span> <span class='ocrx_word' id='word_1_124' title='bbox 1761 2567 1824 2641; x_wconf 89' lang='lat' dir='ltr'><strong>per</strong></span> 
     </span>
     <span class='ocr_line' id='line_1_16' title="bbox 452 2655 1823 2753; baseline 0.004 -24"><span class='ocrx_word' id='word_1_125' title='bbox 452 2657 558 2730; x_wconf 78' lang='lat' dir='ltr'><strong>mnas</strong></span> <span class='ocrx_word' id='word_1_126' title='bbox 583 2662 760 2753; x_wconf 83' lang='lat' dir='ltr'><strong>passiones</strong></span> <span class='ocrx_word' id='word_1_127' title='bbox 787 2682 861 2730; x_wconf 90' lang='lat' dir='ltr'><strong>eam</strong></span> <span class='ocrx_word' id='word_1_128' title='bbox 887 2667 1117 2753; x_wconf 88' lang='lat' dir='ltr'><strong>corruperant,</strong></span> <span class='ocrx_word' id='word_1_129' title='bbox 1140 2659 1231 2749; x_wconf 87' lang='lat' dir='ltr'><strong>juste</strong></span> <span class='ocrx_word' id='word_1_130' title='bbox 1257 2656 1372 2729; x_wconf 88' lang='lat' dir='ltr'><strong>iacies.</strong></span> <span class='ocrx_word' id='word_1_131' title='bbox 1425 2655 1629 2731; x_wconf 87' lang='lat' dir='ltr'><strong>Sacrificium</strong></span> <span class='ocrx_word' id='word_1_132' title='bbox 1652 2657 1729 2749; x_wconf 91' lang='lat' dir='ltr'><strong>hcc,</strong></span> <span class='ocrx_word' id='word_1_133' title='bbox 1754 2659 1823 2735; x_wconf 91' lang='lat' dir='ltr'><strong>illic</strong></span> 
     </span>
     <span class='ocr_line' id='line_1_17' title="bbox 453 2771 1835 2870; baseline -0.001 -24"><span class='ocrx_word' id='word_1_134' title='bbox 453 2771 668 2863; x_wconf 86' lang='lat' dir='ltr'><strong>celebratum,</strong></span> <span class='ocrx_word' id='word_1_135' title='bbox 696 2775 755 2847; x_wconf 92' lang='lat' dir='ltr'><strong>tibi</strong></span> <span class='ocrx_word' id='word_1_136' title='bbox 782 2794 1080 2847; x_wconf 86' lang='lat' dir='ltr'><strong>commemoramus</strong></span> <span class='ocrx_word' id='word_1_137' title='bbox 1094 2773 1237 2844; x_wconf 88' lang='lat' dir='ltr'><strong>Domine</strong></span> <span class='ocrx_word' id='word_1_138' title='bbox 1263 2783 1297 2844; x_wconf 90' lang='lat' dir='ltr'><strong>et</strong></span> <span class='ocrx_word' id='word_1_139' title='bbox 1322 2773 1497 2867; x_wconf 84' lang='lat' dir='ltr'><strong>passiones</strong></span> <span class='ocrx_word' id='word_1_140' title='bbox 1525 2797 1608 2868; x_wconf 91' lang='lat' dir='ltr'><strong>quas</strong></span> <span class='ocrx_word' id='word_1_141' title='bbox 1634 2797 1696 2870; x_wconf 93' lang='lat' dir='ltr'><strong>pro</strong></span> <span class='ocrx_word' id='word_1_142' title='bbox 1722 2774 1835 2850; x_wconf 88' lang='lat' dir='ltr'><strong>nobis.</strong></span> 
     </span>
     <span class='ocr_line' id='line_1_18' title="bbox 453 2887 1822 2985; baseline 0.001 -23"><span class='ocrx_word' id='word_1_143' title='bbox 453 2891 633 2962; x_wconf 87' lang='lat' dir='ltr'><strong>sustinuisti</strong></span> <span class='ocrx_word' id='word_1_144' title='bbox 660 2895 693 2961; x_wconf 94' lang='lat' dir='ltr'><strong>in</strong></span> <span class='ocrx_word' id='word_1_145' title='bbox 720 2912 830 2963; x_wconf 89' lang='lat' dir='ltr'><strong>cruce.</strong></span> <span class='ocrx_word' id='word_1_146' title='bbox 883 2892 1049 2985; x_wconf 91' lang='lat' dir='ltr'><strong>Propitius</strong></span> <span class='ocrx_word' id='word_1_147' title='bbox 1077 2897 1161 2976; x_wconf 90' lang='lat' dir='ltr'><strong>esto,</strong></span> <span class='ocrx_word' id='word_1_148' title='bbox 1189 2909 1210 2960; x_wconf 95' lang='lat' dir='ltr'><strong>o</strong></span> <span class='ocrx_word' id='word_1_149' title='bbox 1236 2887 1326 2960; x_wconf 90' lang='lat' dir='ltr'><strong>banc</strong></span> <span class='ocrx_word' id='word_1_150' title='bbox 1353 2899 1387 2960; x_wconf 89' lang='lat' dir='ltr'><strong>et</strong></span> <span class='ocrx_word' id='word_1_151' title='bbox 1413 2901 1542 2964; x_wconf 89' lang='lat' dir='ltr'><strong>amator</strong></span> <span class='ocrx_word' id='word_1_152' title='bbox 1567 2888 1753 2979; x_wconf 91' lang='lat' dir='ltr'><strong>bominum,</strong></span> <span class='ocrx_word' id='word_1_153' title='bbox 1788 2895 1822 2964; x_wconf 92' lang='lat' dir='ltr'><strong>in</strong></span> 
     </span>
     <span class='ocr_line' id='line_1_19' title="bbox 450 3001 1823 3101; baseline 0.003 -27"><span class='ocrx_word' id='word_1_154' title='bbox 450 3001 533 3075; x_wconf 89' lang='lat' dir='ltr'><strong>bora</strong></span> <span class='ocrx_word' id='word_1_155' title='bbox 558 3003 614 3076; x_wconf 91' lang='lat' dir='ltr'><strong>illa</strong></span> <span class='ocrx_word' id='word_1_156' title='bbox 641 3004 740 3101; x_wconf 88' lang='lat' dir='ltr'><strong>plena</strong></span> <span class='ocrx_word' id='word_1_157' title='bbox 766 3007 907 3091; x_wconf 89' lang='lat' dir='ltr'><strong>timoris,</strong></span> <span class='ocrx_word' id='word_1_158' title='bbox 933 3015 968 3076; x_wconf 91' lang='lat' dir='ltr'><strong>et</strong></span> <span class='ocrx_word' id='word_1_159' title='bbox 993 3003 1233 3098; x_wconf 89' lang='lat' dir='ltr'><strong>trepidationis,</strong></span> <span class='ocrx_word' id='word_1_160' title='bbox 1251 3007 1506 3096; x_wconf 85' lang='lat' dir='ltr'><strong>congregationi</strong></span> <span class='ocrx_word' id='word_1_161' title='bbox 1521 3003 1596 3093; x_wconf 82' lang='lat' dir='ltr'><strong>hnic</strong></span> <span class='ocrx_word' id='word_1_162' title='bbox 1614 3004 1823 3078; x_wconf 88' lang='lat' dir='ltr'><strong>adorantium</strong></span> 
     </span>
     <span class='ocr_line' id='line_1_20' title="bbox 452 3118 1818 3215; baseline 0.002 -26"><span class='ocrx_word' id='word_1_163' title='bbox 452 3128 503 3206; x_wconf 84' lang='lat' dir='ltr'><strong>te,</strong></span> <span class='ocrx_word' id='word_1_164' title='bbox 538 3129 572 3191; x_wconf 91' lang='lat' dir='ltr'><strong>et</strong></span> <span class='ocrx_word' id='word_1_165' title='bbox 598 3119 749 3192; x_wconf 90' lang='lat' dir='ltr'><strong>omnibus</strong></span> <span class='ocrx_word' id='word_1_166' title='bbox 781 3121 854 3193; x_wconf 90' lang='lat' dir='ltr'><strong>filiis</strong></span> <span class='ocrx_word' id='word_1_167' title='bbox 880 3118 1056 3191; x_wconf 88' lang='lat' dir='ltr'><strong>Ecclesiae</strong></span> <span class='ocrx_word' id='word_1_168' title='bbox 1083 3129 1218 3191; x_wconf 89' lang='lat' dir='ltr'><strong>sanctae</strong></span> <span class='ocrx_word' id='word_1_169' title='bbox 1251 3119 1446 3214; x_wconf 86' lang='lat' dir='ltr'><strong>redemptae</strong></span> <span class='ocrx_word' id='word_1_170' title='bbox 1477 3123 1640 3211; x_wconf 89' lang='lat' dir='ltr'><strong>sanguine</strong></span> <span class='ocrx_word' id='word_1_171' title='bbox 1671 3124 1818 3215; x_wconf 91' lang='lat' dir='ltr'><strong>pretioso</strong></span> 
     </span>
     <span class='ocr_line' id='line_1_21' title="bbox 451 3228 1821 3331; baseline -0.001 -25"><span class='ocrx_word' id='word_1_172' title='bbox 451 3245 518 3306; x_wconf 88' lang='lat' dir='ltr'><strong>tuo.</strong></span> <span class='ocrx_word' id='word_1_173' title='bbox 571 3235 788 3331; x_wconf 89' lang='lat' dir='ltr'><strong>Depellantur</strong></span> <span class='ocrx_word' id='word_1_174' title='bbox 814 3234 978 3307; x_wconf 88' lang='lat' dir='ltr'><strong>carbones</strong></span> <span class='ocrx_word' id='word_1_175' title='bbox 1005 3237 1104 3326; x_wconf 85' lang='lat' dir='ltr'><strong>ignis,</strong></span> <span class='ocrx_word' id='word_1_176' title='bbox 1131 3234 1173 3306; x_wconf 88' lang='lat' dir='ltr'><strong>ab</strong></span> <span class='ocrx_word' id='word_1_177' title='bbox 1201 3234 1264 3305; x_wconf 92' lang='lat' dir='ltr'><strong>illis</strong></span> <span class='ocrx_word' id='word_1_178' title='bbox 1292 3237 1346 3328; x_wconf 92' lang='lat' dir='ltr'><strong>qui</strong></span> <span class='ocrx_word' id='word_1_179' title='bbox 1377 3228 1392 3269; x_wconf 83' lang='lat'>³</span> <span class='ocrx_word' id='word_1_180' title='bbox 1424 3238 1516 3306; x_wconf 93' lang='lat' dir='ltr'><strong>tincti</strong></span> <span class='ocrx_word' id='word_1_181' title='bbox 1549 3244 1624 3307; x_wconf 92' lang='lat' dir='ltr'><strong>sunt</strong></span> <span class='ocrx_word' id='word_1_182' title='bbox 1657 3236 1821 3328; x_wconf 88' lang='lat' dir='ltr'><strong>sanguine</strong></span> 
     </span>
     <span class='ocr_line' id='line_1_22' title="bbox 451 3350 1821 3442; baseline 0 -22"><span class='ocrx_word' id='word_1_183' title='bbox 451 3357 519 3437; x_wconf 91' lang='lat' dir='ltr'><strong>tao,</strong></span> <span class='ocrx_word' id='word_1_184' title='bbox 547 3359 581 3421; x_wconf 92' lang='lat' dir='ltr'><strong>ct</strong></span> <span class='ocrx_word' id='word_1_185' title='bbox 607 3353 728 3442; x_wconf 91' lang='lat' dir='ltr'><strong>signati</strong></span> <span class='ocrx_word' id='word_1_186' title='bbox 755 3351 981 3423; x_wconf 78' lang='lat' dir='ltr'><strong>sacramentis</strong></span> <span class='ocrx_word' id='word_1_187' title='bbox 1009 3352 1090 3435; x_wconf 83' lang='lat' dir='ltr'><strong>tuis,</strong></span> <span class='ocrx_word' id='word_1_188' title='bbox 1123 3351 1156 3427; x_wconf 89' lang='lat' dir='ltr'><strong>in</strong></span> <span class='ocrx_word' id='word_1_189' title='bbox 1187 3351 1322 3421; x_wconf 91' lang='lat' dir='ltr'><strong>nomine</strong></span> <span class='ocrx_word' id='word_1_190' title='bbox 1353 3361 1409 3421; x_wconf 93' lang='lat' dir='ltr'><strong>tuo</strong></span> <span class='ocrx_word' id='word_1_191' title='bbox 1444 3359 1579 3436; x_wconf 90' lang='lat' dir='ltr'><strong>sancto,</strong></span> <span class='ocrx_word' id='word_1_192' title='bbox 1614 3350 1706 3422; x_wconf 91' lang='lat' dir='ltr'><strong>velut</strong></span> <span class='ocrx_word' id='word_1_193' title='bbox 1742 3350 1821 3422; x_wconf 90' lang='lat' dir='ltr'><strong>olim</strong></span> 
     </span>
     <span class='ocr_line' id='line_1_23' title="bbox 451 3461 1820 3561; baseline 0.001 -26"><span class='ocrx_word' id='word_1_194' title='bbox 451 3461 582 3536; x_wconf 88' lang='lat' dir='ltr'><strong>llamma</strong></span> <span class='ocrx_word' id='word_1_195' title='bbox 608 3464 833 3561; x_wconf 79' lang='lat' dir='ltr'><strong>Babylonica,</strong></span> <span class='ocrx_word' id='word_1_196' title='bbox 866 3488 886 3537; x_wconf 88' lang='lat' dir='ltr'><strong>a</strong></span> <span class='ocrx_word' id='word_1_197' title='bbox 916 3468 1029 3561; x_wconf 90' lang='lat' dir='ltr'><strong>pneris</strong></span> <span class='ocrx_word' id='word_1_198' title='bbox 1065 3464 1182 3536; x_wconf 89' lang='lat' dir='ltr'><strong>domus</strong></span> <span class='ocrx_word' id='word_1_199' title='bbox 1217 3463 1401 3537; x_wconf 90' lang='lat' dir='ltr'><strong>Hananiae.</strong></span> <span class='ocrx_word' id='word_1_200' title='bbox 1462 3463 1581 3558; x_wconf 90' lang='lat' dir='ltr'><strong>Neque</strong></span> <span class='ocrx_word' id='word_1_201' title='bbox 1616 3466 1702 3537; x_wconf 91' lang='lat' dir='ltr'><strong>enirn</strong></span> <span class='ocrx_word' id='word_1_202' title='bbox 1736 3463 1820 3537; x_wconf 92' lang='lat' dir='ltr'><strong>alios</strong></span> 
     </span>
     <span class='ocr_line' id='line_1_24' title="bbox 449 3577 1820 3676; baseline -0.001 -24"><span class='ocrx_word' id='word_1_203' title='bbox 449 3591 645 3674; x_wconf 82' lang='lat' dir='ltr'><strong>praetorto</strong></span> <span class='ocrx_word' id='word_1_204' title='bbox 671 3584 836 3664; x_wconf 86' lang='lat' dir='ltr'><strong>novimus,</strong></span> <span class='ocrx_word' id='word_1_205' title='bbox 863 3582 969 3672; x_wconf 80' lang='lat' dir='ltr'><strong>Deua,</strong></span> <span class='ocrx_word' id='word_1_206' title='bbox 995 3602 1104 3675; x_wconf 90' lang='lat' dir='ltr'><strong>neque</strong></span> <span class='ocrx_word' id='word_1_207' title='bbox 1130 3582 1164 3651; x_wconf 93' lang='lat' dir='ltr'><strong>in</strong></span> <span class='ocrx_word' id='word_1_208' title='bbox 1192 3580 1257 3651; x_wconf 93' lang='lat' dir='ltr'><strong>alio</strong></span> <span class='ocrx_word' id='word_1_209' title='bbox 1285 3602 1379 3676; x_wconf 90' lang='lat' dir='ltr'><strong>spem</strong></span> <span class='ocrx_word' id='word_1_210' title='bbox 1405 3577 1565 3652; x_wconf 90' lang='lat' dir='ltr'><strong>babemus</strong></span> <span class='ocrx_word' id='word_1_211' title='bbox 1592 3579 1707 3654; x_wconf 87' lang='lat' dir='ltr'><strong>salutis</strong></span> <span class='ocrx_word' id='word_1_212' title='bbox 1730 3601 1820 3654; x_wconf 91' lang='lat' dir='ltr'><strong>con-</strong></span> 
     </span>
     <span class='ocr_line' id='line_1_25' title="bbox 452 3694 1819 3791; baseline 0 -25"><span class='ocrx_word' id='word_1_213' title='bbox 452 3694 666 3790; x_wconf 88' lang='lat' dir='ltr'><strong>sequendae,</strong></span> <span class='ocrx_word' id='word_1_214' title='bbox 699 3701 730 3779; x_wconf 63' lang='lat' dir='ltr'><strong>,si</strong></span> <span class='ocrx_word' id='word_1_215' title='bbox 758 3696 889 3791; x_wconf 91' lang='lat' dir='ltr'><strong>quidem</strong></span> <span class='ocrx_word' id='word_1_216' title='bbox 917 3696 1113 3783; x_wconf 86' lang='lat' dir='ltr'><strong>auxiliator,</strong></span> <span class='ocrx_word' id='word_1_217' title='bbox 1146 3705 1180 3766; x_wconf 91' lang='lat' dir='ltr'><strong>et</strong></span> <span class='ocrx_word' id='word_1_218' title='bbox 1215 3694 1365 3768; x_wconf 88' lang='lat' dir='ltr'><strong>salvator</strong></span> <span class='ocrx_word' id='word_1_219' title='bbox 1399 3698 1535 3788; x_wconf 90' lang='lat' dir='ltr'><strong>generis</strong></span> <span class='ocrx_word' id='word_1_220' title='bbox 1568 3699 1674 3769; x_wconf 93' lang='lat' dir='ltr'><strong>nostri</strong></span> <span class='ocrx_word' id='word_1_221' title='bbox 1710 3707 1744 3768; x_wconf 91' lang='lat' dir='ltr'><strong>tu</strong></span> <span class='ocrx_word' id='word_1_222' title='bbox 1771 3716 1819 3767; x_wconf 88' lang='lat' dir='ltr'><strong>es.</strong></span> 
     </span>
     <span class='ocr_line' id='line_1_26' title="bbox 450 3808 1821 3908; baseline 0.001 -28"><span class='ocrx_word' id='word_1_223' title='bbox 450 3808 494 3883; x_wconf 84' lang='lat' dir='ltr'><strong>Et</strong></span> <span class='ocrx_word' id='word_1_224' title='bbox 511 3821 694 3906; x_wconf 86' lang='lat' dir='ltr'><strong>eapropter</strong></span> <span class='ocrx_word' id='word_1_225' title='bbox 722 3816 855 3908; x_wconf 89' lang='lat' dir='ltr'><strong>sapiens</strong></span> <span class='ocrx_word' id='word_1_226' title='bbox 877 3810 1032 3884; x_wconf 85' lang='lat' dir='ltr'><strong>Ecclesia</strong></span> <span class='ocrx_word' id='word_1_227' title='bbox 1057 3819 1125 3899; x_wconf 88' lang='lat' dir='ltr'><strong>tua,</strong></span> <span class='ocrx_word' id='word_1_228' title='bbox 1154 3831 1216 3906; x_wconf 94' lang='lat' dir='ltr'><strong>per</strong></span> <span class='ocrx_word' id='word_1_229' title='bbox 1234 3832 1295 3883; x_wconf 85' lang='lat' dir='ltr'><strong>ora</strong></span> <span class='ocrx_word' id='word_1_230' title='bbox 1315 3821 1349 3882; x_wconf 91' lang='lat' dir='ltr'><strong>et</strong></span> <span class='ocrx_word' id='word_1_231' title='bbox 1368 3810 1499 3904; x_wconf 83' lang='lat' dir='ltr'><strong>linguas</strong></span> <span class='ocrx_word' id='word_1_232' title='bbox 1514 3815 1656 3884; x_wconf 91' lang='lat' dir='ltr'><strong>omnium</strong></span> <span class='ocrx_word' id='word_1_233' title='bbox 1672 3819 1821 3883; x_wconf 85' lang='lat' dir='ltr'><strong>nostrum</strong></span> 
     </span>
     <span class='ocr_line' id='line_1_27' title="bbox 451 3923 1595 4022; baseline 0 -26"><span class='ocrx_word' id='word_1_234' title='bbox 451 3924 650 4021; x_wconf 85' lang='lat' dir='ltr'><strong>deprecatur</strong></span> <span class='ocrx_word' id='word_1_235' title='bbox 676 3937 726 4015; x_wconf 90' lang='lat' dir='ltr'><strong>tc,</strong></span> <span class='ocrx_word' id='word_1_236' title='bbox 754 3936 788 3998; x_wconf 90' lang='lat' dir='ltr'><strong>et</strong></span> <span class='ocrx_word' id='word_1_237' title='bbox 813 3949 875 4022; x_wconf 91' lang='lat' dir='ltr'><strong>per</strong></span> <span class='ocrx_word' id='word_1_238' title='bbox 902 3936 953 4014; x_wconf 85' lang='lat' dir='ltr'><strong>te,</strong></span> <span class='ocrx_word' id='word_1_239' title='bbox 980 3935 1014 3997; x_wconf 90' lang='lat' dir='ltr'><strong>et</strong></span> <span class='ocrx_word' id='word_1_240' title='bbox 1039 3935 1148 3996; x_wconf 89' lang='lat' dir='ltr'><strong>tecum</strong></span> <span class='ocrx_word' id='word_1_241' title='bbox 1175 3923 1307 3997; x_wconf 87' lang='lat' dir='ltr'><strong>Patrem</strong></span> <span class='ocrx_word' id='word_1_242' title='bbox 1334 3935 1441 4014; x_wconf 91' lang='lat' dir='ltr'><strong>tuum,</strong></span> <span class='ocrx_word' id='word_1_243' title='bbox 1470 3926 1595 3997; x_wconf 91' lang='lat' dir='ltr'><strong>dicens.</strong></span> 
     </span>
    </p>

    <p class='ocr_par' dir='ltr' id='par_1_5' title="bbox 553 4042 943 4135">
     <span class='ocr_line' id='line_1_28' title="bbox 553 4042 943 4135; baseline 0 -23"><span class='ocrx_word' id='word_1_244' title='bbox 553 4042 715 4135; x_wconf 84' lang='lat' dir='ltr'><strong>Papulas.</strong></span> <span class='ocrx_word' id='word_1_245' title='bbox 769 4042 943 4114; x_wconf 88' lang='lat' dir='ltr'><strong>Miserere.</strong></span> 
     </span>
    </p>

    <p class='ocr_par' dir='ltr' id='par_1_6' title="bbox 553 4155 1033 4252">
     <span class='ocr_line' id='line_1_29' title="bbox 553 4155 1033 4252; baseline -0.002 -25"><span class='ocrx_word' id='word_1_246' title='bbox 553 4155 736 4229; x_wconf 80' lang='lat' dir='ltr'><strong>Sacerdos.</strong></span> <span class='ocrx_word' id='word_1_247' title='bbox 788 4155 860 4229; x_wconf 91' lang='lat' dir='ltr'><strong>Nos</strong></span> <span class='ocrx_word' id='word_1_248' title='bbox 891 4178 1033 4252; x_wconf 91' lang='lat' dir='ltr'><strong>quoque.</strong></span> 
     </span>
    </p>

    <p class='ocr_par' dir='ltr' id='par_1_7' title="bbox 553 4267 1380 4359">
     <span class='ocr_line' id='line_1_30' title="bbox 553 4267 1380 4359; baseline -0.004 -16"><span class='ocrx_word' id='word_1_249' title='bbox 553 4272 740 4345; x_wconf 84' lang='lat' dir='ltr'><strong>Diaconos.</strong></span> <span class='ocrx_word' id='word_1_250' title='bbox 794 4273 901 4359; x_wconf 81' lang='lat' dir='ltr'><strong>Quam</strong></span> <span class='ocrx_word' id='word_1_251' title='bbox 927 4271 1071 4344; x_wconf 89' lang='lat' dir='ltr'><strong>timenda</strong></span> <span class='ocrx_word' id='word_1_252' title='bbox 1099 4279 1151 4343; x_wconf 88' lang='lat' dir='ltr'><strong>est</strong></span> <span class='ocrx_word' id='word_1_253' title='bbox 1175 4268 1260 4341; x_wconf 91' lang='lat' dir='ltr'><strong>baec</strong></span> <span class='ocrx_word' id='word_1_254' title='bbox 1287 4267 1380 4341; x_wconf 92' lang='lat' dir='ltr'><strong>hora.</strong></span> 
     </span>
    </p>
   </div>
   <div class='ocr_carea' id='block_1_3' title="bbox 482 4609 1783 4704">
    <p class='ocr_par' dir='ltr' id='par_1_8' title="bbox 482 4609 1783 4704">
     <span class='ocr_line' id='line_1_31' title="bbox 482 4609 1783 4704; baseline 0.001 -22"><span class='ocrx_word' id='word_1_255' title='bbox 482 4609 659 4684; x_wconf 81' lang='lat' dir='ltr'><strong>Sacerdos</strong></span> <span class='ocrx_word' id='word_1_256' title='bbox 684 4613 867 4683; x_wconf 84' lang='lat' dir='ltr'><strong>inclinatas</strong></span> <span class='ocrx_word' id='word_1_257' title='bbox 893 4613 978 4682; x_wconf 86' lang='lat' dir='ltr'><strong>dicit</strong></span> <span class='ocrx_word' id='word_1_258' title='bbox 1003 4612 1201 4682; x_wconf 81' lang='lat' dir='ltr'><strong>Orationem</strong></span> <span class='ocrx_word' id='word_1_259' title='bbox 1226 4610 1460 4681; x_wconf 78' lang='lat' dir='ltr'><strong>invocationis</strong></span> <span class='ocrx_word' id='word_1_260' title='bbox 1485 4609 1638 4704; x_wconf 81' lang='lat' dir='ltr'><strong>Spiritus</strong></span> <span class='ocrx_word' id='word_1_261' title='bbox 1662 4616 1783 4683; x_wconf 82' lang='lat' dir='ltr'><strong>sancti.</strong></span> 
     </span>
    </p>
   </div>
   <div class='ocr_carea' id='block_1_4' title="bbox 446 4830 1818 5274">
    <p class='ocr_par' dir='ltr' id='par_1_9' title="bbox 446 4830 1818 5274">
     <span class='ocr_line' id='line_1_32' title="bbox 552 4830 1818 4928; baseline 0 -24"><span class='ocrx_word' id='word_1_262' title='bbox 552 4833 604 4904; x_wconf 80' lang='lat' dir='ltr'><strong>&#39;l&#39;e</strong></span> <span class='ocrx_word' id='word_1_263' title='bbox 629 4838 752 4907; x_wconf 87' lang='lat' dir='ltr'><strong>invoco</strong></span> <span class='ocrx_word' id='word_1_264' title='bbox 778 4836 871 4906; x_wconf 89' lang='lat' dir='ltr'><strong>Deus</strong></span> <span class='ocrx_word' id='word_1_265' title='bbox 897 4834 1016 4905; x_wconf 83' lang='lat' dir='ltr'><strong>Pater:</strong></span> <span class='ocrx_word' id='word_1_266' title='bbox 1042 4836 1205 4904; x_wconf 88' lang='lat' dir='ltr'><strong>miserere</strong></span> <span class='ocrx_word' id='word_1_267' title='bbox 1230 4833 1353 4920; x_wconf 90' lang='lat' dir='ltr'><strong>nostri,</strong></span> <span class='ocrx_word' id='word_1_268' title='bbox 1388 4839 1423 4903; x_wconf 88' lang='lat' dir='ltr'><strong>et</strong></span> <span class='ocrx_word' id='word_1_269' title='bbox 1458 4830 1556 4903; x_wconf 89' lang='lat' dir='ltr'><strong>ablue</strong></span> <span class='ocrx_word' id='word_1_270' title='bbox 1587 4854 1649 4928; x_wconf 87' lang='lat' dir='ltr'><strong>per</strong></span> <span class='ocrx_word' id='word_1_271' title='bbox 1675 4836 1818 4924; x_wconf 87' lang='lat' dir='ltr'><strong>gratiam</strong></span> 
     </span>
     <span class='ocr_line' id='line_1_33' title="bbox 447 4945 1817 5043; baseline -0.001 -23"><span class='ocrx_word' id='word_1_272' title='bbox 447 4957 548 5037; x_wconf 78' lang='lat' dir='ltr'><strong>mam,</strong></span> <span class='ocrx_word' id='word_1_273' title='bbox 575 4949 807 5020; x_wconf 90' lang='lat' dir='ltr'><strong>immunditiam</strong></span> <span class='ocrx_word' id='word_1_274' title='bbox 837 4969 976 5043; x_wconf 92' lang='lat' dir='ltr'><strong>opernm</strong></span> <span class='ocrx_word' id='word_1_275' title='bbox 1001 4968 1151 5019; x_wconf 86' lang='lat' dir='ltr'><strong>meorum</strong></span> <span class='ocrx_word' id='word_1_276' title='bbox 1177 4946 1351 5034; x_wconf 88' lang='lat' dir='ltr'><strong>malornm,</strong></span> <span class='ocrx_word' id='word_1_277' title='bbox 1378 4945 1454 5017; x_wconf 88' lang='lat' dir='ltr'><strong>dele</strong></span> <span class='ocrx_word' id='word_1_278' title='bbox 1476 4968 1539 5041; x_wconf 91' lang='lat' dir='ltr'><strong>per</strong></span> <span class='ocrx_word' id='word_1_279' title='bbox 1555 4946 1817 5019; x_wconf 88' lang='lat' dir='ltr'><strong>misericordiam</strong></span> 
     </span>
     <span class='ocr_line' id='line_1_34' title="bbox 447 5060 1817 5158; baseline -0.002 -23"><span class='ocrx_word' id='word_1_280' title='bbox 447 5074 554 5152; x_wconf 89' lang='lat' dir='ltr'><strong>tuam,</strong></span> <span class='ocrx_word' id='word_1_281' title='bbox 590 5086 677 5158; x_wconf 90' lang='lat' dir='ltr'><strong>quae</strong></span> <span class='ocrx_word' id='word_1_282' title='bbox 711 5065 788 5137; x_wconf 90' lang='lat' dir='ltr'><strong>odio</strong></span> <span class='ocrx_word' id='word_1_283' title='bbox 824 5064 923 5155; x_wconf 85' lang='lat' dir='ltr'><strong>digna</strong></span> <span class='ocrx_word' id='word_1_284' title='bbox 956 5064 1115 5135; x_wconf 88' lang='lat' dir='ltr'><strong>commisi.</strong></span> <span class='ocrx_word' id='word_1_285' title='bbox 1167 5061 1300 5134; x_wconf 83' lang='lat' dir='ltr'><strong>Etenim</strong></span> <span class='ocrx_word' id='word_1_286' title='bbox 1333 5083 1401 5132; x_wconf 93' lang='lat' dir='ltr'><strong>non</strong></span> <span class='ocrx_word' id='word_1_287' title='bbox 1435 5061 1580 5132; x_wconf 84' lang='lat' dir='ltr'><strong>extendo</strong></span> <span class='ocrx_word' id='word_1_288' title='bbox 1613 5060 1655 5132; x_wconf 91' lang='lat' dir='ltr'><strong>ad</strong></span> <span class='ocrx_word' id='word_1_289' title='bbox 1680 5071 1715 5132; x_wconf 90' lang='lat' dir='ltr'><strong>te</strong></span> <span class='ocrx_word' id='word_1_290' title='bbox 1742 5082 1817 5132; x_wconf 90' lang='lat' dir='ltr'><strong>cum</strong></span> 
     </span>
     <span class='ocr_line' id='line_1_35' title="bbox 446 5175 1818 5274; baseline -0.002 -26"><span class='ocrx_word' id='word_1_291' title='bbox 446 5176 565 5250; x_wconf 80' lang='lat' dir='ltr'><strong>fidncia</strong></span> <span class='ocrx_word' id='word_1_292' title='bbox 593 5200 709 5252; x_wconf 90' lang='lat' dir='ltr'><strong>manus</strong></span> <span class='ocrx_word' id='word_1_293' title='bbox 735 5202 851 5266; x_wconf 88' lang='lat' dir='ltr'><strong>meas;</strong></span> <span class='ocrx_word' id='word_1_294' title='bbox 877 5200 987 5273; x_wconf 90' lang='lat' dir='ltr'><strong>neque</strong></span> <span class='ocrx_word' id='word_1_295' title='bbox 1014 5179 1099 5247; x_wconf 87' lang='lat' dir='ltr'><strong>enim</strong></span> <span class='ocrx_word' id='word_1_296' title='bbox 1126 5197 1264 5271; x_wconf 88' lang='lat' dir='ltr'><strong>possum</strong></span> <span class='ocrx_word' id='word_1_297' title='bbox 1280 5179 1314 5247; x_wconf 94' lang='lat' dir='ltr'><strong>in</strong></span> <span class='ocrx_word' id='word_1_298' title='bbox 1337 5175 1468 5248; x_wconf 91' lang='lat' dir='ltr'><strong>coelum</strong></span> <span class='ocrx_word' id='word_1_299' title='bbox 1487 5180 1653 5271; x_wconf 88' lang='lat' dir='ltr'><strong>aspicere,</strong></span> <span class='ocrx_word' id='word_1_300' title='bbox 1679 5183 1818 5274; x_wconf 85' lang='lat' dir='ltr'><strong>propter</strong></span> 
     </span>
    </p>
   </div>
   <div class='ocr_carea' id='block_1_5' title="bbox 447 5289 1817 5478">
    <p class='ocr_par' dir='ltr' id='par_1_10' title="bbox 447 5289 1817 5478">
     <span class='ocr_line' id='line_1_36' title="bbox 447 5289 1817 5388; baseline -0.003 -24"><span class='ocrx_word' id='word_1_301' title='bbox 447 5291 683 5367; x_wconf 85' lang='lat' dir='ltr'><strong>multitudinem</strong></span> <span class='ocrx_word' id='word_1_302' title='bbox 714 5298 917 5388; x_wconf 88' lang='lat' dir='ltr'><strong>iniquitatum</strong></span> <span class='ocrx_word' id='word_1_303' title='bbox 950 5313 1116 5380; x_wconf 89' lang='lat' dir='ltr'><strong>mearum,</strong></span> <span class='ocrx_word' id='word_1_304' title='bbox 1151 5300 1186 5363; x_wconf 88' lang='lat' dir='ltr'><strong>et</strong></span> <span class='ocrx_word' id='word_1_305' title='bbox 1218 5293 1409 5387; x_wconf 89' lang='lat' dir='ltr'><strong>spurcitiam</strong></span> <span class='ocrx_word' id='word_1_306' title='bbox 1440 5289 1624 5362; x_wconf 82' lang='lat' dir='ltr'><strong>facinorum</strong></span> <span class='ocrx_word' id='word_1_307' title='bbox 1656 5312 1817 5362; x_wconf 90' lang='lat' dir='ltr'><strong>meorum.</strong></span> 
     </span>
     <span class='ocr_line' id='line_1_37' title="bbox 1523 5405 1613 5478; baseline 0 0"><span class='ocrx_word' id='word_1_308' title='bbox 1523 5406 1574 5478; x_wconf 83' lang='lat'><strong>29</strong></span> <span class='ocrx_word' id='word_1_309' title='bbox 1594 5405 1613 5440; x_wconf 76' lang='lat'><strong>¹*</strong></span> 
     </span>
    </p>
   </div>
   <div class='ocr_carea' id='block_1_6' title="bbox 0 0 2580 6534">
    <p class='ocr_par' dir='ltr' id='par_1_11' title="bbox 0 0 2580 6534">
     <span class='ocr_line' id='line_1_38' title="bbox 0 0 2580 6534; baseline 0 1"><span class='ocrx_word' id='word_1_310' title='bbox 0 0 2580 6534; x_wconf 95' lang='lat' dir='ltr'><strong> </strong></span> 
     </span>
    </p>
   </div>
  </div>
 </body>
</html>
