5150 6534
614 837 688 914 118
985 838 1604 919 ocsuuvlttouts

609 1022 746 1105 pluribus
769 1022 883 1099 verbis,
906 1040 985 1103 quae
1006 1031 1095 1085 vetus
1118 1011 1246 1085 formula
1267 1024 1363 1086 trihus
1386 1022 1591 1105 exprimebat,
1621 1025 1811 1089 recentiores
1842 1023 1986 1107 explica·-

609 1124 717 1185 verint.
762 1121 979 1185 intellexerunt
999 1122 1103 1205 igitur,
1125 1121 1155 1184 id
1178 1121 1258 1201 quod
1281 1120 1430 1185 Catholici
1456 1122 1673 1203 pertendimus,
1695 1141 1754 1204 per
1774 1131 1884 1186 τοιιοιο
1905 1141 1986 1186 m-

610 1224 677 1297 etis,
701 1229 733 1283 et
756 1220 875 1301 cmpos
896 1219 1020 1285 Christi
1043 1220 1149 1298 Αυιιι,
1172 1218 1349 1302 signilicari,
1371 1220 1430 1283 hoc
1459 1221 1541 1302 quod
1563 1221 1733 1285 ostenditur
1758 1229 1792 1285 et
1812 1224 1985 1286 commuui-

610 1321 747 1383 cantibus
774 1320 957 1400 praebetur,
986 1337 1057 1382 esse
1088 1320 1185 1400 ipsum
1213 1336 1325 1399 corpus
1354 1318 1480 1398 Christi,
1509 1335 1573 1382 non
1598 1319 1681 1401 quod
1707 1319 1884 1384 Athenium
1911 1329 1986 1402 post

609 1418 691 1481 mille
720 1426 751 1481 ct
779 1418 905 1499 amplius
933 1434 1028 1480 annos
1058 1417 1261 1500 excogitavit,
1290 1418 1447 1500 mysticam
1475 1427 1505 1481 et
1528 1419 1783 1499 metaphoram,
1811 1420 1894 1499 quod
1922 1420 1986 1499 ipsi

608 1519 713 1597 fideles
732 1536 793 1579 aon
814 1519 913 1579 minua
934 1520 1005 1593 aar,
1027 1536 1117 1597 patum
1139 1517 1283 1577 elemento
1310 1525 1502 1592 consecratu,
1525 1516 1581 1579 sed
1603 1535 1719 1595 verum,
1740 1520 1771 1580 in
1794 1534 1854 1598 quo
1875 1517 1985 1581 iucar-
2026 1525 2028 1530 '

610 1623 709 1692 natus,
732 1633 913 1696 passusque,
936 1614 1071 1678 ascendit
1098 1616 1126 1676 in
1156 1603 1283 1675 codlmn.
1329 1613 1404 1678 Cum
1431 1632 1526 1695 porro
1553 1616 1630 1679 istae
1654 1616 1872 1680 Coniessioues
1900 1615 1984 1695 tuat,

610 1732 671 1778 non
694 1714 759 1777 heri
781 1723 832 1777 aut
854 1715 961 1777 nudius
984 1716 1090 1777 tertius
1114 1712 1298 1793 prodierint,
1327 1714 1382 1776 sed
1405 1713 1442 1775 ab
1464 1714 1604 1777 undecim
1631 1715 1764 1779 saeculis
1791 1716 1823 1777 in
1849 1716 1984 1793 ιοιὶοοο,

526 1807 529 1813 ’
612 1831 670 1893 qua
693 1814 914 1895 religiosiorem
937 1831 997 1876 non
1019 1813 1111 1875 habet
1132 1811 1280 1889 Ecclesia,
1305 1812 1437 1892 quotidie
1466 1812 1588 1893 publice
1616 1814 1834 1895 pronunciatae
1862 1812 1986 1889 merim

611 1913 713 1975 verbis
736 1915 775 1974 ita
799 1914 968 1993 perspicuis
990 1920 1023 1975 ut
1045 1911 1260 1974 dubitationem
1287 1928 1348 1972 non
1371 1912 1543 1989 admittant,
1572 1914 1599 1975 si
1627 1913 1726 1994 aliqua
1753 1920 1932 1994 superesset
1952 1914 1986 1977 iu
2049 1947 2054 1954 ·

611 2011 794 2092 simpliciore
817 2011 954 2089 formula,
977 2030 1035 2092 per
1056 2012 1168 2073 alteras
1198 2008 1409 2072 discuteretur.
1459 2012 1572 2073 Verum
1601 2012 1676 2074 istas
1708 2028 1767 2075 uec
1790 2010 1986 2088 tibertinus,

611 2129 670 2173 nec
692 2109 872 2185 Salmasius,
904 2129 963 2172 nec
991 2109 1041 2172 alii
1063 2110 1271 2172 Protestuntes
1294 2110 1476 2192 tetigerunt:
1506 2128 1595 2191 quarn
1623 2112 1704 2175 bona
1730 2109 1807 2185 lide,
1834 2109 1987 2175 lectorum

612 2216 678 2273 csta
698 2210 852 2291 judicium.
894 2209 953 2282 Qui
975 2208 1055 2272 enim
1076 2208 1205 2271 existis
1228 2205 1373 2290 biturgiis
1395 2207 1509 2271 habere
1531 2227 1566 2272 se
1588 2208 1668 2271 unde
1690 2207 1865 2272 Catholicos
1884 2207 1988 2273 refel-

610 2308 720 2385 lerent,
743 2317 801 2369 tam
821 2309 971 2389 jactanter
994 2306 1186 2383 allirmabaut,
1209 2304 1371 2368 Salmasius
1401 2326 1442 2369 ex
1465 2306 1591 2388 Coptica
1622 2307 1775 2392 Gregorii,
1803 2306 1986 2370 Albcrtiutu

612 2426 653 2469 ex
680 2404 876 2488 Aethiopica,
907 2406 1138 2470 Confessionem
1165 2405 1245 2467 illam
1275 2404 1346 2467 iidei
1374 2422 1453 2485 quae
1480 2407 1509 2467 in
1539 2414 1668 2487 utraque
1697 2406 1795 2469 statim
1822 2404 1988 2486 subjuncta

611 2505 782 2589 legebatur,
806 2506 961 2593 explicare
984 2505 1072 2568 nobis
1095 2504 1255 2567 dehebant.
1312 2503 1433 2584 Operae
1456 2506 1568 2585 quippe
1590 2507 1719 2585 pretium
1741 2504 1846 2567 luisset
1867 2504 1988 2569 docere

611 2622 680 2683 nos,
702 2606 797 2667 verba
827 2605 949 2686 propria
980 2613 1011 2667 et
1036 2605 1166 2665 maxime
1188 2602 1407 2685 significantia,
1435 2603 1517 2683 plebi
1546 2604 1635 2682 dicta,
1666 2613 1697 2666 et
1724 2602 1989 2667 demonstratione

613 2703 799 2767 sacramenti
821 2705 999 2784 magnisque
1013 2700 1212 2783 religionibus
1225 2700 1431 2778 determinata,
1454 2721 1516 2764 non
1529 2702 1609 2766 illam
1621 2703 1786 2765 doctrinam
1808 2701 1988 2783 designare,

614 2820 712 2881 quam,
735 2803 872 2882 quisquis
894 2801 986 2874 audit,
1010 2800 1165 2882 intelligit:
1194 2800 1248 2862 sed
1279 2800 1367 2862 aliam
1396 2802 1516 2881 penitus
1538 2802 1739 2880 contrariam,
1767 2818 1893 2881 mmque
1922 2818 1990 2864 uon

614 2908 683 2963 ante
707 2902 854 2963 ducentos
877 2917 971 2961 annos
992 2908 1102 2977 numm,
1124 2916 1213 2979 quam
1236 2901 1287 2979 qui
1306 2897 1414 2960 habeat
1436 2900 1467 2960 in
1490 2901 1598 2978 auimo,
1622 2900 1858 2981 quibuscumque
1880 2897 1990 2962 verbis

615 2998 692 3076 aliis,
715 3016 803 3079 quam
826 2997 969 3061 similibus
992 2998 1217 3079 exprimendam
1237 2998 1363 3079 judicet.

325 3286 356 3339 r.
374 3288 420 3339 m.
439 3285 455 3336 ι
476 3284 518 3336 13.
975 3274 1150 3345 Sacerdos
1176 3275 1306 3365 accipit
1331 3294 1457 3365 corpas
1483 3271 1621 3343 Christi.

311 3472 460 3525 eommunia
474 3474 601 3541 quomodo
722 3467 758 3543 ln
782 3476 1003 3539 Commentario
1026 3476 1065 3537 ad
1087 3477 1171 3538 istam
1187 3474 1334 3555 Copticae
1347 3474 1500 3557 liturgiae
1514 3483 1640 3554 purtem,
1663 3475 1753 3537 ritum
1765 3472 1990 3536 communionis

293 3560 456 3627 ”mim
616 3583 688 3643 satis
712 3579 779 3642 fuse
801 3579 1006 3659 exposuimus,
1029 3577 1106 3639 adeo
1129 3585 1162 3639 ut
1183 3594 1278 3657 pauca
1302 3577 1429 3639 dicenda
1451 3578 1615 3657 supersint,
1638 3578 1708 3657 quia
1729 3584 1763 3637 ut
1785 3576 1884 3638 omnia
1906 3593 1990 3657 quse

616 3680 653 3741 ad
677 3678 891 3742 communionis
914 3674 1100 3756 disciplinam
1122 3682 1275 3756 spectant,
1306 3694 1366 3738 uno
1390 3683 1557 3756 conspectu
1579 3682 1823 3755 exponerentur,
1857 3690 1921 3736 non
1950 3690 1991 3736 ea

615 3778 717 3853 modo,
739 3795 817 3857 quac
840 3776 877 3837 ad
901 3774 1037 3855 Coptitas
1059 3775 1183 3855 proprie
1204 3773 1392 3854 spectabant,
1416 3774 1471 3836 sed
1495 3774 1584 3836 etiam
1616 3772 1708 3835 multa
1738 3772 1823 3853 Syris
1849 3771 1990 3853 propria,

593 3875 704 3938 ‘simul
727 3875 949 3954 explicavimus.
994 3872 1083 3946 Quod
1106 3875 1198 3954 igitur
1218 3873 1367 3935 Ecclesiis
1394 3872 1531 3935 omnihus
1555 3890 1711 3935 commuue
1739 3881 1804 3948 est,
1834 3868 1990 3934 Sacerdos

616 3975 730 4054 primus
753 3973 860 4053 accipit
883 3990 993 4053 corpus
1017 3972 1137 4047 Christi,
1160 3980 1220 4033 tum
1244 3990 1283 4033 ex
1308 3971 1402 4034 calice
1424 3972 1498 4033 bibit
1519 3972 1697 4052 sanguinem
1721 3969 1840 4033 Christi
1867 3967 1991 4032 Deinde

616 4072 823 4134 sacerdotibus
846 4072 897 4152 qui
918 4071 1067 4134 sacrificio
1098 4070 1308 4146 interfuerunt,
1331 4088 1448 4132 sacram
1470 4069 1644 4149 particulam
1667 4071 1734 4150 ipse
1756 4068 1902 4149 porrigit:
1931 4084 1992 4130 ca-

616 4171 705 4232 licem
728 4188 847 4250 quoque
861 4164 920 4232 'dat
942 4172 1020 4251 ipse,
1044 4169 1099 4257 vel
1125 4170 1296 4246 Diaccuus,
1327 4177 1359 4230 ut
1393 4188 1433 4231 ex
1462 4187 1501 4231 co
1531 4169 1643 4231 bibant.
1686 4168 1731 4230 lta
1759 4167 1848 4235 etiam
1874 4163 1993 4229 alicubi

617 4269 810 4331 observatum
833 4267 887 4330 init
906 4267 944 4331 ad
966 4269 1203 4330 communionem
1218 4267 1344 4330 Diaconi
1367 4266 1576 4342 ministrantis3
1599 4267 1692 4347 vulgo
1715 4274 1824 4343 tament,
1846 4273 1908 4327 tam
1929 4264 1993 4344 ipsi

619 4384 707 4445 quam
728 4367 871 4429 Diaccnis
893 4375 924 4428 et
946 4366 1070 4447 reliquis
1093 4385 1132 4428 ex
1156 4365 1259 4443 Clero,
1282 4366 1430 4446 particula
1460 4368 1584 4428 intincta
1607 4364 1760 4427 cochleari
1790 4360 1993 4440 distribuitur,

618 4473 725 4545 postea
748 4465 868 4526 tandem
889 4464 998 4526 Laicis.
1044 4463 1215 4528 Communis
1246 4472 1293 4526 est
1316 4464 1455 4541 Graecis,-
1475 4473 1508 4526 ut
1529 4464 1666 4526 omuibus
1696 4461 1843 4526 Ecclesiis
1873 4457 1993 4524 Orien-

618 4564 726 4625 talibus
760 4562 836 4625 haec
864 4562 1039 4643 disciplina,
1071 4581 1159 4644 quam
1195 4564 1299 4643 paucis
1329 4561 1432 4625 verbis
1463 4562 1639 4643 complexus
1668 4569 1716 4624 est
1742 4558 1883 4623 lleletius
1914 4558 1995 4641 l'iga

333 4648 424 4717 ΟΜ·
436 4647 480 4701 θ’·
493 4648 606 4703 amauit
619 4660 791 4724 Patriurcha
814 4660 998 4724 Graecorum
1020 4660 1243 4723 Alexandrinus
1282 4657 1388 4723 Τοῦτο
1417 4656 1454 4724 δὲ
1483 4680 1553 4747 παρ
1585 4650 1661 4743 ἡμῖν
1681 4658 1758 4731 τοῖς
1785 4646 1996 4732 &mousom

297 4741 343 4786 “⁰
358 4751 384 4802 Ρ·
404 4733 465 4786 ¹¹¹
620 4746 785 4876 soranum
806 4752 937 4841 γίνεται,
958 4781 1028 4846 παρ
1046 4747 1108 4833 οἷς
1129 4752 1386 4833 siccissimum
1356 4779 1405 4833 εις
1426 4780 1464 4822 το
1457 4747 1720 4843 θυσιαστήριον
1732 4755 1845 4830 (τοῦτο
1866 4743 1931 4841 γὰρ
1950 4775 1997 4820 το

443 4859 445 4864 ’
618 4849 707 4942 ἱερὸν
728 4855 833 4941 βῆμα)
865 4854 896 4921 oi
918 4852 1017 4945 ἱερεῖς
1037 4878 1120 4936 μετα
1140 4855 1200 4920 τοῦ
1190 4845 1453 4968 αρχιερέως,’
1431 4880 1452 4941 η
1474 4845 1748 4920 codrulensium
1769 4843 1873 4919 τόπον
1902 4846 1997 4918 ἐπέ-

619 4973 741 5035 χοντος,
764 4945 883 5030 στολᾶς
898 4949 1140 5035 ἐνδεδομένοιῇ
1128 4945 1220 5067 ιερᾶς
1235 4945 1386 5033 μεταξύ
1374 4951 1626 5042 ιερουργοῦυτες,
1648 4949 1703 5016 καὶ
1717 4949 1996 5038 λειτουργοῦντες·

620 5047 849 5132 ἐκτεταμέναις
869 5055 943 5128 ταῖς
958 5071 1050 5137 χεροι
1039 5043 1322 5136 λαμβάνουσι
1284 5075 1324 5117 το
1337 5053 1433 5132 σῶμα
1454 5072 1515 5115 του
1501 5050 1692 5139 ’Χριστου
1714 5072 1800 5130 μετα
1791 5040 1998 5124 δὲταῦτα,

620 5171 663 5213 τα
653 5140 778 5235 χείλη
799 5150 846 5233 τῷ
875 5147 951 5264 ἱερῷ
978 5141 1293 5266 mpocmeiuocmec,
1310 5148 1369 5215 xci
1392 5141 1623 5237 προςοὶψαιτες
1645 5146 1810 5263 mmppip,
1836 5167 1877 5213 το
1865 5135 1999 5227 αἷμα

620 5268 795 5330 αρυοοσιν·
833 5240 918 5314 ἄλλα
954 5248 1061 5323 ταῦτα
1096 5241 1293 5336 ἡνωμένα
1277 5270 1394 5337 αμφω,
1431 5241 1488 5313 διά
1521 5268 1612 5323 τινος
1638 5236 1793 5334 ὀργάνου,
1823 5238 2000 5333 αρμοδὶοις
