5150 6534
937 869 969 947 S.
994 868 1163 947 DIONYSII
1187 870 1426 948 armantem
1451 869 1629 949 nrlscort
1892 873 1971 949 209

600 1054 835 1149 spiritualium,
870 1065 906 1128 et
940 1076 1057 1127 eorum
1082 1077 1144 1151 pro
1179 1055 1298 1150 quihus
1331 1066 1365 1127 et
1404 1079 1544 1151 quonam
1573 1060 1701 1151 gratim
1735 1056 1859 1132 oblatio
1886 1059 1973 1133 haec

600 1179 717 1243 sancta
747 1167 858 1242 oblata
884 1178 947 1243 est.

704 1285 855 1357 mecona
878 1307 1004 1357 vocem.
1056 1286 1215 1380 Adjunge
1240 1286 1385 1359 Domine
1417 1291 1551 1359 nomina
1584 1287 1714 1360 illorum
1750 1310 1825 1362 cum
1857 1295 1973 1364 nomi-

600 1398 699 1472 nibus
725 1410 915 1473 sanctorum
941 1411 1072 1473 tuorum
1098 1404 1131 1472 iu
1157 1400 1361 1474 habitatione
1387 1401 1487 1474 beata
1514 1425 1630 1475 eorum
1657 1406 1711 1498 qui
1726 1402 1846 1478 [marm
1873 1416 1976 1498 agunt

601 1524 637 1587 et
659 1516 825 1589 laetantur
849 1518 882 1587 iu
908 1525 960 1604 te;
986 1538 1053 1587 non
1078 1537 1249 1608 revocans
1275 1516 1339 1589 illis
1365 1520 1560 1590 memoriam
1586 1528 1801 1613 peccatorum
1827 1542 1975 1611 suorum,

602 1651 713 1725 neque
739 1653 1006 1704 commemorans
1032 1634 1114 1727 ipsis
1142 1654 1229 1728 quae
1254 1635 1447 1727 insipienter
1473 1643 1635 1724 egerunt3
1670 1638 1746 1728 quia
1779 1634 1888 1708 nullus
1923 1646 1977 1709 est

603 1750 697 1822 carni
722 1747 894 1839 alligatus,
921 1758 953 1818 et
979 1750 1140 1820 innocens
1166 1770 1281 1820 coram
1307 1756 1357 1819 te:
1383 1770 1468 1820 unus
1496 1750 1583 1820 enirn
1616 1750 1841 1823 tautummodo
1874 1774 1977 1847 super

602 1872 727 1935 terram
752 1865 848 1934 visus
881 1872 934 1934 est
967 1861 1096 1958 absque
1134 1873 1293 1959 peccato,
1327 1863 1428 1935 Jesus
1463 1862 1614 1936 Christus
1648 1866 1838 1956 unigenitus
1872 1866 1977 1939 Filius

602 1987 696 2050 tuus:
726 1972 741 2013 ⁰
767 1975 912 2073 simplex
938 1980 993 2072 qui
1020 1976 1061 2050 ad
1088 1981 1361 2073 compositionem
1387 1981 1497 2067 venit,
1525 2001 1709 2073 perquem
1745 2002 1809 2053 nos
1843 2002 1977 2077 quoque

604 2092 857 2166 misericordiae
882 2087 1140 2188 consequendae
1166 2115 1260 2188 spem
1286 2091 1456 2166 habemas.

706 2207 868 2301 Populus.
923 2208 1076 2294 Quietem
1100 2219 1246 2304 praesta.

707 2322 883 2394 Sacerdos
909 2322 1102 2395 inclinatus.
1137 2325 1282 2396 Peccata
1298 2333 1416 2396 nostra
1443 2334 1478 2395 et
1490 2322 1620 2395 illorum
1634 2323 1834 2411 voluntaria,
1861 2325 1977 2397 scien-

604 2450 657 2511 ter
684 2451 718 2511 et
743 2443 941 2531 ignoranter
967 2442 1145 2512 commissa
1170 2442 1361 2528 remittens,
1387 2441 1550 2534 propitius
1577 2449 1650 2512 esto
1665 2438 1822 2528 Domine,
1849 2450 1979 2511 amator

605 2553 783 2627 hominurn.

708 2669 859 2744 Eteoom
883 2693 1009 2743 nocem.
1061 2668 1106 2741 Et
1131 2679 1266 2765 praesta
1294 2667 1393 2742 nohis
1420 2668 1519 2740 finem
1534 2669 1726 2764 pacificum,
1753 2671 1878 2742 exitum
1905 2693 1980 2743 cum

604 2785 850 2859 misericordia:
875 2799 978 2882 utque
1004 2796 1129 2858 stemus
1163 2783 1320 2881 inculpati
1346 2783 1388 2855 ad
1415 2784 1606 2872 dexteram,
1642 2794 1676 2855 et
1701 2808 1776 2857 cum
1802 2783 1890 2857 facie
1915 2808 1980 2856 re-

605 2898 719 2971 velata
745 2909 780 2971 et
804 2900 934 2992 fidncia,
961 2923 1177 2976 occurramus
1204 2900 1247 2971 ad
1274 2907 1381 2971 ortum
1406 2903 1567 2991 unigeniti
1593 2900 1667 2971 Filii
1694 2902 1751 2992 tui,
1777 2898 1875 2972 etad
1901 2922 1981 2972 ma-

605 3013 851 3088 nitestationem
877 3021 951 3110 ejus
978 3014 1157 3088 secundam
1185 3024 1219 3086 et
1244 3014 1428 3105 gloriosam
1456 3015 1498 3087 de
1525 3014 1640 3088 coelo:
1674 3016 1910 3111 audiamusque
1938 3015 1981 3088 ab

605 3152 650 3202 eo
676 3152 800 3203 vocem
827 3132 918 3204 illam
944 3132 1091 3220 beatam,
1117 3153 1216 3224 mam
1242 3129 1351 3202 beatis
1377 3133 1412 3201 in
1436 3130 1503 3202 fine
1528 3130 1779 3226 pronunciabi,
1811 3130 1983 3203 benedicti

606 3244 731 3317 Putria
755 3250 841 3335 mei,
869 3251 1039 3341 capessite
1064 3246 1312 3317 haereditatem
1336 3249 1437 3337 regni
1462 3244 1639 3336 coelestia,
1665 3256 1701 3318 ut
1732 3251 1767 3318 in
1799 3245 1865 3319 hoo
1898 3251 1984 3318 sicut

605 3371 641 3433 et
671 3363 707 3433 in
741 3360 909 3450 omnibus,
945 3362 1149 3454 glorificetur
1185 3371 1219 3433 et
1251 3360 1402 3433 laudetur
1428 3381 1552 3433 nomen
1577 3369 1668 3432 tuum
1694 3364 1840 3434 maxime
1866 3383 1980 3432 vene-

607 3476 756 3548 randum.

711 3592 873 3686 Populus.
928 3591 981 3664 Ut

713 3705 900 3780 Sacerdos.
952 3707 1035 3779 Pax.

715 3821 878 3916 Populea.
931 3820 1076 3894 Etcum
1104 3824 1218 3916 spiritu
1247 3831 1313 3894 tuo.

639 4145 816 4225 Sacerdos
838 4149 972 4238 [recapit
998 4145 1158 4232 testimo,
1186 4152 1221 4216 et
1247 4145 1332 4215 dicit
1359 4145 1575 4231 Orationem,
1603 4150 1683 4215 onte
1709 4145 1811 4216 Pater
1835 4153 1961 4215 noster.

719 4352 822 4423 Pater
848 4353 992 4422 omnium
1019 4359 1053 4420 et
1079 4351 1274 4445 principium
1302 4347 1390 4443 quod
1417 4360 1468 4421 est
1494 4370 1596 4443 super
1622 4351 1749 4436 omnia,
1775 4349 1836 4420 tux
1853 4357 1990 4418 aeterna

619 4478 654 4538 et
677 4464 755 4539 fons
781 4466 882 4552 lucis,
917 4487 1002 4560 quae
1038 4464 1197 4537 illuminat
1232 4487 1349 4537 omnes
1384 4476 1519 4537 naturas
1552 4466 1682 4536 ratione
1716 4463 1900 4559 praeditas,
1937 4464 1991 4556 qui

620 4604 727 4656 vocas
755 4604 801 4653 ex
827 4581 967 4683 pulvere
993 4583 1141 4677 inopem,
1170 4591 1203 4651 et
1230 4580 1272 4652 de
1305 4590 1455 4652 stercore
1489 4581 1592 4671 erigis
1626 4601 1826 4674 pauperem,
1862 4588 1896 4650 et
1928 4599 1991 4648 nos

617 4701 782 4792 jactatos,
819 4698 964 4787 rejectos
1000 4704 1034 4766 et
1066 4696 1212 4768 infirmos
1245 4696 1287 4766 ad
1318 4694 1504 4767 libertatem
1539 4695 1574 4766 et
1607 4693 1832 4767 domesticam·
1853 4694 1993 4767 tiliorum

622 4823 753 4886 tuorum
780 4812 971 4903 dignitatern
997 4814 1147 4900 vocasti,
1173 4833 1235 4905 per
1261 4811 1378 4883 Filium
1405 4820 1495 4883 tuum
1521 4809 1691 4881 dilectum:
1727 4820 1861 4904 praesta
1895 4808 1994 4882 nobis

624 4939 661 5000 ut
685 4926 743 5000 tilii
769 4930 873 5000 sancti
900 4938 934 4998 et
959 4926 1023 4997 hoc
1050 4929 1250 5017 cognomine
1283 4948 1349 4999 non
1383 4925 1510 5018 indigni
1544 4946 1765 5021 appareamus
1801 4946 1915 4996 coram
1951 4933 1995 5013 te,

625 5065 726 5118 omne
753 5065 886 5137 quoque
912 5044 1126 5115 ministerium
1152 5053 1321 5130 nostrum,
1348 5040 1528 5115 secundum
1553 5062 1668 5113 mores
1699 5039 1884 5136 inorrlpatos
1910 5061 1997 5134 per-

627 5157 795 5248 ficiamus,
834 5168 868 5231 et
903 5180 977 5229 cum
1016 5160 1159 5253 puritate
1192 5161 1341 5247 animae,
1378 5156 1564 5229 intellectus
1603 5155 1780 5247 munditia,
1820 5155 1999 5248 divinaque

629 5285 759 5376 mente,
787 5296 993 5369 quacumque
1017 5272 1101 5347 hora
1126 5276 1323 5347 invocemus
1356 5283 1390 5345 te
1423 5272 1532 5360 Deum
1562 5272 1695 5345 Patrem
1731 5272 1999 5367 omnipotentem,
