<?xml version="1.0" encoding="UTF-8"?>
<!DOCTYPE html PUBLIC "-//W3C//DTD XHTML 1.0 Transitional//EN"
    "http://www.w3.org/TR/xhtml1/DTD/xhtml1-transitional.dtd">
<html xmlns="http://www.w3.org/1999/xhtml" xml:lang="en" lang="en">
 <head>
  <title>
</title>
<meta http-equiv="Content-Type" content="text/html;charset=utf-8" />
  <meta name='ocr-system' content='tesseract 3.04.00' />
  <meta name='ocr-capabilities' content='ocr_page ocr_carea ocr_par ocr_line ocrx_word'/>
</head>
<body>
  <div class='ocr_page' id='page_1' title='image "./liturgiarumorie00renagoog_0571.png"; bbox 0 0 5150 6534; ppageno 0'>
   <div class='ocr_carea' id='block_1_1' title="bbox 869 880 1979 961">
    <p class='ocr_par' dir='ltr' id='par_1_1' title="bbox 869 880 1979 961">
     <span class='ocr_line' id='line_1_1' title="bbox 869 880 1979 961; baseline 0.003 -4"><span class='ocrx_word' id='word_1_1' title='bbox 869 880 1049 959; x_wconf 81' lang='lat' dir='ltr'><strong>lGNllTll</strong></span> <span class='ocrx_word' id='word_1_2' title='bbox 1079 881 1400 960; x_wconf 78' lang='lat' dir='ltr'><strong>PATRIARGHAE</strong></span> <span class='ocrx_word' id='word_1_3' title='bbox 1434 883 1730 961; x_wconf 80' lang='lat' dir='ltr'><strong>ANTIOCHENI.</strong></span> <span class='ocrx_word' id='word_1_4' title='bbox 1904 886 1979 960; x_wconf 85' lang='lat'><strong>533</strong></span> 
     </span>
    </p>
   </div>
   <div class='ocr_carea' id='block_1_2' title="bbox 524 1067 2038 5489">
    <p class='ocr_par' dir='ltr' id='par_1_2' title="bbox 715 1067 1203 1164">
     <span class='ocr_line' id='line_1_2' title="bbox 715 1067 1203 1164; baseline 0 -25"><span class='ocrx_word' id='word_1_5' title='bbox 715 1067 877 1161; x_wconf 75' lang='lat' dir='ltr'><strong>Populus.</strong></span> <span class='ocrx_word' id='word_1_6' title='bbox 931 1067 1038 1164; x_wconf 76' lang='lat' dir='ltr'><strong>llyrie</strong></span> <span class='ocrx_word' id='word_1_7' title='bbox 1065 1069 1203 1141; x_wconf 91' lang='lat' dir='ltr'><strong>eleison.</strong></span> 
     </span>
    </p>

    <p class='ocr_par' dir='ltr' id='par_1_3' title="bbox 537 1182 2038 3713">
     <span class='ocr_line' id='line_1_3' title="bbox 714 1182 2009 1259; baseline 0.004 -5"><span class='ocrx_word' id='word_1_8' title='bbox 714 1182 890 1256; x_wconf 79' lang='lat' dir='ltr'><strong>Sacerdos</strong></span> <span class='ocrx_word' id='word_1_9' title='bbox 922 1185 1058 1255; x_wconf 79' lang='lat' dir='ltr'><strong>elevans</strong></span> <span class='ocrx_word' id='word_1_10' title='bbox 1087 1206 1213 1256; x_wconf 74' lang='lat' dir='ltr'><strong>vocem·</strong></span> <span class='ocrx_word' id='word_1_11' title='bbox 1253 1184 1387 1257; x_wconf 92' lang='lat' dir='ltr'><strong>Illarum</strong></span> <span class='ocrx_word' id='word_1_12' title='bbox 1415 1185 1640 1257; x_wconf 90' lang='lat' dir='ltr'><strong>columnarum</strong></span> <span class='ocrx_word' id='word_1_13' title='bbox 1667 1195 1832 1257; x_wconf 87' lang='lat' dir='ltr'><strong>rectarum</strong></span> <span class='ocrx_word' id='word_1_14' title='bbox 1860 1197 1894 1258; x_wconf 91' lang='lat' dir='ltr'><strong>et</strong></span> <span class='ocrx_word' id='word_1_15' title='bbox 1920 1190 1978 1259; x_wconf 90' lang='lat' dir='ltr'><strong>in·</strong></span> <span class='ocrx_word' id='word_1_16' title='bbox 2006 1202 2009 1206; x_wconf 82' lang='lat'>&#39;</span> 
     </span>
     <span class='ocr_line' id='line_1_4' title="bbox 610 1298 1979 1396; baseline 0.001 -23"><span class='ocrx_word' id='word_1_17' title='bbox 610 1322 866 1389; x_wconf 72' lang='lat' dir='ltr'><strong>concussurum,</strong></span> <span class='ocrx_word' id='word_1_18' title='bbox 894 1323 980 1395; x_wconf 87' lang='lat' dir='ltr'><strong>quac</strong></span> <span class='ocrx_word' id='word_1_19' title='bbox 1007 1323 1090 1373; x_wconf 92' lang='lat' dir='ltr'><strong>onus</strong></span> <span class='ocrx_word' id='word_1_20' title='bbox 1121 1298 1292 1374; x_wconf 82' lang='lat' dir='ltr'><strong>formosae</strong></span> <span class='ocrx_word' id='word_1_21' title='bbox 1325 1300 1410 1371; x_wconf 89' lang='lat' dir='ltr'><strong>illins</strong></span> <span class='ocrx_word' id='word_1_22' title='bbox 1446 1325 1543 1396; x_wconf 90' lang='lat' dir='ltr'><strong>quam</strong></span> <span class='ocrx_word' id='word_1_23' title='bbox 1578 1300 1630 1373; x_wconf 93' lang='lat' dir='ltr'><strong>sol</strong></span> <span class='ocrx_word' id='word_1_24' title='bbox 1665 1298 1871 1373; x_wconf 87' lang='lat' dir='ltr'><strong>decoloravit</strong></span> <span class='ocrx_word' id='word_1_25' title='bbox 1901 1302 1979 1375; x_wconf 89' lang='lat' dir='ltr'><strong>lae-</strong></span> 
     </span>
     <span class='ocr_line' id='line_1_5' title="bbox 609 1415 1980 1513; baseline 0.001 -23"><span class='ocrx_word' id='word_1_26' title='bbox 609 1426 718 1490; x_wconf 87' lang='lat' dir='ltr'><strong>tanter</strong></span> <span class='ocrx_word' id='word_1_27' title='bbox 745 1419 983 1509; x_wconf 80' lang='lat' dir='ltr'><strong>sustinuemnt;</strong></span> <span class='ocrx_word' id='word_1_28' title='bbox 1010 1440 1096 1513; x_wconf 87' lang='lat' dir='ltr'><strong>quae</strong></span> <span class='ocrx_word' id='word_1_29' title='bbox 1122 1416 1210 1489; x_wconf 92' lang='lat' dir='ltr'><strong>illam</strong></span> <span class='ocrx_word' id='word_1_30' title='bbox 1238 1420 1345 1513; x_wconf 83' lang='lat' dir='ltr'><strong>ipsam</strong></span> <span class='ocrx_word' id='word_1_31' title='bbox 1370 1416 1470 1488; x_wconf 90' lang='lat' dir='ltr'><strong>liliam</strong></span> <span class='ocrx_word' id='word_1_32' title='bbox 1490 1417 1666 1512; x_wconf 70' lang='lat' dir='ltr'><strong>Syrorum,</strong></span> <span class='ocrx_word' id='word_1_33' title='bbox 1692 1415 1878 1488; x_wconf 83' lang='lat' dir='ltr'><strong>Ecclesiam</strong></span> <span class='ocrx_word' id='word_1_34' title='bbox 1894 1443 1980 1491; x_wconf 88' lang='lat' dir='ltr'><strong>san-</strong></span> 
     </span>
     <span class='ocr_line' id='line_1_6' title="bbox 610 1524 1980 1628; baseline 0.002 -24"><span class='ocrx_word' id='word_1_35' title='bbox 610 1541 697 1605; x_wconf 87' lang='lat' dir='ltr'><strong>ctam</strong></span> <span class='ocrx_word' id='word_1_36' title='bbox 723 1540 877 1628; x_wconf 92' lang='lat' dir='ltr'><strong>potenter</strong></span> <span class='ocrx_word' id='word_1_37' title='bbox 902 1524 1118 1606; x_wconf 74' lang='lat' dir='ltr'><strong>fulciverunti</strong></span> <span class='ocrx_word' id='word_1_38' title='bbox 1145 1535 1199 1628; x_wconf 90' lang='lat' dir='ltr'><strong>qui</strong></span> <span class='ocrx_word' id='word_1_39' title='bbox 1225 1532 1473 1605; x_wconf 88' lang='lat' dir='ltr'><strong>tabernaculum</strong></span> <span class='ocrx_word' id='word_1_40' title='bbox 1501 1534 1572 1623; x_wconf 90' lang='lat' dir='ltr'><strong>ejus</strong></span> <span class='ocrx_word' id='word_1_41' title='bbox 1590 1555 1689 1628; x_wconf 91' lang='lat' dir='ltr'><strong>supra</strong></span> <span class='ocrx_word' id='word_1_42' title='bbox 1708 1530 1795 1604; x_wconf 91' lang='lat' dir='ltr'><strong>cocli</strong></span> <span class='ocrx_word' id='word_1_43' title='bbox 1821 1537 1980 1626; x_wconf 87' lang='lat' dir='ltr'><strong>regiones</strong></span> 
     </span>
     <span class='ocr_line' id='line_1_7' title="bbox 610 1647 1981 1744; baseline 0.002 -23"><span class='ocrx_word' id='word_1_44' title='bbox 610 1660 804 1744; x_wconf 88' lang='lat' dir='ltr'><strong>posuerunt,</strong></span> <span class='ocrx_word' id='word_1_45' title='bbox 831 1660 864 1720; x_wconf 87' lang='lat' dir='ltr'><strong>et</strong></span> <span class='ocrx_word' id='word_1_46' title='bbox 889 1647 985 1720; x_wconf 88' lang='lat' dir='ltr'><strong>lunes</strong></span> <span class='ocrx_word' id='word_1_47' title='bbox 1013 1652 1085 1741; x_wconf 91' lang='lat' dir='ltr'><strong>cjus</strong></span> <span class='ocrx_word' id='word_1_48' title='bbox 1111 1672 1173 1743; x_wconf 91' lang='lat' dir='ltr'><strong>per</strong></span> <span class='ocrx_word' id='word_1_49' title='bbox 1199 1660 1340 1743; x_wconf 89' lang='lat' dir='ltr'><strong>quatuor</strong></span> <span class='ocrx_word' id='word_1_50' title='bbox 1366 1659 1477 1720; x_wconf 88' lang='lat' dir='ltr'><strong>terrae</strong></span> <span class='ocrx_word' id='word_1_51' title='bbox 1503 1658 1615 1743; x_wconf 86' lang='lat' dir='ltr'><strong>partes</strong></span> <span class='ocrx_word' id='word_1_52' title='bbox 1644 1649 1872 1722; x_wconf 84' lang='lat' dir='ltr'><strong>extenderunt.</strong></span> <span class='ocrx_word' id='word_1_53' title='bbox 1915 1653 1981 1738; x_wconf 75' lang='lat' dir='ltr'><strong>oar</strong></span> 
     </span>
     <span class='ocr_line' id='line_1_8' title="bbox 609 1763 1980 1858; baseline 0.001 -21"><span class='ocrx_word' id='word_1_54' title='bbox 609 1768 729 1837; x_wconf 90' lang='lat' dir='ltr'><strong>iterum</strong></span> <span class='ocrx_word' id='word_1_55' title='bbox 761 1789 803 1837; x_wconf 92' lang='lat' dir='ltr'><strong>ac</strong></span> <span class='ocrx_word' id='word_1_56' title='bbox 833 1769 932 1837; x_wconf 91' lang='lat' dir='ltr'><strong>tertio</strong></span> <span class='ocrx_word' id='word_1_57' title='bbox 967 1788 1083 1857; x_wconf 64' lang='lat' dir='ltr'><strong>agam</strong></span> <span class='ocrx_word' id='word_1_58' title='bbox 1118 1769 1191 1858; x_wconf 89' lang='lat' dir='ltr'><strong>ejus</strong></span> <span class='ocrx_word' id='word_1_59' title='bbox 1225 1766 1400 1854; x_wconf 90' lang='lat' dir='ltr'><strong>incultum,</strong></span> <span class='ocrx_word' id='word_1_60' title='bbox 1433 1763 1611 1836; x_wconf 82' lang='lat' dir='ltr'><strong>Ecclesiae</strong></span> <span class='ocrx_word' id='word_1_61' title='bbox 1638 1788 1683 1835; x_wconf 87' lang='lat' dir='ltr'><strong>ex</strong></span> <span class='ocrx_word' id='word_1_62' title='bbox 1710 1765 1864 1855; x_wconf 87' lang='lat' dir='ltr'><strong>gentibus</strong></span> <span class='ocrx_word' id='word_1_63' title='bbox 1891 1790 1980 1839; x_wconf 92' lang='lat' dir='ltr'><strong>con-</strong></span> 
     </span>
     <span class='ocr_line' id='line_1_9' title="bbox 611 1879 1979 1979; baseline 0.003 -27"><span class='ocrx_word' id='word_1_64' title='bbox 611 1890 785 1974; x_wconf 79' lang='lat' dir='ltr'><strong>gregatae,</strong></span> <span class='ocrx_word' id='word_1_65' title='bbox 813 1905 833 1953; x_wconf 88' lang='lat' dir='ltr'><strong>a</strong></span> <span class='ocrx_word' id='word_1_66' title='bbox 860 1881 959 1976; x_wconf 72' lang='lat' dir='ltr'><strong>sylva</strong></span> <span class='ocrx_word' id='word_1_67' title='bbox 986 1883 1198 1971; x_wconf 85' lang='lat' dir='ltr'><strong>zinaniorum,</strong></span> <span class='ocrx_word' id='word_1_68' title='bbox 1226 1893 1259 1954; x_wconf 92' lang='lat' dir='ltr'><strong>et</strong></span> <span class='ocrx_word' id='word_1_69' title='bbox 1285 1885 1401 1979; x_wconf 77' lang='lat' dir='ltr'><strong>spinis,</strong></span> <span class='ocrx_word' id='word_1_70' title='bbox 1428 1879 1656 1977; x_wconf 91' lang='lat' dir='ltr'><strong>vepribusque</strong></span> <span class='ocrx_word' id='word_1_71' title='bbox 1683 1884 1715 1950; x_wconf 92' lang='lat' dir='ltr'><strong>in</strong></span> <span class='ocrx_word' id='word_1_72' title='bbox 1743 1904 1783 1951; x_wconf 91' lang='lat' dir='ltr'><strong>ea</strong></span> <span class='ocrx_word' id='word_1_73' title='bbox 1811 1886 1979 1956; x_wconf 89' lang='lat' dir='ltr'><strong>seminatis</strong></span> 
     </span>
     <span class='ocr_line' id='line_1_10' title="bbox 608 1984 1979 2094; baseline 0.003 -27"><span class='ocrx_word' id='word_1_74' title='bbox 608 2006 857 2094; x_wconf 87' lang='lat' dir='ltr'><strong>purgaverunt:</strong></span> <span class='ocrx_word' id='word_1_75' title='bbox 884 1995 1116 2093; x_wconf 91' lang='lat' dir='ltr'><strong>plantaverunt</strong></span> <span class='ocrx_word' id='word_1_76' title='bbox 1143 1999 1240 2068; x_wconf 91' lang='lat' dir='ltr'><strong>ctiam</strong></span> <span class='ocrx_word' id='word_1_77' title='bbox 1266 1984 1305 2067; x_wconf 86' lang='lat' dir='ltr'><strong>¹in</strong></span> <span class='ocrx_word' id='word_1_78' title='bbox 1332 2020 1373 2067; x_wconf 90' lang='lat' dir='ltr'><strong>ea</strong></span> <span class='ocrx_word' id='word_1_79' title='bbox 1408 1996 1538 2092; x_wconf 81' lang='lat' dir='ltr'><strong>plantas</strong></span> <span class='ocrx_word' id='word_1_80' title='bbox 1570 1994 1763 2068; x_wconf 86' lang='lat' dir='ltr'><strong>benedictas</strong></span> <span class='ocrx_word' id='word_1_81' title='bbox 1799 2002 1979 2072; x_wconf 89' lang='lat' dir='ltr'><strong>animarum</strong></span> 
     </span>
     <span class='ocr_line' id='line_1_11' title="bbox 608 2110 1979 2209; baseline 0.001 -24"><span class='ocrx_word' id='word_1_82' title='bbox 608 2110 765 2203; x_wconf 86' lang='lat' dir='ltr'><strong>fidebam,</strong></span> <span class='ocrx_word' id='word_1_83' title='bbox 792 2136 878 2207; x_wconf 92' lang='lat' dir='ltr'><strong>quae</strong></span> <span class='ocrx_word' id='word_1_84' title='bbox 906 2116 990 2184; x_wconf 90' lang='lat' dir='ltr'><strong>sicut</strong></span> <span class='ocrx_word' id='word_1_85' title='bbox 1016 2112 1107 2185; x_wconf 91' lang='lat' dir='ltr'><strong>cedri</strong></span> <span class='ocrx_word' id='word_1_86' title='bbox 1133 2112 1253 2184; x_wconf 89' lang='lat' dir='ltr'><strong>Libani</strong></span> <span class='ocrx_word' id='word_1_87' title='bbox 1281 2122 1446 2201; x_wconf 85' lang='lat' dir='ltr'><strong>crescunt,</strong></span> <span class='ocrx_word' id='word_1_88' title='bbox 1474 2123 1508 2184; x_wconf 93' lang='lat' dir='ltr'><strong>et</strong></span> <span class='ocrx_word' id='word_1_89' title='bbox 1534 2114 1725 2185; x_wconf 90' lang='lat' dir='ltr'><strong>ascendunt.</strong></span> <span class='ocrx_word' id='word_1_90' title='bbox 1778 2113 1909 2186; x_wconf 90' lang='lat' dir='ltr'><strong>Illorum</strong></span> <span class='ocrx_word' id='word_1_91' title='bbox 1925 2118 1979 2209; x_wconf 92' lang='lat' dir='ltr'><strong>qui</strong></span> 
     </span>
     <span class='ocr_line' id='line_1_12' title="bbox 610 2226 1978 2325; baseline 0.002 -25"><span class='ocrx_word' id='word_1_92' title='bbox 610 2250 657 2300; x_wconf 85' lang='lat' dir='ltr'><strong>ex</strong></span> <span class='ocrx_word' id='word_1_93' title='bbox 682 2226 774 2301; x_wconf 85' lang='lat' dir='ltr'><strong>fonte</strong></span> <span class='ocrx_word' id='word_1_94' title='bbox 799 2227 924 2300; x_wconf 91' lang='lat' dir='ltr'><strong>Edenis</strong></span> <span class='ocrx_word' id='word_1_95' title='bbox 952 2250 1012 2300; x_wconf 91' lang='lat' dir='ltr'><strong>seu</strong></span> <span class='ocrx_word' id='word_1_96' title='bbox 1039 2228 1190 2300; x_wconf 87' lang='lat' dir='ltr'><strong>Paradisi</strong></span> <span class='ocrx_word' id='word_1_97' title='bbox 1218 2240 1358 2325; x_wconf 86' lang='lat' dir='ltr'><strong>quatuor</strong></span> <span class='ocrx_word' id='word_1_98' title='bbox 1385 2231 1543 2324; x_wconf 92' lang='lat' dir='ltr'><strong>capitum,</strong></span> <span class='ocrx_word' id='word_1_99' title='bbox 1569 2227 1686 2300; x_wconf 87' lang='lat' dir='ltr'><strong>bansta</strong></span> <span class='ocrx_word' id='word_1_100' title='bbox 1719 2252 1805 2323; x_wconf 88' lang='lat' dir='ltr'><strong>aqua</strong></span> <span class='ocrx_word' id='word_1_101' title='bbox 1839 2254 1897 2303; x_wconf 88' lang='lat' dir='ltr'><strong>eas</strong></span> <span class='ocrx_word' id='word_1_102' title='bbox 1925 2235 1978 2303; x_wconf 89' lang='lat' dir='ltr'><strong>ri-</strong></span> 
     </span>
     <span class='ocr_line' id='line_1_13' title="bbox 610 2343 1979 2440; baseline 0.003 -25"><span class='ocrx_word' id='word_1_103' title='bbox 610 2354 778 2438; x_wconf 88' lang='lat' dir='ltr'><strong>gaverunt</strong></span> <span class='ocrx_word' id='word_1_104' title='bbox 804 2343 1066 2436; x_wconf 89' lang='lat' dir='ltr'><strong>Evangeliorum</strong></span> <span class='ocrx_word' id='word_1_105' title='bbox 1093 2343 1201 2415; x_wconf 90' lang='lat' dir='ltr'><strong>lluviis</strong></span> <span class='ocrx_word' id='word_1_106' title='bbox 1229 2354 1382 2440; x_wconf 89' lang='lat' dir='ltr'><strong>quatuor:</strong></span> <span class='ocrx_word' id='word_1_107' title='bbox 1419 2347 1474 2440; x_wconf 92' lang='lat' dir='ltr'><strong>qui</strong></span> <span class='ocrx_word' id='word_1_108' title='bbox 1509 2348 1707 2417; x_wconf 73' lang='lat' dir='ltr'><strong>structiones</strong></span> <span class='ocrx_word' id='word_1_109' title='bbox 1733 2343 1911 2436; x_wconf 74' lang='lat' dir='ltr'><strong>lateritiae,</strong></span> <span class='ocrx_word' id='word_1_110' title='bbox 1945 2357 1979 2419; x_wconf 90' lang='lat' dir='ltr'><strong>et</strong></span> 
     </span>
     <span class='ocr_line' id='line_1_14' title="bbox 609 2457 1976 2555; baseline 0.002 -25"><span class='ocrx_word' id='word_1_111' title='bbox 609 2457 728 2548; x_wconf 86' lang='lat' dir='ltr'><strong>luteas,</strong></span> <span class='ocrx_word' id='word_1_112' title='bbox 755 2458 1030 2555; x_wconf 81' lang='lat' dir='ltr'><strong>fundamentaque</strong></span> <span class='ocrx_word' id='word_1_113' title='bbox 1059 2458 1273 2549; x_wconf 86' lang='lat' dir='ltr'><strong>Chalanitica,</strong></span> <span class='ocrx_word' id='word_1_114' title='bbox 1301 2483 1491 2534; x_wconf 89' lang='lat' dir='ltr'><strong>sermonum</strong></span> <span class='ocrx_word' id='word_1_115' title='bbox 1507 2460 1683 2549; x_wconf 91' lang='lat' dir='ltr'><strong>subtilium,</strong></span> <span class='ocrx_word' id='word_1_116' title='bbox 1711 2463 1976 2533; x_wconf 91' lang='lat' dir='ltr'><strong>contrariorum-</strong></span> 
     </span>
     <span class='ocr_line' id='line_1_15' title="bbox 609 2574 1978 2672; baseline 0 -24"><span class='ocrx_word' id='word_1_117' title='bbox 609 2597 674 2672; x_wconf 88' lang='lat' dir='ltr'><strong>que</strong></span> <span class='ocrx_word' id='word_1_118' title='bbox 700 2578 845 2665; x_wconf 88' lang='lat' dir='ltr'><strong>vcritati,</strong></span> <span class='ocrx_word' id='word_1_119' title='bbox 875 2576 1047 2648; x_wconf 87' lang='lat' dir='ltr'><strong>aedificata</strong></span> <span class='ocrx_word' id='word_1_120' title='bbox 1083 2585 1117 2646; x_wconf 90' lang='lat' dir='ltr'><strong>et</strong></span> <span class='ocrx_word' id='word_1_121' title='bbox 1150 2575 1302 2664; x_wconf 89' lang='lat' dir='ltr'><strong>elevata,</strong></span> <span class='ocrx_word' id='word_1_122' title='bbox 1341 2577 1530 2665; x_wconf 88' lang='lat' dir='ltr'><strong>dimemnt,</strong></span> <span class='ocrx_word' id='word_1_123' title='bbox 1564 2585 1598 2648; x_wconf 89' lang='lat' dir='ltr'><strong>ct</strong></span> <span class='ocrx_word' id='word_1_124' title='bbox 1631 2574 1705 2649; x_wconf 92' lang='lat' dir='ltr'><strong>solo</strong></span> <span class='ocrx_word' id='word_1_125' title='bbox 1739 2586 1978 2669; x_wconf 89' lang='lat' dir='ltr'><strong>aequaverunt,</strong></span> 
     </span>
     <span class='ocr_line' id='line_1_16' title="bbox 608 2689 1976 2787; baseline 0.002 -26"><span class='ocrx_word' id='word_1_126' title='bbox 608 2713 670 2787; x_wconf 89' lang='lat' dir='ltr'><strong>per</strong></span> <span class='ocrx_word' id='word_1_127' title='bbox 695 2692 818 2764; x_wconf 88' lang='lat' dir='ltr'><strong>imbres</strong></span> <span class='ocrx_word' id='word_1_128' title='bbox 845 2691 987 2786; x_wconf 89' lang='lat' dir='ltr'><strong>Spiritus</strong></span> <span class='ocrx_word' id='word_1_129' title='bbox 1015 2694 1139 2779; x_wconf 87' lang='lat' dir='ltr'><strong>sancti,</strong></span> <span class='ocrx_word' id='word_1_130' title='bbox 1160 2702 1193 2762; x_wconf 86' lang='lat' dir='ltr'><strong>et</strong></span> <span class='ocrx_word' id='word_1_131' title='bbox 1220 2700 1323 2763; x_wconf 89' lang='lat' dir='ltr'><strong>totam</strong></span> <span class='ocrx_word' id='word_1_132' title='bbox 1349 2690 1490 2763; x_wconf 91' lang='lat' dir='ltr'><strong>aedilicii</strong></span> <span class='ocrx_word' id='word_1_133' title='bbox 1508 2712 1707 2786; x_wconf 87' lang='lat' dir='ltr'><strong>compagem</strong></span> <span class='ocrx_word' id='word_1_134' title='bbox 1733 2689 1976 2782; x_wconf 80' lang='lat' dir='ltr'><strong>dissolverunt3</strong></span> 
     </span>
     <span class='ocr_line' id='line_1_17' title="bbox 611 2805 1978 2903; baseline 0.002 -27"><span class='ocrx_word' id='word_1_135' title='bbox 611 2809 666 2901; x_wconf 88' lang='lat' dir='ltr'><strong>qui</strong></span> <span class='ocrx_word' id='word_1_136' title='bbox 690 2805 910 2879; x_wconf 82' lang='lat' dir='ltr'><strong>luridamentis</strong></span> <span class='ocrx_word' id='word_1_137' title='bbox 938 2807 1003 2878; x_wconf 92' lang='lat' dir='ltr'><strong>alte</strong></span> <span class='ocrx_word' id='word_1_138' title='bbox 1032 2808 1131 2897; x_wconf 90' lang='lat' dir='ltr'><strong>jactis</strong></span> <span class='ocrx_word' id='word_1_139' title='bbox 1168 2807 1428 2878; x_wconf 86' lang='lat' dir='ltr'><strong>aedificavemnt</strong></span> <span class='ocrx_word' id='word_1_140' title='bbox 1463 2806 1580 2879; x_wconf 94' lang='lat' dir='ltr'><strong>domos</strong></span> <span class='ocrx_word' id='word_1_141' title='bbox 1613 2807 1688 2878; x_wconf 85' lang='lat' dir='ltr'><strong>fidei</strong></span> <span class='ocrx_word' id='word_1_142' title='bbox 1721 2828 1843 2897; x_wconf 90' lang='lat' dir='ltr'><strong>verae,</strong></span> <span class='ocrx_word' id='word_1_143' title='bbox 1876 2828 1978 2903; x_wconf 92' lang='lat' dir='ltr'><strong>super</strong></span> 
     </span>
     <span class='ocr_line' id='line_1_18' title="bbox 608 2919 1975 3017; baseline 0.002 -24"><span class='ocrx_word' id='word_1_144' title='bbox 608 2932 735 3017; x_wconf 90' lang='lat' dir='ltr'><strong>petram</strong></span> <span class='ocrx_word' id='word_1_145' title='bbox 763 2925 1007 3013; x_wconf 86' lang='lat' dir='ltr'><strong>inconcussam,</strong></span> <span class='ocrx_word' id='word_1_146' title='bbox 1035 2932 1068 2992; x_wconf 89' lang='lat' dir='ltr'><strong>ct</strong></span> <span class='ocrx_word' id='word_1_147' title='bbox 1094 2919 1353 2995; x_wconf 84' lang='lat' dir='ltr'><strong>aedificaverunt</strong></span> <span class='ocrx_word' id='word_1_148' title='bbox 1369 2943 1482 2994; x_wconf 87' lang='lat' dir='ltr'><strong>muros</strong></span> <span class='ocrx_word' id='word_1_149' title='bbox 1510 2926 1714 3008; x_wconf 88' lang='lat' dir='ltr'><strong>securitatis,</strong></span> <span class='ocrx_word' id='word_1_150' title='bbox 1742 2946 1761 2993; x_wconf 89' lang='lat' dir='ltr'><strong>a</strong></span> <span class='ocrx_word' id='word_1_151' title='bbox 1792 2923 1975 2996; x_wconf 88' lang='lat' dir='ltr'><strong>latronibus</strong></span> 
     </span>
     <span class='ocr_line' id='line_1_19' title="bbox 611 3036 1976 3135; baseline 0.001 -25"><span class='ocrx_word' id='word_1_152' title='bbox 611 3036 828 3134; x_wconf 90' lang='lat' dir='ltr'><strong>spoliantibus</strong></span> <span class='ocrx_word' id='word_1_153' title='bbox 856 3042 995 3127; x_wconf 90' lang='lat' dir='ltr'><strong>animas,</strong></span> <span class='ocrx_word' id='word_1_154' title='bbox 1022 3047 1110 3110; x_wconf 92' lang='lat' dir='ltr'><strong>tutos</strong></span> <span class='ocrx_word' id='word_1_155' title='bbox 1144 3039 1349 3134; x_wconf 83' lang='lat' dir='ltr'><strong>securosque</strong></span> <span class='ocrx_word' id='word_1_156' title='bbox 1380 3045 1599 3134; x_wconf 85' lang='lat' dir='ltr'><strong>praestantes.</strong></span> <span class='ocrx_word' id='word_1_157' title='bbox 1652 3039 1778 3110; x_wconf 91' lang='lat' dir='ltr'><strong>Horum</strong></span> <span class='ocrx_word' id='word_1_158' title='bbox 1805 3041 1976 3135; x_wconf 91' lang='lat' dir='ltr'><strong>supplica-</strong></span> 
     </span>
     <span class='ocr_line' id='line_1_20' title="bbox 609 3151 1975 3251; baseline 0.004 -26"><span class='ocrx_word' id='word_1_159' title='bbox 609 3154 753 3227; x_wconf 84' lang='lat' dir='ltr'><strong>tionibus</strong></span> <span class='ocrx_word' id='word_1_160' title='bbox 780 3163 814 3225; x_wconf 91' lang='lat' dir='ltr'><strong>et</strong></span> <span class='ocrx_word' id='word_1_161' title='bbox 841 3152 1127 3249; x_wconf 87' lang='lat' dir='ltr'><strong>deprecationibus</strong></span> <span class='ocrx_word' id='word_1_162' title='bbox 1153 3151 1313 3242; x_wconf 89' lang='lat' dir='ltr'><strong>Domine,</strong></span> <span class='ocrx_word' id='word_1_163' title='bbox 1348 3152 1505 3225; x_wconf 82' lang='lat' dir='ltr'><strong>confirma</strong></span> <span class='ocrx_word' id='word_1_164' title='bbox 1539 3175 1602 3226; x_wconf 92' lang='lat' dir='ltr'><strong>nos</strong></span> <span class='ocrx_word' id='word_1_165' title='bbox 1629 3159 1662 3225; x_wconf 90' lang='lat' dir='ltr'><strong>in</strong></span> <span class='ocrx_word' id='word_1_166' title='bbox 1689 3154 1868 3251; x_wconf 91' lang='lat' dir='ltr'><strong>disciplinis</strong></span> <span class='ocrx_word' id='word_1_167' title='bbox 1895 3156 1975 3230; x_wconf 94' lang='lat' dir='ltr'><strong>illo-</strong></span> 
     </span>
     <span class='ocr_line' id='line_1_21' title="bbox 608 3268 2038 3365; baseline 0.001 -22"><span class='ocrx_word' id='word_1_168' title='bbox 608 3291 697 3343; x_wconf 87' lang='lat' dir='ltr'><strong>rum:</strong></span> <span class='ocrx_word' id='word_1_169' title='bbox 723 3270 836 3342; x_wconf 88' lang='lat' dir='ltr'><strong>srrmos</strong></span> <span class='ocrx_word' id='word_1_170' title='bbox 862 3279 997 3365; x_wconf 90' lang='lat' dir='ltr'><strong>praesta</strong></span> <span class='ocrx_word' id='word_1_171' title='bbox 1024 3291 1191 3341; x_wconf 91' lang='lat' dir='ltr'><strong>essenos</strong></span> <span class='ocrx_word' id='word_1_172' title='bbox 1218 3273 1252 3340; x_wconf 92' lang='lat' dir='ltr'><strong>in</strong></span> <span class='ocrx_word' id='word_1_173' title='bbox 1279 3269 1428 3341; x_wconf 89' lang='lat' dir='ltr'><strong>doctrina</strong></span> <span class='ocrx_word' id='word_1_174' title='bbox 1445 3268 1487 3340; x_wconf 91' lang='lat' dir='ltr'><strong>ab</strong></span> <span class='ocrx_word' id='word_1_175' title='bbox 1514 3269 1585 3347; x_wconf 82' lang='lat' dir='ltr'><strong>illis</strong></span> <span class='ocrx_word' id='word_1_176' title='bbox 1605 3268 1842 3360; x_wconf 87' lang='lat' dir='ltr'><strong>demonstrata,</strong></span> <span class='ocrx_word' id='word_1_177' title='bbox 1870 3283 1904 3343; x_wconf 91' lang='lat' dir='ltr'><strong>et</strong></span> <span class='ocrx_word' id='word_1_178' title='bbox 1931 3273 1973 3345; x_wconf 93' lang='lat' dir='ltr'><strong>da</strong></span> <span class='ocrx_word' id='word_1_179' title='bbox 2036 3311 2038 3318; x_wconf 38' lang='lat' dir='ltr'>v</span> 
     </span>
     <span class='ocr_line' id='line_1_22' title="bbox 610 3383 1974 3483; baseline 0.001 -24"><span class='ocrx_word' id='word_1_180' title='bbox 610 3390 707 3460; x_wconf 90' lang='lat' dir='ltr'><strong>etiam</strong></span> <span class='ocrx_word' id='word_1_181' title='bbox 736 3385 833 3459; x_wconf 92' lang='lat' dir='ltr'><strong>nobis</strong></span> <span class='ocrx_word' id='word_1_182' title='bbox 860 3396 895 3458; x_wconf 91' lang='lat' dir='ltr'><strong>ut</strong></span> <span class='ocrx_word' id='word_1_183' title='bbox 920 3388 1083 3456; x_wconf 89' lang='lat' dir='ltr'><strong>imitemur</strong></span> <span class='ocrx_word' id='word_1_184' title='bbox 1117 3396 1150 3457; x_wconf 89' lang='lat' dir='ltr'><strong>ct</strong></span> <span class='ocrx_word' id='word_1_185' title='bbox 1184 3383 1404 3459; x_wconf 86' lang='lat' dir='ltr'><strong>observemus</strong></span> <span class='ocrx_word' id='word_1_186' title='bbox 1438 3385 1537 3478; x_wconf 88' lang='lat' dir='ltr'><strong>digne</strong></span> <span class='ocrx_word' id='word_1_187' title='bbox 1570 3408 1681 3457; x_wconf 91' lang='lat' dir='ltr'><strong>mores</strong></span> <span class='ocrx_word' id='word_1_188' title='bbox 1708 3407 1841 3476; x_wconf 90' lang='lat' dir='ltr'><strong>corum,</strong></span> <span class='ocrx_word' id='word_1_189' title='bbox 1868 3407 1974 3483; x_wconf 77' lang='lat' dir='ltr'><strong>ustpre</strong></span> 
     </span>
     <span class='ocr_line' id='line_1_23' title="bbox 610 3488 1974 3598; baseline 0.001 -23"><span class='ocrx_word' id='word_1_190' title='bbox 610 3500 652 3575; x_wconf 91' lang='lat' dir='ltr'><strong>ad</strong></span> <span class='ocrx_word' id='word_1_191' title='bbox 678 3506 923 3598; x_wconf 88' lang='lat' dir='ltr'><strong>separationem</strong></span> <span class='ocrx_word' id='word_1_192' title='bbox 951 3504 1132 3573; x_wconf 92' lang='lat' dir='ltr'><strong>animarum</strong></span> <span class='ocrx_word' id='word_1_193' title='bbox 1158 3525 1178 3572; x_wconf 91' lang='lat' dir='ltr'><strong>a</strong></span> <span class='ocrx_word' id='word_1_194' title='bbox 1205 3501 1412 3597; x_wconf 87' lang='lat' dir='ltr'><strong>corporibus,</strong></span> <span class='ocrx_word' id='word_1_195' title='bbox 1440 3502 1620 3574; x_wconf 91' lang='lat' dir='ltr'><strong>secundum</strong></span> <span class='ocrx_word' id='word_1_196' title='bbox 1646 3488 1742 3573; x_wconf 86' lang='lat' dir='ltr'><strong>linem</strong></span> <span class='ocrx_word' id='word_1_197' title='bbox 1777 3501 1840 3575; x_wconf 83' lang='lat' dir='ltr'><strong>iltis</strong></span> <span class='ocrx_word' id='word_1_198' title='bbox 1867 3526 1974 3598; x_wconf 90' lang='lat' dir='ltr'><strong>prae-</strong></span> 
     </span>
     <span class='ocr_line' id='line_1_24' title="bbox 537 3616 1856 3713; baseline -0.002 -22"><span class='ocrx_word' id='word_1_199' title='bbox 537 3705 542 3713; x_wconf 34' lang='lat'><strong>,</strong></span> <span class='ocrx_word' id='word_1_200' title='bbox 609 3621 766 3708; x_wconf 89' lang='lat' dir='ltr'><strong>stitutum,</strong></span> <span class='ocrx_word' id='word_1_201' title='bbox 793 3629 828 3690; x_wconf 91' lang='lat' dir='ltr'><strong>nt</strong></span> <span class='ocrx_word' id='word_1_202' title='bbox 854 3642 926 3690; x_wconf 92' lang='lat' dir='ltr'><strong>cum</strong></span> <span class='ocrx_word' id='word_1_203' title='bbox 954 3618 1018 3689; x_wconf 84' lang='lat' dir='ltr'><strong>ibis</strong></span> <span class='ocrx_word' id='word_1_204' title='bbox 1045 3628 1079 3689; x_wconf 91' lang='lat' dir='ltr'><strong>ct</strong></span> <span class='ocrx_word' id='word_1_205' title='bbox 1103 3622 1189 3689; x_wconf 91' lang='lat' dir='ltr'><strong>inter</strong></span> <span class='ocrx_word' id='word_1_206' title='bbox 1214 3619 1290 3691; x_wconf 86' lang='lat' dir='ltr'><strong>lbos</strong></span> <span class='ocrx_word' id='word_1_207' title='bbox 1316 3618 1500 3691; x_wconf 83' lang='lat' dir='ltr'><strong>referamus</strong></span> <span class='ocrx_word' id='word_1_208' title='bbox 1528 3616 1585 3689; x_wconf 93' lang='lat' dir='ltr'><strong>tibi</strong></span> <span class='ocrx_word' id='word_1_209' title='bbox 1611 3616 1765 3710; x_wconf 90' lang='lat' dir='ltr'><strong>gloriam,</strong></span> <span class='ocrx_word' id='word_1_210' title='bbox 1792 3628 1856 3690; x_wconf 90' lang='lat' dir='ltr'><strong>etc.</strong></span> 
     </span>
    </p>

    <p class='ocr_par' dir='ltr' id='par_1_4' title="bbox 714 3732 1874 3826">
     <span class='ocr_line' id='line_1_25' title="bbox 714 3732 1874 3826; baseline 0.001 -23"><span class='ocrx_word' id='word_1_211' title='bbox 714 3732 874 3826; x_wconf 80' lang='lat' dir='ltr'><strong>Populus.</strong></span> <span class='ocrx_word' id='word_1_212' title='bbox 926 3734 1045 3805; x_wconf 85' lang='lat' dir='ltr'><strong>Amen.</strong></span> <span class='ocrx_word' id='word_1_213' title='bbox 1872 3742 1874 3746; x_wconf 78' lang='grc'>’</span> 
     </span>
    </p>

    <p class='ocr_par' dir='ltr' id='par_1_5' title="bbox 524 3847 1975 4872">
     <span class='ocr_line' id='line_1_26' title="bbox 713 3847 1973 3944; baseline 0.002 -25"><span class='ocrx_word' id='word_1_214' title='bbox 713 3847 889 3919; x_wconf 76' lang='lat' dir='ltr'><strong>Sacerdos</strong></span> <span class='ocrx_word' id='word_1_215' title='bbox 914 3850 1104 3920; x_wconf 82' lang='lat' dir='ltr'><strong>inclinatos.</strong></span> <span class='ocrx_word' id='word_1_216' title='bbox 1158 3849 1279 3921; x_wconf 87' lang='lat' dir='ltr'><strong>lterum</strong></span> <span class='ocrx_word' id='word_1_217' title='bbox 1307 3851 1404 3920; x_wconf 90' lang='lat' dir='ltr'><strong>etiam</strong></span> <span class='ocrx_word' id='word_1_218' title='bbox 1430 3851 1609 3944; x_wconf 88' lang='lat' dir='ltr'><strong>praecipue</strong></span> <span class='ocrx_word' id='word_1_219' title='bbox 1634 3852 1668 3919; x_wconf 93' lang='lat' dir='ltr'><strong>in</strong></span> <span class='ocrx_word' id='word_1_220' title='bbox 1693 3853 1886 3922; x_wconf 89' lang='lat' dir='ltr'><strong>memoriam</strong></span> <span class='ocrx_word' id='word_1_221' title='bbox 1912 3874 1973 3922; x_wconf 94' lang='lat' dir='ltr'><strong>re-</strong></span> 
     </span>
     <span class='ocr_line' id='line_1_27' title="bbox 609 3962 1975 4063; baseline 0.001 -25"><span class='ocrx_word' id='word_1_222' title='bbox 609 3986 697 4039; x_wconf 92' lang='lat' dir='ltr'><strong>voca</strong></span> <span class='ocrx_word' id='word_1_223' title='bbox 723 3967 879 4052; x_wconf 91' lang='lat' dir='ltr'><strong>Domine,</strong></span> <span class='ocrx_word' id='word_1_224' title='bbox 907 3987 1022 4035; x_wconf 90' lang='lat' dir='ltr'><strong>omnes</strong></span> <span class='ocrx_word' id='word_1_225' title='bbox 1050 3962 1223 4037; x_wconf 80' lang='lat' dir='ltr'><strong>defunctos</strong></span> <span class='ocrx_word' id='word_1_226' title='bbox 1256 3964 1371 4036; x_wconf 86' lang='lat' dir='ltr'><strong>fideles</strong></span> <span class='ocrx_word' id='word_1_227' title='bbox 1404 3968 1458 4060; x_wconf 93' lang='lat' dir='ltr'><strong>qui</strong></span> <span class='ocrx_word' id='word_1_228' title='bbox 1484 3968 1811 4038; x_wconf 90' lang='lat' dir='ltr'><strong>communicaverunt</strong></span> <span class='ocrx_word' id='word_1_229' title='bbox 1842 3972 1975 4063; x_wconf 89' lang='lat' dir='ltr'><strong>corpori</strong></span> 
     </span>
     <span class='ocr_line' id='line_1_28' title="bbox 524 4079 1974 4177; baseline 0.003 -25"><span class='ocrx_word' id='word_1_230' title='bbox 524 4136 542 4168; x_wconf 67' lang='lat'><strong>,</strong></span> <span class='ocrx_word' id='word_1_231' title='bbox 610 4092 645 4152; x_wconf 90' lang='lat' dir='ltr'><strong>et</strong></span> <span class='ocrx_word' id='word_1_232' title='bbox 670 4082 822 4173; x_wconf 90' lang='lat' dir='ltr'><strong>sanguini</strong></span> <span class='ocrx_word' id='word_1_233' title='bbox 848 4082 1007 4171; x_wconf 87' lang='lat' dir='ltr'><strong>unigeniti</strong></span> <span class='ocrx_word' id='word_1_234' title='bbox 1032 4079 1106 4150; x_wconf 90' lang='lat' dir='ltr'><strong>Filii</strong></span> <span class='ocrx_word' id='word_1_235' title='bbox 1133 4083 1195 4170; x_wconf 89' lang='lat' dir='ltr'><strong>tui,</strong></span> <span class='ocrx_word' id='word_1_236' title='bbox 1230 4091 1263 4152; x_wconf 90' lang='lat' dir='ltr'><strong>et</strong></span> <span class='ocrx_word' id='word_1_237' title='bbox 1288 4082 1467 4175; x_wconf 88' lang='lat' dir='ltr'><strong>participes</strong></span> <span class='ocrx_word' id='word_1_238' title='bbox 1493 4079 1572 4151; x_wconf 86' lang='lat' dir='ltr'><strong>lacti</strong></span> <span class='ocrx_word' id='word_1_239' title='bbox 1605 4091 1680 4152; x_wconf 92' lang='lat' dir='ltr'><strong>sunt</strong></span> <span class='ocrx_word' id='word_1_240' title='bbox 1705 4081 1858 4177; x_wconf 89' lang='lat' dir='ltr'><strong>baptismi</strong></span> <span class='ocrx_word' id='word_1_241' title='bbox 1885 4084 1974 4156; x_wconf 91' lang='lat' dir='ltr'><strong>ado-</strong></span> 
     </span>
     <span class='ocr_line' id='line_1_29' title="bbox 608 4194 1975 4296; baseline 0.003 -28"><span class='ocrx_word' id='word_1_242' title='bbox 608 4199 729 4292; x_wconf 92' lang='lat' dir='ltr'><strong>ptionis</strong></span> <span class='ocrx_word' id='word_1_243' title='bbox 755 4196 915 4283; x_wconf 77' lang='lat' dir='ltr'><strong>liliorum,</strong></span> <span class='ocrx_word' id='word_1_244' title='bbox 943 4206 1043 4291; x_wconf 90' lang='lat' dir='ltr'><strong>atque</strong></span> <span class='ocrx_word' id='word_1_245' title='bbox 1070 4217 1116 4266; x_wconf 83' lang='lat' dir='ltr'><strong>ex</strong></span> <span class='ocrx_word' id='word_1_246' title='bbox 1141 4195 1204 4266; x_wconf 91' lang='lat' dir='ltr'><strong>bac</strong></span> <span class='ocrx_word' id='word_1_247' title='bbox 1229 4194 1401 4268; x_wconf 90' lang='lat' dir='ltr'><strong>laboriosa</strong></span> <span class='ocrx_word' id='word_1_248' title='bbox 1434 4198 1504 4267; x_wconf 91' lang='lat' dir='ltr'><strong>vita</strong></span> <span class='ocrx_word' id='word_1_249' title='bbox 1531 4198 1627 4267; x_wconf 91' lang='lat' dir='ltr'><strong>vario</strong></span> <span class='ocrx_word' id='word_1_250' title='bbox 1653 4220 1780 4291; x_wconf 89' lang='lat' dir='ltr'><strong>genere</strong></span> <span class='ocrx_word' id='word_1_251' title='bbox 1806 4221 1879 4270; x_wconf 91' lang='lat' dir='ltr'><strong>cum</strong></span> <span class='ocrx_word' id='word_1_252' title='bbox 1913 4222 1975 4296; x_wconf 93' lang='lat' dir='ltr'><strong>spe</strong></span> 
     </span>
     <span class='ocr_line' id='line_1_30' title="bbox 609 4309 1975 4408; baseline 0.003 -25"><span class='ocrx_word' id='word_1_253' title='bbox 609 4313 643 4383; x_wconf 91' lang='lat' dir='ltr'><strong>in</strong></span> <span class='ocrx_word' id='word_1_254' title='bbox 669 4335 756 4402; x_wconf 88' lang='lat' dir='ltr'><strong>eum,</strong></span> <span class='ocrx_word' id='word_1_255' title='bbox 782 4315 1025 4403; x_wconf 89' lang='lat' dir='ltr'><strong>migraverunt:</strong></span> <span class='ocrx_word' id='word_1_256' title='bbox 1053 4314 1106 4406; x_wconf 92' lang='lat' dir='ltr'><strong>qui</strong></span> <span class='ocrx_word' id='word_1_257' title='bbox 1134 4321 1316 4406; x_wconf 85' lang='lat' dir='ltr'><strong>expectant</strong></span> <span class='ocrx_word' id='word_1_258' title='bbox 1349 4334 1443 4407; x_wconf 89' lang='lat' dir='ltr'><strong>spem</strong></span> <span class='ocrx_word' id='word_1_259' title='bbox 1470 4309 1619 4401; x_wconf 89' lang='lat' dir='ltr'><strong>beatam,</strong></span> <span class='ocrx_word' id='word_1_260' title='bbox 1659 4324 1692 4384; x_wconf 90' lang='lat' dir='ltr'><strong>et</strong></span> <span class='ocrx_word' id='word_1_261' title='bbox 1722 4317 1975 4408; x_wconf 90' lang='lat' dir='ltr'><strong>promissionem</strong></span> 
     </span>
     <span class='ocr_line' id='line_1_31' title="bbox 605 4426 1973 4532; baseline 0.001 -32"><span class='ocrx_word' id='word_1_262' title='bbox 605 4426 696 4532; x_wconf 81' lang='lat' dir='ltr'><strong>illius</strong></span> <span class='ocrx_word' id='word_1_263' title='bbox 721 4451 898 4500; x_wconf 83' lang='lat' dir='ltr'><strong>veracem:</strong></span> <span class='ocrx_word' id='word_1_264' title='bbox 924 4427 1065 4499; x_wconf 89' lang='lat' dir='ltr'><strong>bliomm</strong></span> <span class='ocrx_word' id='word_1_265' title='bbox 1090 4427 1266 4500; x_wconf 87' lang='lat' dir='ltr'><strong>Ecclesiae</strong></span> <span class='ocrx_word' id='word_1_266' title='bbox 1292 4438 1441 4517; x_wconf 88' lang='lat' dir='ltr'><strong>sanctae,</strong></span> <span class='ocrx_word' id='word_1_267' title='bbox 1468 4429 1522 4521; x_wconf 90' lang='lat' dir='ltr'><strong>qui</strong></span> <span class='ocrx_word' id='word_1_268' title='bbox 1549 4426 1608 4499; x_wconf 91' lang='lat' dir='ltr'><strong>tibi</strong></span> <span class='ocrx_word' id='word_1_269' title='bbox 1634 4427 1698 4501; x_wconf 86' lang='lat' dir='ltr'><strong>soli</strong></span> <span class='ocrx_word' id='word_1_270' title='bbox 1719 4429 1824 4517; x_wconf 86' lang='lat' dir='ltr'><strong>Deus,</strong></span> <span class='ocrx_word' id='word_1_271' title='bbox 1850 4453 1973 4502; x_wconf 90' lang='lat' dir='ltr'><strong>nnme-</strong></span> 
     </span>
     <span class='ocr_line' id='line_1_32' title="bbox 610 4542 1974 4650; baseline 0.002 -35"><span class='ocrx_word' id='word_1_272' title='bbox 610 4547 673 4616; x_wconf 89' lang='lat' dir='ltr'><strong>rati</strong></span> <span class='ocrx_word' id='word_1_273' title='bbox 701 4554 732 4615; x_wconf 91' lang='lat' dir='ltr'><strong>et</strong></span> <span class='ocrx_word' id='word_1_274' title='bbox 761 4547 885 4637; x_wconf 84' lang='lat' dir='ltr'><strong>cogniti</strong></span> <span class='ocrx_word' id='word_1_275' title='bbox 912 4555 997 4618; x_wconf 89' lang='lat' dir='ltr'><strong>sunt.</strong></span> <span class='ocrx_word' id='word_1_276' title='bbox 1020 4543 1100 4615; x_wconf 86' lang='lat' dir='ltr'><strong>Fac</strong></span> <span class='ocrx_word' id='word_1_277' title='bbox 1128 4566 1188 4618; x_wconf 92' lang='lat' dir='ltr'><strong>cos</strong></span> <span class='ocrx_word' id='word_1_278' title='bbox 1207 4544 1349 4617; x_wconf 87' lang='lat' dir='ltr'><strong>Domine</strong></span> <span class='ocrx_word' id='word_1_279' title='bbox 1378 4546 1552 4640; x_wconf 88' lang='lat' dir='ltr'><strong>quiescere</strong></span> <span class='ocrx_word' id='word_1_280' title='bbox 1578 4542 1890 4650; x_wconf 82' lang='lat' dir='ltr'><strong>inhabitationibus</strong></span> <span class='ocrx_word' id='word_1_281' title='bbox 1916 4546 1974 4618; x_wconf 90' lang='lat' dir='ltr'><strong>lu-</strong></span> 
     </span>
     <span class='ocr_line' id='line_1_33' title="bbox 610 4658 1974 4754; baseline 0.001 -22"><span class='ocrx_word' id='word_1_282' title='bbox 610 4660 711 4751; x_wconf 89' lang='lat' dir='ltr'><strong>cidis,</strong></span> <span class='ocrx_word' id='word_1_283' title='bbox 747 4670 781 4732; x_wconf 91' lang='lat' dir='ltr'><strong>et</strong></span> <span class='ocrx_word' id='word_1_284' title='bbox 811 4663 897 4731; x_wconf 88' lang='lat' dir='ltr'><strong>inter</strong></span> <span class='ocrx_word' id='word_1_285' title='bbox 928 4661 1084 4732; x_wconf 92' lang='lat' dir='ltr'><strong>convivia</strong></span> <span class='ocrx_word' id='word_1_286' title='bbox 1117 4658 1172 4732; x_wconf 92' lang='lat' dir='ltr'><strong>illa</strong></span> <span class='ocrx_word' id='word_1_287' title='bbox 1199 4660 1375 4750; x_wconf 83' lang='lat' dir='ltr'><strong>deliciosa3</strong></span> <span class='ocrx_word' id='word_1_288' title='bbox 1402 4662 1571 4734; x_wconf 88' lang='lat' dir='ltr'><strong>remittens</strong></span> <span class='ocrx_word' id='word_1_289' title='bbox 1593 4664 1878 4754; x_wconf 81' lang='lat' dir='ltr'><strong>transgressiones</strong></span> <span class='ocrx_word' id='word_1_290' title='bbox 1892 4661 1974 4733; x_wconf 92' lang='lat' dir='ltr'><strong>illo-</strong></span> 
     </span>
     <span class='ocr_line' id='line_1_34' title="bbox 610 4785 938 4872; baseline -0.006 -23"><span class='ocrx_word' id='word_1_291' title='bbox 610 4797 683 4849; x_wconf 92' lang='lat' dir='ltr'><strong>rum</strong></span> <span class='ocrx_word' id='word_1_292' title='bbox 704 4785 742 4847; x_wconf 88' lang='lat' dir='ltr'><strong>et</strong></span> <span class='ocrx_word' id='word_1_293' title='bbox 767 4785 911 4849; x_wconf 89' lang='lat' dir='ltr'><strong>nostras.</strong></span> <span class='ocrx_word' id='word_1_294' title='bbox 932 4863 938 4872; x_wconf 24' lang='grc' dir='ltr'>ι</span> 
     </span>
    </p>

    <p class='ocr_par' dir='ltr' id='par_1_6' title="bbox 715 4890 1200 4987">
     <span class='ocr_line' id='line_1_35' title="bbox 715 4890 1200 4987; baseline 0 -24"><span class='ocrx_word' id='word_1_295' title='bbox 715 4892 877 4985; x_wconf 81' lang='lat' dir='ltr'><strong>Populus.</strong></span> <span class='ocrx_word' id='word_1_296' title='bbox 930 4892 1036 4987; x_wconf 72' lang='lat' dir='ltr'><strong>llyrie</strong></span> <span class='ocrx_word' id='word_1_297' title='bbox 1063 4890 1200 4964; x_wconf 90' lang='lat' dir='ltr'><strong>eleison.</strong></span> 
     </span>
    </p>

    <p class='ocr_par' dir='ltr' id='par_1_7' title="bbox 611 5004 1974 5449">
     <span class='ocr_line' id='line_1_36' title="bbox 717 5004 1974 5103; baseline 0.001 -25"><span class='ocrx_word' id='word_1_298' title='bbox 717 5006 892 5079; x_wconf 76' lang='lat' dir='ltr'><strong>Sacerdos</strong></span> <span class='ocrx_word' id='word_1_299' title='bbox 932 5008 1069 5078; x_wconf 78' lang='lat' dir='ltr'><strong>aleones</strong></span> <span class='ocrx_word' id='word_1_300' title='bbox 1106 5029 1232 5081; x_wconf 79' lang='lat' dir='ltr'><strong>nocem,</strong></span> <span class='ocrx_word' id='word_1_301' title='bbox 1291 5004 1362 5079; x_wconf 86' lang='lat' dir='ltr'><strong>Eos</strong></span> <span class='ocrx_word' id='word_1_302' title='bbox 1403 5029 1541 5100; x_wconf 87' lang='lat' dir='ltr'><strong>quorum</strong></span> <span class='ocrx_word' id='word_1_303' title='bbox 1583 5010 1822 5103; x_wconf 65' lang='lat' dir='ltr'><strong>meminimus„</strong></span> <span class='ocrx_word' id='word_1_304' title='bbox 1846 5028 1974 5103; x_wconf 80' lang='lat' dir='ltr'><strong>eosque</strong></span> 
     </span>
     <span class='ocr_line' id='line_1_37' title="bbox 613 5122 1973 5220; baseline 0.001 -27"><span class='ocrx_word' id='word_1_305' title='bbox 613 5144 750 5220; x_wconf 85' lang='lat' dir='ltr'><strong>quorum</strong></span> <span class='ocrx_word' id='word_1_306' title='bbox 777 5145 843 5194; x_wconf 92' lang='lat' dir='ltr'><strong>non</strong></span> <span class='ocrx_word' id='word_1_307' title='bbox 869 5125 1088 5209; x_wconf 89' lang='lat' dir='ltr'><strong>meminimus,</strong></span> <span class='ocrx_word' id='word_1_308' title='bbox 1127 5123 1182 5216; x_wconf 89' lang='lat' dir='ltr'><strong>qui</strong></span> <span class='ocrx_word' id='word_1_309' title='bbox 1215 5144 1298 5193; x_wconf 87' lang='lat' dir='ltr'><strong>mox</strong></span> <span class='ocrx_word' id='word_1_310' title='bbox 1324 5125 1507 5214; x_wconf 88' lang='lat' dir='ltr'><strong>ingressuri</strong></span> <span class='ocrx_word' id='word_1_311' title='bbox 1533 5132 1608 5197; x_wconf 90' lang='lat' dir='ltr'><strong>sunt</strong></span> <span class='ocrx_word' id='word_1_312' title='bbox 1632 5131 1761 5218; x_wconf 88' lang='lat' dir='ltr'><strong>portam</strong></span> <span class='ocrx_word' id='word_1_313' title='bbox 1787 5122 1876 5194; x_wconf 88' lang='lat' dir='ltr'><strong>illam</strong></span> <span class='ocrx_word' id='word_1_314' title='bbox 1902 5144 1973 5216; x_wconf 86' lang='lat' dir='ltr'><strong>ge-</strong></span> 
     </span>
     <span class='ocr_line' id='line_1_38' title="bbox 611 5236 1972 5334; baseline 0 -25"><span class='ocrx_word' id='word_1_315' title='bbox 611 5238 771 5328; x_wconf 87' lang='lat' dir='ltr'><strong>neralem,</strong></span> <span class='ocrx_word' id='word_1_316' title='bbox 798 5261 861 5334; x_wconf 90' lang='lat' dir='ltr'><strong>qua</strong></span> <span class='ocrx_word' id='word_1_317' title='bbox 889 5239 1041 5311; x_wconf 83' lang='lat' dir='ltr'><strong>transivit</strong></span> <span class='ocrx_word' id='word_1_318' title='bbox 1065 5236 1174 5312; x_wconf 87' lang='lat' dir='ltr'><strong>Adam</strong></span> <span class='ocrx_word' id='word_1_319' title='bbox 1201 5245 1454 5333; x_wconf 90' lang='lat' dir='ltr'><strong>paternoster,</strong></span> <span class='ocrx_word' id='word_1_320' title='bbox 1480 5241 1672 5334; x_wconf 89' lang='lat' dir='ltr'><strong>primusque</strong></span> <span class='ocrx_word' id='word_1_321' title='bbox 1698 5239 1875 5310; x_wconf 88' lang='lat' dir='ltr'><strong>creationis</strong></span> <span class='ocrx_word' id='word_1_322' title='bbox 1902 5260 1972 5310; x_wconf 92' lang='lat' dir='ltr'><strong>no-</strong></span> 
     </span>
     <span class='ocr_line' id='line_1_39' title="bbox 611 5352 1973 5449; baseline -0.001 -23"><span class='ocrx_word' id='word_1_323' title='bbox 611 5363 717 5426; x_wconf 87' lang='lat' dir='ltr'><strong>strae:</strong></span> <span class='ocrx_word' id='word_1_324' title='bbox 745 5376 805 5428; x_wconf 88' lang='lat' dir='ltr'><strong>eos</strong></span> <span class='ocrx_word' id='word_1_325' title='bbox 833 5357 1010 5449; x_wconf 71' lang='lat' dir='ltr'><strong>quivena</strong></span> <span class='ocrx_word' id='word_1_326' title='bbox 1037 5356 1151 5428; x_wconf 89' lang='lat' dir='ltr'><strong>mortis</strong></span> <span class='ocrx_word' id='word_1_327' title='bbox 1177 5375 1305 5447; x_wconf 87' lang='lat' dir='ltr'><strong>genere</strong></span> <span class='ocrx_word' id='word_1_328' title='bbox 1331 5378 1377 5427; x_wconf 88' lang='lat' dir='ltr'><strong>ex</strong></span> <span class='ocrx_word' id='word_1_329' title='bbox 1404 5354 1469 5428; x_wconf 90' lang='lat' dir='ltr'><strong>boc</strong></span> <span class='ocrx_word' id='word_1_330' title='bbox 1494 5354 1615 5433; x_wconf 87' lang='lat' dir='ltr'><strong>mundo</strong></span> <span class='ocrx_word' id='word_1_331' title='bbox 1649 5352 1812 5426; x_wconf 87' lang='lat' dir='ltr'><strong>materiali</strong></span> <span class='ocrx_word' id='word_1_332' title='bbox 1841 5356 1973 5448; x_wconf 87' lang='lat' dir='ltr'><strong>egressi</strong></span> 
     </span>
    </p>

    <p class='ocr_par' dir='ltr' id='par_1_8' title="bbox 782 5462 796 5489">
     <span class='ocr_line' id='line_1_40' title="bbox 782 5462 796 5489; baseline 0 -1"><span class='ocrx_word' id='word_1_333' title='bbox 782 5462 796 5489; x_wconf 62' lang='lat'>0</span> 
     </span>
    </p>
   </div>
   <div class='ocr_carea' id='block_1_3' title="bbox 1696 5471 1771 5545">
    <p class='ocr_par' dir='ltr' id='par_1_9' title="bbox 1696 5471 1771 5545">
     <span class='ocr_line' id='line_1_41' title="bbox 1696 5471 1771 5545; baseline 0 0"><span class='ocrx_word' id='word_1_334' title='bbox 1696 5471 1771 5545; x_wconf 75' lang='lat'><strong>70*</strong></span> 
     </span>
    </p>
   </div>
   <div class='ocr_carea' id='block_1_4' title="bbox 0 0 2580 6532">
    <p class='ocr_par' dir='ltr' id='par_1_10' title="bbox 0 0 2580 6532">
     <span class='ocr_line' id='line_1_42' title="bbox 0 0 2580 6532; baseline 0 0"><span class='ocrx_word' id='word_1_335' title='bbox 0 0 2580 6532; x_wconf 95' lang='lat' dir='ltr'><strong> </strong></span> 
     </span>
    </p>
   </div>
  </div>
 </body>
</html>
