5150 6534
896 949 900 958 Ι
994 838 1263 917 sinorr
1316 836 1625 917 crnrnnr.
1914 837 1989 915 ass

625 1024 821 1102 rationalem
846 1030 1052 1119 rigaverunt
1103 1025 1229 1100 Eorum
1264 1028 1320 1121 qui
1352 1026 1503 1114 suum,
1538 1036 1573 1098 et
1604 1023 1890 1128 musitationibus
1921 1027 1990 1099 suis

625 1141 751 1239 Spiritu
776 1152 848 1226 tuo,
862 1152 982 1217 sancto
1004 1144 1224 1239 plenissimis,
1255 1145 1428 1235 ejecerunt
1456 1164 1504 1214 ex
1528 1139 1684 1216 Ecclesia
1709 1152 1765 1213 tua
1789 1141 1991 1214 haereticam

622 1261 798 1348 msauiam,
811 1282 898 1332 vcurri
924 1262 1093 1355 impietate
1118 1260 1344 1349 conjunctam:
1371 1278 1487 1332 corum
1514 1260 1570 1352 qui
1594 1260 1628 1329 in
1653 1256 1770 1331 laboro
1795 1267 1830 1329 ct
1850 1257 1989 1331 sudori-

622 1372 700 1464 bus,
727 1396 856 1467 agones
882 1396 963 1449 suos
988 1374 1214 1471 perfecerunt,
1246 1383 1281 1446 et
1305 1372 1510 1447 voluntatem
1535 1382 1623 1445 mam
1650 1372 1927 1470 adimpleverunt:
1954 1383 1991 1445 ut

623 1510 688 1563 nas
721 1511 874 1585 quoquo,
910 1493 965 1585 qui
998 1490 1096 1563 iidem
1129 1511 1245 1562 eorum
1280 1490 1527 1584 amplectimur,
1562 1511 1675 1561 coram
1703 1498 1737 1561 te
1763 1511 1989 1563 summanum

622 1602 764 1692 lislacia,
799 1617 833 1678 ct
871 1605 998 1700 absque
1033 1604 1230 1679 confusione
1264 1607 1502 1692 consistamus3
1543 1626 1732 1698 novamque
1767 1605 1825 1678 tibi
1858 1605 1989 1681 laudem

621 1718 818 1809 referemus,
846 1731 881 1793 et
904 1720 1136 1795 incessabilem
1161 1723 1341 1813 gratiarum
1368 1724 1547 1810 actionem,
1573 1730 1607 1792 ct
1633 1723 1802 1812 unigenito
1815 1719 1901 1794 Filio
1920 1730 1989 1810 tuo,

623 1835 819 1932 coeptam
844 1847 911 1911 tao.
1118 1836 1279 1929 Populus.
1331 1838 1452 1909 Amen.

690 1952 907 2026 Diaconos
931 1955 1017 2029 dicit
1042 1953 1214 2025 Canacen
1238 1959 1381 2024 emtum.

705 2126 707 2133 ι
724 2067 901 2143 Sacodes
917 2072 1109 2143 inclinatas
1143 2071 1284 2143 Praesta
1300 2069 1442 2142 Domine
1458 2091 1519 2165 per
1531 2068 1595 2141 boc
1610 2069 1818 2158 sacrificium,
1832 2069 1987 2161 quietem,

620 2187 906 2281 propitiationem,
931 2190 1177 2274 remissionom,
1209 2196 1244 2257 ct
1269 2188 1463 2257 menonem
1488 2185 1628 2270 bonam,
1660 2207 1762 2281 super
1791 2182 1898 2255 altare
1923 2181 1988 2260 boc

620 2300 805 2396 spbitaale,
832 2304 984 2378 omnibus
1000 2303 1163 2399 patribus,
1190 2311 1226 2374 et
1239 2300 1395 2373 iratribus
1416 2304 1539 2373 ansuis
1557 2299 1800 2395 corporalibus,
1827 2309 1861 2371 et
1882 2300 1987 2393 spiri-

620 2414 781 2506 tualibns3
807 2441 871 2489 nec
891 2440 958 2492 aaa
983 2418 1048 2491 illis
1074 2418 1226 2491 omnibus
1253 2421 1309 2512 qui
1335 2440 1380 2489 ex
1405 2415 1470 2489 boc
1494 2416 1585 2505 loco,
1608 2426 1642 2487 et
1668 2420 1758 2490 omni
1783 2416 1849 2490 alio
1876 2416 1988 2511 populi

620 2530 750 2619 libelis,
776 2542 810 2603 et
836 2533 1021 2607 Ortbodoxi
1049 2534 1293 2627 christianique
1320 2535 1465 2619 institisti,
1492 2531 1611 2603 dudam
1637 2534 1741 2603 vitam
1766 2531 1925 2604 finieram.

726 2648 875 2721 mosam
893 2673 1025 2722 rcoeem.
1077 2651 1270 2722 Petimusa
1304 2659 1337 2720 te
1362 2649 1520 2734 Domine,
1553 2650 1709 2721 vivorum
1744 2647 1922 2743 Princeps,
1954 2657 1988 2718 et

620 2773 827 2837 mortuomm
854 2765 1009 2855 Domino,
1036 2787 1097 2862 pro
1123 2769 1164 2838 iis
1191 2766 1341 2838 omnibus
1370 2767 1424 2858 qui
1451 2775 1506 2836 tuo
1530 2766 1626 2854 jussu
1653 2786 1698 2835 ex
1723 2766 1891 2857 praesenti
1916 2766 1986 2835 vita

619 2883 861 2972 migrarmnt,
889 2892 922 2953 et
947 2886 981 2955 in
997 2882 1192 2954 0rtbodoxa
1218 2881 1283 2954 fide
1309 2879 1353 2952 ad
1378 2890 1413 2950 te
1438 2878 1580 2974 profecti
1607 2891 1692 2966 sunt,
1715 2889 1750 2950 ut
1768 2902 1828 2974 per
1848 2882 1986 2952 miseri-

620 2993 770 3068 cardism
797 2996 883 3069 illam
910 3020 1075 3070 summam
1098 3020 1184 3092 quae
1209 2996 1368 3080 naturalis
1394 2994 1452 3067 tibi
1479 3006 1547 3081 ast,
1573 3004 1608 3066 et
1632 2994 1692 3066 tibi
1717 2998 1803 3067 inest
1824 2995 1986 3067 substan-

619 3109 760 3200 tisliter,
787 3134 901 3185 eorum
927 3117 960 3185 in
986 3112 1109 3187 bonnm
1134 3115 1341 3199 memineris,
1375 3121 1410 3182 et
1441 3133 1484 3182 ne
1519 3110 1717 3204 despexeris
1749 3120 1897 3183 nostram
1923 3133 1984 3205 pro

619 3225 685 3299 illia
711 3226 997 3323 deprecationem,
1029 3232 1106 3323 quia
1133 3233 1244 3320 imago
1272 3238 1328 3299 tua
1354 3230 1417 3322 ipsi
1448 3237 1536 3298 sunt:
1570 3226 1631 3297 sed
1666 3248 1799 3298 assume
1832 3249 1893 3298 eos
1926 3249 1987 3322 per

619 3346 763 3435 gratiam
790 3353 891 3432 mam,
918 3353 952 3415 et
978 3343 1088 3430 eleva,
1115 3346 1344 3438 constituequc
1370 3342 1445 3413 illos
1471 3345 1505 3412 in
1533 3342 1671 3414 excelso
1697 3336 1788 3413 vitae
1813 3341 1898 3414 illius
1916 3346 1984 3413 im-

620 3458 783 3548 mortalis,
817 3464 852 3532 in
884 3459 1079 3532 habitaculis
1112 3458 1176 3532 illis
1203 3458 1423 3546 coelestibus,
1457 3456 1513 3529 ubi
1538 3460 1752 3550 unigenitus,
1784 3468 1984 3552 sanctusque

619 3574 725 3648 Filius
746 3586 837 3663 tuus,
864 3600 884 3647 a
912 3577 1089 3671 spiritualis
1116 3579 1284 3649 exercitus
1312 3597 1437 3647 corona
1459 3576 1609 3665 cingitnu,
1637 3583 1671 3645 ct
1688 3571 1886 3646 celebratur.
1918 3575 1985 3646 Per

543 3727 547 3741 ·
619 3713 728 3778 eum,
749 3715 812 3787 per
841 3714 940 3785 quem
966 3695 1111 3763 mammo
1137 3692 1415 3778 misericordiam,
1450 3700 1484 3762 et
1518 3694 1746 3764 remissionem
1772 3701 1984 3785 peccatorum

617 3816 759 3902 propter
783 3830 858 3878 eum
886 3829 1059 3903 speramus
1085 3812 1265 3902 consequi,
1294 3818 1327 3878 ct
1352 3805 1466 3893 nobis,
1492 3817 1528 3879 et
1552 3810 1644 3902 ipsis.

723 3922 886 4015 Populos.
940 3925 1091 4010 Quietem
1117 3933 1260 4018 praesta.

725 4036 909 4110 Sacerdos.
973 4036 1137 4131 Cognitor
1165 4038 1450 4126 absconditorum,
1486 4048 1519 4108 et
1552 4040 1788 4129 cogitationum
1820 4049 1984 4110 scrutator

593 4212 596 4218 .
621 4154 777 4233 Domine,
804 4152 911 4238 aufer,
938 4165 971 4226 et
991 4154 1066 4226 dele
1085 4159 1193 4227 omnia
1211 4164 1351 4251 peccata
1369 4164 1495 4241 nostra,
1521 4163 1611 4239 ncta,
1638 4164 1672 4224 et
1688 4156 1814 4245 ignota,
1840 4167 1984 4241 secreta,

619 4278 655 4340 et
679 4266 828 4364 publica,
856 4270 1042 4342 voluntaria
1069 4283 1103 4343 et
1128 4270 1368 4357 involuntaria,
1394 4268 1507 4360 hujus,
1541 4269 1789 4363 praecedentis,
1821 4280 1855 4341 et
1884 4269 1985 4343 futuri

618 4387 800 4480 temporis;
833 4396 966 4458 etcum
993 4391 1169 4480 tuojussu
1196 4386 1363 4458 adfinem
1397 4389 1487 4456 vitae
1517 4387 1724 4471 venerimus,
1756 4388 1853 4476 juxta
1893 4389 1982 4458 viam

618 4502 799 4594 mbquam,
814 4511 847 4573 et
856 4503 1060 4593 generalem,
1074 4501 1259 4576 bominibus
1273 4505 1440 4574 universis
1449 4503 1670 4590 constitutam,
1683 4509 1717 4569 ct
1726 4504 1983 4597 praescriptam:

619 4614 761 4711 dispone
786 4638 849 4687 nos
876 4620 938 4706 ita,
965 4628 1000 4689 ut
1025 4617 1145 4690 nullius
1172 4621 1317 4705 conscii,
1349 4640 1465 4689 eoram
1491 4615 1643 4689 tribunali
1669 4626 1725 4688 tuo
1752 4616 1922 4689 tremendo
1950 4627 1984 4688 et
2066 4683 2068 4686 ,

617 4731 785 4820 mendo,
819 4736 1046 4806 consistamus.
1098 4734 1233 4826 adjuva·
1269 4756 1333 4806 nas
1364 4734 1457 4806 Deus
1482 4731 1642 4805 Salvator
1670 4743 1805 4822 noster,
1840 4741 1874 4804 ct
1907 4736 1983 4804 vias

618 4849 713 4919 vitae
739 4847 837 4921 nobis
864 4848 1071 4937 demonstra,
1098 4862 1132 4922 et
1158 4854 1293 4922 semitas
1320 4849 1448 4921 luminis
1475 4847 1610 4944 plenas,
1641 4870 1727 4942 quae
1753 4858 1846 4921 recte
1872 4846 1983 4919 dedu-
2085 4844 2087 4846 ’

619 4972 700 5035 caat
718 4962 761 5035 ad
778 4975 909 5059 portum
932 4964 1144 5058 benignitatis
1169 4976 1258 5054 tuae,
1285 4976 1320 5037 ut
1340 4970 1374 5036 in
1394 4964 1502 5053 nobis,
1530 4975 1563 5036 et
1579 4985 1642 5059 pro
1662 4964 1772 5054 nobis,
1798 4974 1832 5037 et
1846 4976 1983 5061 propter

619 5099 695 5166 aas,
722 5088 757 5151 et
782 5079 824 5151 ab
852 5079 1003 5153 ominbus
1030 5081 1195 5154 exaltetur
1220 5103 1342 5153 nomen
1359 5090 1460 5170 tuum,
1486 5102 1550 5152 nec
1566 5101 1634 5152 non
1653 5082 1811 5174 unigeniti
1829 5080 1904 5152 Filii
1925 5083 1981 5167 tui,
2068 5131 2074 5148 .

621 5205 656 5267 ct
680 5196 824 5291 Spiritus
849 5200 903 5266 tui.

721 5311 881 5404 Populos.
934 5312 987 5386 Ut
