5150 6534
590 900 665 976 528
1081 895 1438 973 LITURGIA

588 1111 653 1185 que
679 1096 811 1158 nostras
838 1083 1003 1156 offerimus
1031 1082 1107 1174 tibi,
1133 1106 1195 1179 pro
1222 1081 1273 1154 bis
1300 1104 1387 1176 quae
1413 1104 1496 1174 erga
1523 1103 1586 1153 nos
1620 1082 1741 1154 iecisti.
1793 1081 1854 1152 His
1889 1081 1956 1152 ad-

585 1207 753 1297 jungimus
793 1204 891 1272 etiam
924 1201 1102 1272 adventum
1141 1210 1230 1270 tuum
1267 1197 1465 1286 secundum,
1506 1198 1685 1269 terribilem
1722 1200 1884 1294 supremis
1923 1207 1958 1267 et

588 1319 739 1391 omnibus
766 1317 862 1388 nobis
890 1316 1026 1407 infimis,
1053 1324 1086 1386 et
1111 1316 1390 1385 resurrectionem
1417 1314 1609 1406 generalem
1634 1319 1778 1385 omnium
1794 1318 1849 1408 qui
1875 1312 1956 1383 iacti

587 1445 678 1525 sunt,
706 1454 1019 1520 commemoramus,
1046 1429 1177 1525 quando
1207 1429 1382 1502 Orientalis
1409 1430 1494 1503 coeli
1520 1452 1599 1524 pars
1627 1430 1807 1519 dividetur,
1835 1440 1869 1501 et
1888 1429 1956 1500 ad-

586 1560 708 1623 ventus
736 1559 809 1620 tuus
843 1547 982 1639 lulguris
1014 1551 1118 1620 instar
1151 1545 1360 1636 coruscabit,
1396 1546 1622 1641 tenebraeque
1657 1547 1889 1628 discutientur,
1923 1554 1958 1615 et

588 1667 699 1760 caligo
733 1662 897 1760 profunda
931 1663 1055 1735 saeculi
1091 1662 1288 1757 depelletur:
1326 1661 1456 1756 qnando
1484 1662 1642 1756 splendor
1676 1673 1751 1734 tuus
1783 1659 1956 1752 fulgurans

589 1787 728 1867 orietur,
756 1787 790 1849 et
816 1801 900 1851 crux
927 1789 981 1850 tna
1008 1800 1090 1872 prae
1116 1777 1218 1849 radiis
1245 1777 1325 1850 solis
1352 1776 1507 1869 fulgebit:
1534 1801 1628 1849 mare
1653 1781 1740 1869 ignis
1773 1800 1886 1849 coram
1922 1788 1957 1848 te

587 1901 802 1981 intumescet,
830 1903 863 1964 et
889 1898 922 1964 in
947 1903 1113 1966 momento
1150 1893 1236 1965 oculi
1268 1916 1369 1988 super
1401 1899 1559 1966 universa
1594 1892 1791 1966 ellnndetnr:
1824 1892 1956 1989 quando

589 2014 675 2084 coeli
703 2014 788 2084 sicut
813 2009 970 2082 volumen
998 2009 1259 2098 convolventur,
1287 2009 1404 2082 stellae
1432 2021 1585 2105 tanquam
1603 2010 1769 2101 fragmina
1792 2009 1957 2096 decident,

589 2140 746 2221 astraque
772 2127 993 2214 mutabuntur,
1020 2135 1054 2196 ct
1081 2123 1330 2198 tenebrescent:
1358 2126 1521 2198 elementa
1549 2127 1590 2197 ad
1625 2126 1757 2197 nibilum
1791 2123 1956 2216 redigen-

484 2271 487 2290 ·
588 2255 658 2317 tur:
685 2242 816 2338 quando
842 2243 966 2334 Angeli
992 2264 1065 2313 cum
1093 2240 1179 2312 tubis
1206 2241 1412 2330 clamabunt,
1440 2253 1595 2336 terraque
1622 2242 1757 2314 dolores
1792 2244 1957 2336 experie-

589 2371 642 2432 tur
667 2370 822 2453 tanquam
849 2360 1075 2453 parturientis,
1102 2360 1223 2452 quique
1249 2361 1282 2428 in
1310 2381 1351 2429 ea
1379 2357 1505 2432 defossi
1532 2369 1605 2430 sunt
1632 2382 1706 2429 cum
1725 2369 1855 2429 terrore
1875 2379 1957 2428 sur-

588 2487 687 2568 gent,
729 2472 1037 2569 praeparabuntqne
1071 2496 1110 2545 se
1145 2473 1186 2543 ad
1219 2473 1375 2564 judicium
1409 2483 1443 2545 ct
1473 2474 1653 2547 vindictam
1683 2474 1795 2546 simul:
1824 2473 1955 2569 quando

588 2602 719 2665 montes
746 2588 972 2679 subsidebant,
999 2588 1173 2684 sepulchra
1200 2593 1401 2685 aperientur,
1428 2601 1544 2685 petrae
1571 2590 1776 2677 scindentur,
1804 2583 1898 2661 mare
1924 2598 1959 2659 et

590 2708 683 2781 arida
708 2728 813 2777 voces
840 2705 998 2777 confusas
1026 2709 1191 2777 emittent:
1228 2705 1358 2800 quando
1394 2706 1513 2778 solium
1549 2705 1695 2778 terribile
1727 2704 1957 2794 collocabitur,

591 2823 722 2920 quando
749 2832 873 2895 statera
898 2824 1048 2893 veritatis
1075 2822 1371 2917 praeponderabit,
1406 2831 1439 2891 et
1468 2824 1593 2912 justitia
1628 2833 1753 2894 rectum
1786 2823 1957 2914 judicans:

592 2940 799 3031 cumgratia
832 2938 887 3008 illa
920 2960 1046 3010 summa
1081 2938 1330 3009 misericordiae
1363 2936 1474 3009 locum
1508 2960 1576 3009 non
1610 2938 1714 3010 dabit:
1750 2938 1880 3033 quaudo
1916 2937 1959 3009 ad

588 3053 767 3128 vindictam
794 3053 980 3124 laciendam
1005 3055 1143 3142 venies,
1171 3064 1204 3125 et
1231 3076 1376 3125 examen
1401 3052 1651 3125 malefactorum
1667 3057 1829 3143 institues,
1855 3065 1957 3127 tunc-

591 3194 655 3266 que
682 3191 756 3239 cum
784 3172 949 3263 aequitate
970 3167 1151 3261 judicabis,
1179 3182 1313 3241 etcum
1337 3172 1463 3259 justitia
1481 3169 1661 3243 retribues:
1689 3170 1820 3265 quando
1836 3193 1959 3242 resur-

590 3295 671 3379 gent
698 3308 814 3358 omues
840 3285 1008 3373 homines,
1035 3296 1069 3356 et
1095 3289 1128 3355 in
1154 3285 1277 3357 vallem
1303 3285 1465 3379 losaphat
1491 3285 1801 3377 congregabuntur,
1835 3291 1958 3377 singu-

589 3401 678 3498 lique
705 3401 844 3493 singulis
872 3402 1090 3492 adjungentur
1116 3402 1316 3497 aequaliter,
1343 3401 1490 3497 bonique
1516 3402 1558 3473 de
1592 3411 1679 3475 statu
1704 3402 1761 3474 illo
1795 3405 1959 3474 communi

592 3531 626 3591 et
664 3517 803 3606 eodem,
838 3517 998 3588 timebunt
1037 3527 1072 3587 et
1108 3528 1263 3590 trement:
1300 3517 1430 3613 quando
1469 3517 1553 3591 alios
1588 3517 1630 3589 ab
1666 3518 1739 3589 aliis
1774 3518 1958 3613 separabis,

591 3631 769 3727 bonosque
796 3632 950 3704 adlatus
978 3632 1130 3703 dextrum
1159 3638 1358 3722 constitues,
1384 3633 1489 3707 malos
1523 3634 1566 3705 ad
1591 3633 1677 3705 latus
1704 3636 1871 3707 sinistrum
1896 3657 1960 3706 re-

592 3748 714 3844 pelles,
741 3758 775 3818 et
801 3751 976 3842 unicnique
1003 3747 1183 3819 secundum
1217 3753 1369 3821 meritum
1403 3749 1586 3822 retribues:
1619 3750 1749 3844 quando
1781 3752 1891 3840 justos
1925 3751 1960 3820 in

591 3863 746 3936 mundum
785 3867 944 3934 materiae
982 3874 1156 3957 expertem
1196 3865 1352 3955 induces,
1386 3877 1419 3937 et
1453 3869 1584 3957 regioni
1616 3865 1731 3937 decem
1767 3866 1960 3937 civitatibus

592 3982 825 4077 praestantiori
852 4002 912 4051 eos
939 3980 1128 4073 praeficies:
1156 3983 1274 4075 impios
1302 3984 1471 4073 inignem
1500 3985 1555 4075 qui
1580 3994 1716 4077 paratus
1747 3991 1798 4054 est
1825 3979 1959 4053 diabolo

593 4107 626 4168 et
653 4094 782 4186 angelis
809 4098 881 4186 ejus
907 4096 1088 4189 projicies,
1114 4106 1148 4167 et
1172 4095 1279 4184 fletui,
1313 4099 1464 4188 gemitui,
1496 4107 1531 4168 et
1564 4097 1674 4168 dolori
1710 4118 1771 4169 eos
1804 4096 1959 4169 addices:

594 4212 723 4308 quando
751 4211 850 4282 sedes
878 4211 1145 4299 collocabuntur,
1172 4211 1395 4307 Apostolique
1422 4215 1526 4285 sancti
1553 4235 1654 4307 super
1690 4236 1750 4285 eas
1786 4212 1959 4286 sedebunt

591 4326 706 4421 ltaque
732 4327 788 4400 filii
812 4327 989 4400 Ecclesiae
1018 4339 1094 4400 tuae
1121 4338 1258 4400 sanctae
1285 4329 1543 4401 misericordiam
1578 4340 1666 4401 tuam
1699 4328 1893 4422 implorant,
1926 4340 1961 4400 et

594 4442 720 4515 dicunt:
746 4466 808 4539 per
833 4455 867 4515 te
893 4455 927 4515 et
954 4455 1008 4516 tuo
1035 4443 1198 4516 beneficio
1225 4445 1387 4533 Domine,
1418 4468 1486 4516 non
1519 4469 1580 4540 per
1613 4467 1676 4517 nos
1710 4466 1832 4521 servos
1868 4455 1959 4518 tuos:

593 4581 655 4654 per
682 4559 942 4631 misericordiam
969 4571 1074 4650 tuam,
1101 4570 1135 4631 et
1160 4583 1227 4632 non
1254 4584 1315 4656 per
1338 4565 1494 4652 justitiam
1521 4573 1687 4651 nostram,
1714 4565 1747 4632 in
1782 4560 1845 4630 hac
1876 4561 1961 4634 bora

590 4675 806 4768 judiciorum,
846 4699 913 4747 non
948 4676 1120 4772 displiceat
1152 4678 1209 4749 tibi
1249 4680 1361 4769 imago
1394 4688 1466 4768 tua,
1500 4701 1608 4774 neque
1643 4699 1727 4750 oves
1765 4676 1961 4772 redemptae

594 4795 756 4882 sanguine
783 4801 839 4863 tuo
866 4797 1024 4887 pretioso.
1076 4794 1192 4884 Imago
1219 4803 1275 4864 tua
1302 4817 1434 4883 sumus,
1466 4798 1617 4889 quamvis
1651 4818 1672 4866 a
1704 4793 1857 4866 libertate
1889 4817 1962 4866 ex-

594 4907 779 4980 ciderimus.
832 4908 884 4980 Ne
921 4911 1045 4999 justitia
1078 4919 1133 4980 tua
1168 4913 1309 5003 aspiciat
1339 4914 1526 5006 iniquitates
1561 4922 1714 4998 nostras,
1745 4913 1790 4981 ita
1824 4920 1860 4982 ut
1894 4933 1959 4983 nos
2025 4964 2028 4972 -

593 5023 738 5118 repellas
766 5025 928 5096 cumillis
956 5029 1009 5119 qui
1037 5024 1176 5096 odenmt
1201 5048 1273 5099 nos.
1327 5026 1380 5098 Ne
1405 5031 1512 5118 gratia
1539 5036 1594 5100 tua
1621 5027 1797 5117 elongetur
1822 5035 1960 5120 propter

596 5141 728 5214 odibilia
754 5152 887 5233 nostra,
914 5152 970 5215 aut
995 5146 1128 5234 rejicias
1154 5165 1215 5214 nos
1242 5166 1318 5214 cum
1343 5145 1482 5215 inimicis
1514 5148 1655 5231 nostris,
1687 5165 1730 5214 nc
1761 5141 1849 5213 lorte
1880 5139 1961 5211 lae-

597 5267 718 5328 tentur
732 5259 917 5352 perditione
934 5269 1069 5348 nostra,
1096 5267 1131 5330 et
1148 5259 1258 5331 dicant
1272 5259 1381 5348 nobis,
1408 5257 1473 5331 Ubi
1485 5271 1538 5331 est
1551 5260 1645 5332 Deus
1659 5268 1784 5331 vester.
1835 5256 1962 5329 Verum

597 5372 726 5446 eilande
752 5396 852 5472 super
878 5398 941 5448 nos
967 5378 1107 5468 gratiam
1133 5372 1241 5467 tuam,
1269 5384 1304 5447 et
1329 5376 1500 5450 absconde
1531 5397 1595 5448 nos
1629 5373 1743 5449 subter
1778 5373 1848 5446 alas
1882 5374 1960 5445 cle-
