5150 6534
979 1292 1583 1470 ultonem

746 1620 1062 1738 ΤΗΟΜΑΕ
1116 1628 1137 1693 ¹·
1194 1622 1826 1742 Huuruouuuusls

999 1948 1151 2016 Primum
1178 1949 1293 2017 aratio
1322 1952 1402 2015 cate
1429 1945 1566 2017 Pacem.

670 2140 881 2258 Exorans,
916 2180 1070 2255 aeterna
1105 2167 1318 2257 abscondite,
1351 2171 1405 2263 qui
1439 2170 1471 2238 in
1506 2179 1558 2239 tua
1593 2172 1796 2264 propriaque
1823 2176 1968 2245 essentia

600 2307 794 2381 permanes:
822 2288 877 2379 qui
904 2285 944 2357 ah
973 2283 1124 2356 omnibus
1152 2287 1312 2354 creaturis
1340 2294 1374 2354 et
1400 2287 1510 2356 servis
1531 2282 1681 2358 adoraris
1697 2294 1731 2355 et
1752 2287 1969 2378 glorificaris3

599 2405 687 2473 sicut
711 2400 802 2490 olim,
828 2404 873 2471 ita
901 2404 999 2471 etiam
1027 2422 1112 2471 nunc
1140 2400 1308 2471 sanctifica
1336 2404 1472 2487 animaS,
1501 2412 1534 2471 et
1560 2424 1704 2496 corpora
1732 2406 1874 2474 omnium
1897 2426 1968 2475 no-

600 2526 714 2604 strum,
741 2526 776 2587 ut
802 2520 835 2587 in
861 2539 925 2587 una
953 2515 1132 2588 concordia
1161 2519 1320 2604 caritatis,
1347 2526 1413 2587 tam
1441 2517 1483 2588 ad
1509 2528 1561 2605 te,
1591 2541 1690 2612 quam
1717 2517 1765 2590 ad
1786 2542 1848 2590 nos
1875 2523 1970 2591 invi-

600 2654 675 2703 cem
701 2644 850 2721 mutuae,
882 2655 1069 2703 mereamur
1099 2632 1235 2703 laudare
1264 2642 1296 2703 te
1323 2644 1355 2704 et
1389 2636 1592 2724 unigenitum
1619 2635 1737 2706 Filium
1766 2645 1874 2725 tuum,
1907 2660 1971 2731 per

600 2769 697 2841 quem
725 2758 858 2818 etcum
886 2771 951 2842 quo
979 2759 1012 2819 te
1039 2747 1136 2820 dccet
1162 2748 1289 2840 gloria
1325 2749 1432 2820 honor
1459 2759 1492 2819 et
1518 2753 1709 2844 imperium,
1744 2774 1818 2823 cum
1844 2751 1968 2847 Spiritu

599 2872 656 2934 tuo
684 2866 904 2936 sanctissimo.

705 2978 866 3072 Populos.
919 2980 1038 3050 Amen.

704 3095 889 3167 Sacerdos.
942 3098 1026 3167 Pax.

704 3211 865 3305 Popaiua.
917 3209 1060 3283 Etcum
1089 3215 1204 3308 spiritu
1232 3222 1298 3282 tuo.

704 3328 892 3401 Diaconos.
944 3327 1012 3399 Det
1037 3330 1260 3423 unusquisque
1286 3350 1424 3422 pacem,
1451 3339 1514 3399 etc.

703 3444 863 3536 Populos.
918 3443 1052 3517 Omnes.

704 3561 890 3631 Diaconos.
942 3560 1034 3631 Post.

703 3674 863 3767 Papulas.
918 3674 1042 3747 Coram
1069 3686 1112 3747 te.

704 3790 888 3863 Sacerdos.
923 3790 990 3863 Per
1016 3791 1250 3864 multitudinem
1277 3792 1527 3865 misericordiae
1554 3803 1631 3863 tuae
1644 3791 1798 3879 Domine,
1826 3792 1966 3863 benedic

602 3929 722 3980 servos
749 3917 824 3979 tuos
852 3919 886 3979 et
917 3908 1112 3980 adoratores
1147 3919 1220 3981 tuos
1253 3910 1357 3994 istOS,
1391 3911 1444 4001 qui
1476 3930 1562 3978 nunc
1595 3930 1709 3978 coram
1746 3918 1780 3978 tc
1812 3908 1967 3992 inclinati,

600 4033 780 4120 expectant
807 4022 927 4095 donum
955 4035 1043 4095 tuum
1071 4023 1233 4097 coeleste:
1261 4046 1322 4119 per
1348 4026 1501 4115 gratiam,
1528 4022 1790 4095 misericordium
1812 4033 1847 4094 et
1865 4046 1968 4095 amo-

599 4161 671 4209 rem
698 4160 780 4231 erga
807 4139 957 4211 homines
984 4143 1142 4233 unigeniti
1169 4141 1240 4211 Filii
1266 4142 1329 4210 tui:
1356 4162 1417 4234 per
1445 4162 1541 4233 quem
1570 4151 1602 4211 ct
1629 4162 1702 4209 cum
1731 4162 1795 4233 quo
1820 4150 1852 4210 te
1871 4137 1969 4211 decet

602 4254 709 4348 gloria
736 4266 770 4326 et
795 4255 913 4345 honor,
941 4266 1003 4327 etc.

704 4371 865 4464 Papulas.
917 4373 1036 4443 Amen.

703 4486 887 4558 Sacerdos.
940 4487 1095 4560 Perfecto
1123 4491 1253 4585 applica
1279 4500 1423 4560 mentem
1448 4498 1596 4558 nostram
1629 4487 1670 4558 ad
1702 4487 1810 4558 lumen
1844 4485 1923 4581 perf
1942 4526 1966 4541 -

602 4606 780 4678 ctissimum
798 4601 1016 4696 'theologiae
1043 4629 1128 4699 quae
1155 4606 1395 4701 contemplatur
1422 4625 1565 4677 summas
1592 4602 1706 4675 laudes
1734 4613 1806 4675 tuas
1833 4601 1965 4689 beatas,

601 4718 762 4808 Domine3
791 4728 824 4789 et
849 4729 983 4812 praesta
1009 4717 1117 4808 nobis,
1144 4731 1179 4792 ut
1204 4744 1286 4818 pure
1314 4730 1412 4815 atque
1439 4729 1552 4790 sancte
1570 4718 1737 4813 perficiam
1753 4719 1966 4789 ministerium

600 4833 666 4907 hoc
692 4858 810 4931 purum
837 4843 933 4929 atque
960 4840 1153 4931 mysticum3
1180 4842 1408 4932 pergratiam
1436 4846 1470 4907 et
1495 4835 1773 4921 misericordiam,
1806 4843 1840 4904 et
1867 4856 1966 4904 amo-

601 4970 673 5021 rem
701 4927 783 5042 er'go
809 4948 960 5022 homines
987 4954 1147 5042 unigeniti
1172 4952 1246 5023 Filii
1272 4957 1328 5041 tui,
1355 4975 1416 5048 per
1444 4975 1540 5047 quem
1567 4962 1700 5023 etcum
1728 4972 1793 5045 quo
1820 4960 1854 5021 te
1870 4947 1969 5019 decet

601 5062 731 5156 gloria,
759 5076 821 5137 etc.

706 5179 867 5273 Populea.
920 5182 1039 5254 Amen.

707 5297 893 5369 Diaconos.
946 5297 1079 5372 Stemus
1106 5297 1272 5370 decenter.
