5150 6534
767 839 798 917 s.
825 838 1034 918 nnsnmnn
1057 835 1321 917 Pammenis
1346 773 1586 916 nmoennu
1790 833 1870 913 aso

607 1026 790 1099 Sacerdos.
842 1025 1094 1100 Misericordiae
1119 1024 1185 1097 Dei
1210 1028 1285 1099 sint

606 1142 794 1215 Diueoaue.
846 1143 1081 1239 Unusquisque
1106 1165 1181 1215 enm
1206 1146 1336 1218 timore.

606 1258 790 1334 Sacerdos
843 1262 966 1335 Sancta
993 1262 1127 1333 sanetis.

606 1377 768 1472 Populus.
820 1378 915 1451 Unus
940 1378 1042 1449 Pater
1068 1386 1214 1462 sanctus,
1242 1385 1305 1447 ete.

731 1679 906 1751 Sacerdos
932 1679 1018 1750 dicit
1043 1678 1240 1751 Orationem
1265 1679 1458 1771 qrutiorum
1483 1678 1641 1775 aetionis.

608 1866 746 1940 Omnem
772 1867 902 1941 landem
928 1867 1179 1954 indeficientem,
1206 1869 1337 1958 gratiae
1363 1876 1439 1937 tuae
1464 1861 1677 1937 inenarrabili
1701 1860 1868 1938 offerimus

502 1982 663 2055 Domine:
691 1988 746 2079 qui
768 2008 830 2080 per
848 1988 1094 2080 susceptionem
1110 1982 1206 2075 hujus
1221 1985 1372 2079 mysterii
1390 1980 1577 2053 illuminasti
1592 1982 1718 2054 ammas
1733 1990 1867 2055 nostras

502 2097 605 2170 radiis
632 2098 854 2196 spiritualibus
880 2100 1058 2172 divinitatis
1085 2110 1171 2171 tuae.
1224 2099 1364 2170 Praesta
1390 2120 1454 2170 nos
1479 2101 1580 2190 igitur
1610 2094 1791 2170 moolames
1824 2097 1866 2170 ab

501 2216 581 2306 igne
607 2214 664 2289 illo
689 2214 949 2309 inextinguibili,
975 2239 1037 2312 per
1062 2215 1148 2287 istud
1174 2217 1381 2286 convivium:
1418 2223 1452 2285 et
1483 2213 1667 2285 referemus
1700 2206 1757 2281 tibi
1783 2208 1866 2303 glo·

501 2330 601 2420 nam,
629 2340 690 2401 ete.

607 2446 767 2540 Populus.
816 2448 935 2519 Amen.

605 2562 788 2635 Sacerdos.
841 2564 924 2634 Pax.

606 2678 767 2771 Populus.
820 2678 963 2750 Etcum
990 2681 1104 2774 spiritu
1130 2688 1197 2751 tuo.

507 2803 509 2808 ’
604 2794 792 2866 Maeones.
843 2794 935 2867 Post.

607 2908 790 2982 Sacerdos.
833 2911 975 2983 Domine
1002 2909 1130 2983 custodi
1156 2910 1311 3007 populum
1338 2919 1427 2980 tuum
1453 2907 1595 2999 fidelem,
1622 2921 1656 2982 et
1681 2913 1777 2985 salva
1802 2934 1865 2984 nos

502 3047 621 3099 omnes
648 3026 690 3100 ab
718 3030 806 3098 omni
832 3030 949 3099 timore
976 3036 1010 3097 et
1036 3037 1194 3098 tremore:
1222 3025 1550 3120 tranquillitatemque
1577 3036 1611 3098 et
1635 3050 1753 3123 pacem
1777 3052 1865 3101 oon-

500 3142 588 3214 eede
612 3139 709 3216 nobis
736 3143 899 3232 omnibus,
925 3140 1240 3236 benedictionesque
1265 3137 1383 3228 bonas,
1411 3141 1533 3233 gaudia
1560 3152 1594 3214 et
1611 3129 1864 3220 emutationem:

501 3267 538 3330 ut
562 3281 624 3355 pro
660 3257 811 3332 omnibus
841 3258 1060 3331 retribuamus
1094 3257 1152 3330 tibi
1185 3257 1344 3358 gloriam,
1379 3256 1528 3348 laudem,
1563 3258 1799 3334 exaltationem
1832 3273 1866 3335 et

500 3376 683 3466 gratiarum
712 3378 885 3462 actionem,
907 3377 1049 3470 Deoque
1066 3374 1155 3447 Patri
1181 3377 1325 3466 genitori
1351 3382 1418 3461 tuo,
1446 3384 1480 3446 et
1494 3374 1628 3472 Spiritui
1654 3387 1711 3451 tno
1738 3391 1864 3471 saneto,

500 3511 607 3579 nune,
634 3499 696 3561 etc.
1479 3510 1483 3522 ’

606 3606 768 3699 Populus.
820 3608 940 3678 Arnen.

605 3723 792 3794 Diaconos.
846 3721 991 3792 Benedio
1019 3721 1171 3796 Domine.

605 3838 789 3910 Sacerdos.
842 3838 987 3910 Benedio
1014 3838 1111 3909 nobis
1139 3836 1298 3910 omnibns.

604 3953 792 4029 Diaconos.
843 3953 1044 4026 Benedieam
1070 3954 1256 4026 Dominum.

920 4244 1450 4288 μψη

693 4562 757 4652 IN
803 4562 1181 4656 LITURGIAM
1228 4561 1261 4655 S.
1309 4564 1677 4660 EUSTATHII
1775 4583 1792 4675 §J

696 4772 699 4776 ·
1098 4753 1267 4840 notit.

938 5000 971 5071 1.
1011 5002 1185 5074 Emtatttt
1210 5005 1428 5079 Antiocheae

601 5188 819 5269 Csnnnaamun
843 5213 971 5268 estnon
993 5205 1082 5269 modo
1105 5206 1184 5270 inter
1204 5208 1373 5288 lambitas,
1401 5211 1457 5274 sed
1479 5212 1558 5293 apud
1580 5210 1774 5277 ernodoxos
1796 5214 1862 5278 Eu·

504 5304 604 5369 stetbii
625 5307 823 5390 Antiocheni,
846 5308 897 5390 qui
918 5308 1053 5374 Nicaeno
1077 5309 1211 5374 Concili0
1233 5312 1384 5394 interluit,
1407 5314 1565 5378 memoria:
1586 5332 1687 5398 neque
1707 5317 1803 5400 magis
1825 5318 1862 5383 ad
1892 5319 2072 5375 stataet.
2088 5331 2111 5375 et
2125 5322 2168 5378 ¹7.
