5150 6534
798 866 828 943 s.
854 867 962 942 rurn
987 865 1169 944 rarroms
1195 865 1479 943 uosroronuu.
1625 862 1633 881 ⁸
1743 866 1816 943 149
1850 953 1854 966 ὀ

453 1052 588 1125 Domini
601 1053 667 1124 Dei
682 1062 715 1124 et
722 1052 907 1125 Salvatoris
922 1057 1028 1125 nostri
1042 1055 1124 1126 Jeso
1143 1052 1276 1141 Christi,
1290 1053 1331 1123 ad
1348 1056 1579 1126 remissionem
1595 1077 1710 1126 eorum
1731 1077 1816 1148 quos

453 1173 645 1266 insipienter
671 1172 848 1241 commissa
874 1178 968 1258 sunt,
994 1180 1029 1241 et
1053 1168 1297 1241 relaxationem
1316 1179 1526 1264 peccatorum
1552 1171 1815 1265 suscipientibus.

557 1285 717 1377 Popslss.
768 1286 888 1356 Amen.

530 1401 741 1472 ‘Sacerdos
781 1398 889 1471 Nobis
916 1409 1025 1471 autem
1052 1402 1107 1493 qui
1133 1398 1269 1469 illorum'
1291 1402 1468 1493 participes
1496 1399 1594 1471 loturi
1620 1423 1746 1490 sumne,
1773 1404 1817 1472 sit
1938 1382 1948 1393 ⁴

453 1517 496 1590 od
522 1520 754 1613 purgationem
781 1519 962 1587 animarum
988 1525 1022 1586 et
1048 1537 1245 1610 corporum,
1278 1513 1320 1584 ad
1354 1537 1466 1587 mores
1501 1515 1749 1607 Evangelicos‚
1784 1527 1818 1587 et

453 1633 497 1706 ad
526 1633 808 1705 confirmationem
842 1631 1018 1703 Ecclesiae
1051 1641 1188 1703 sanctae
1228 1628 1441 1717 Catholicae,
1478 1654 1563 1726 quae
1597 1631 1731 1704 lundata
1766 1644 1818 1703 est

433 1771 556 1845 ‘snper
580 1760 710 1845 petram
736 1747 825 1836 fidei,
852 1746 895 1818 de
922 1769 987 1841 qua
1012 1746 1142 1835 dixisti,
1175 1745 1263 1841 quod
1295 1758 1414 1842 portae
1448 1746 1544 1817 inlesi
1570 1769 1638 1820 non
1664 1770 1817 1842 praeva—
1872 1791 1877 1816 .

451 1864 567 1938 lebrmt
599 1864 762 1936 adversus
795 1854 885 1949 eam',
920 1862 1065 1935 liberans
1099 1862 1187 1934 illam
1219 1860 1261 1934 ab
1295 1861 1490 1935 haeresibus
1528 1873 1563 1934 et
1597 1888 1617 1935 a
1650 1862 1817 1936 scandatis

453 1984 656 2078 operantium
683 1982 896 2072 iniquitatem,
923 1976 1117 2052 insaecula
1145 1977 1363 2050 saecolorum.

554 2096 729 2167 Sacerdos
767 2093 957 2163 inclinatas.
1016 2091 1157 2186 Suscipe
1198 2092 1446 2166 contessionem
1483 2105 1630 2167 nostram
1675 2117 1696 2167 o
1738 2094 1817 2167 Rex

450 2223 585 2303 noster,
620 2221 654 2283 et
685 2228 747 2305 per
780 2232 854 2280 eam
881 2201 1094 2297 conciliatus,
1127 2208 1390 2304 tranquillitatem
1417 2210 1504 2282 dona
1530 2210 1653 2305 populo
1680 2221 1756 2297 tuo,
1784 2222 1816 2280 et

450 2351 568 2425 pacem
594 2330 692 2419 gregi
720 2336 788 2414 tuo,
816 2334 849 2395 et
876 2326 1166 2396 conservationem
1191 2324 1366 2398 Pastorum
1394 2325 1681 2399 Orthodoxorum:
1709 2350 1815 2422 prae-

450 2449 547 2539 cipue
573 2466 658 2516 vero
685 2440 899 2514 Potriarchae
930 2444 1036 2512 nostri
1067 2442 1200 2513 Domini
1234 2440 1275 2512 N.
1303 2451 1337 2512 et
1362 2443 1403 2514 D.
1430 2440 1472 2513 N.
1505 2444 1666 2538 Episcopi
1699 2448 1815 2527 nostri,

450 2583 525 2632 cum
562 2559 697 2653 reliquis
734 2557 885 2630 omnibus
926 2557 1103 2651 Episcopis
1147 2556 1362 2630 Orthodoxis.
1415 2557 1563 2631 Verbum
1606 2558 1816 2654 praeclarum

449 2676 598 2749 concede
624 2674 701 2764 itis,
727 2683 763 2744 ιιι
787 2676 842 2768 pie
863 2676 961 2764 gregi
988 2684 1043 2744 tuo
1072 2683 1264 2745 ornamento
1293 2677 1369 2762 sint,
1397 2685 1431 2745 et
1454 2696 1475 2744 a
1497 2674 1646 2748 doctrina
1665 2698 1815 2748 errorum

449 2814 524 2865 eum
550 2789 756 2888 prohibeant.

552 2909 702 2979 Eteonos
727 2927 852 2976 vocem.
907 2904 977 2975 Fac
1012 2926 1073 2975 eos
1109 2914 1248 2976 stantes¹
1267 2927 1342 2975 cum
1374 2904 1466 2978 vultu
1497 2910 1638 3001 potenti,
1667 2918 1813 2979 etver-

448 3021 527 3096 bum
553 3026 703 3096 veritatis
728 3031 821 3092 recte
848 3019 1115 3092 administrantes
1138 3018 1260 3092 exhibe
1291 3019 1385 3108 illos,
1418 3031 1453 3093 ut
1485 3044 1612 3095 summa
1646 3023 1813 3115 diligentia

447 3136 597 3228 illorum,
630 3160 716 3233 pace
747 3159 833 3231 quae
865 3160 885 3207 a
916 3148 950 3207 te
982 3146 1051 3225 est,
1086 3139 1156 3208 vita
1190 3135 1320 3208 illorum
1348 3136 1508 3226 abundet,
1542 3150 1577 3210 et
1602 3161 1728 3231 greges
1755 3138 1813 3210 tihi

356 3236 359 3239 ’
448 3257 630 3348 acquisitos
655 3263 795 3350 pascant
821 3251 983 3324 alimentis
1010 3253 1126 3324 olienis
1154 3251 1195 3323 ab
1213 3256 1303 3323 omni
1322 3251 1448 3338 hande,
1475 3277 1537 3348 per
1564 3258 1716 3345 gratiam,
1743 3257 1811 3323 mi-

447 3371 664 3443 sericordiam
691 3379 725 3442 et
751 3392 899 3441 amorem
926 3391 1008 3461 erga
1029 3368 1177 3441 homiues
1203 3372 1365 3460 unigeniti
1382 3370 1456 3441 Filii
1482 3373 1540 3458 tui,
1567 3393 1629 3465 per
1656 3392 1753 3464 quern
1780 3379 1813 3439 ot

448 3508 524 3557 cum
551 3509 616 3581 quo
643 3497 677 3559 te
703 3486 812 3574 decet,
839 3494 901 3555 eto.

552 3603 713 3695 Populos.
766 3600 885 3672 Amen.

551 3716 726 3789 Sacerdos
751 3716 941 3786 declinatas.
993 3716 1113 3787 lterum
1141 3715 1279 3808 dignam
1306 3717 1448 3788 Domine
1474 3720 1663 3790 meminisse
1687 3738 1813 3803 eorum,

446 3834 502 3928 qni
527 3844 771 3929 praeceperunt
795 3833 906 3919 nobis,
932 3840 968 3901 ut
993 3834 1026 3902 in
1052 3830 1114 3902 hac
1140 3831 1221 3904 hora
1249 3836 1445 3904 memoriam
1472 3855 1586 3904 eorum
1613 3833 1812 3905 haberemus

444 3950 480 4019 in
512 3952 635 4022 nostris
673 3947 758 4044 apud
791 3957 825 4018 te
858 3947 1081 4019 orationibus:
1114 3958 1288 4019 eteorum
1317 3951 1370 4042 qui
1397 3948 1455 4022 has
1488 3948 1674 4021 oblationes
1707 3948 1812 4020 obtu-

444 4063 565 4154 lerunt,
592 4085 773 4158 eorumque
800 4087 860 4158 pro
889 4061 1006 4157 quibus
1020 4062 1152 4133 oblatae
1165 4074 1256 4133 sunt:
1284 4085 1347 4133 nec
1373 4086 1439 4135 non
1458 4063 1588 4135 illorum
1607 4068 1662 4157 qui
1690 4066 1811 4136 ollerre

445 4178 578 4274 quidem
602 4180 789 4273 voluerunt,
817 4178 877 4251 sed
904 4201 971 4249 non
997 4188 1181 4273 potuerunt.
1561 4192 1563 4194 ·

548 4296 697 4366 Eleonas
731 4318 856 4366 nocem.
909 4294 1077 4365 Memento
1109 4295 1271 4382 Domine,
1304 4304 1338 4365 et
1372 4293 1501 4366 illorum
1535 4300 1589 4389 qui
1628 4297 1661 4365 in
1701 4299 1810 4365 animo

445 4421 645 4500 statuerunt,
685 4423 721 4483 ut
751 4412 939 4483 Ecclesiam
974 4420 1060 4481 nram
1093 4423 1242 4483 sanctam
1276 4410 1481 4482 Cathohcam
1515 4422 1547 4481 et
1578 4412 1812 4506 Apostolicam

441 4528 599 4618 juvarent
624 4526 732 4599 verbo
761 4528 932 4599 doctrinae
959 4532 1069 4616 vitae,
1102 4536 1134 4597 et
1161 4527 1319 4621 operibus
1351 4550 1437 4621 quae
1472 4527 1514 4599 ad
1550 4531 1701 4598 veritatis
1735 4540 1811 4598 tuae

441 4646 647 4735 agnitionem
673 4642 874 4731 conferrent,
902 4646 1018 4737 eis'que
1045 4642 1209 4734 refugium
1236 4653 1269 4712 et
1296 4643 1426 4733 adjutor
1453 4656 1548 4730 esto,
1575 4642 1721 4715 liberans
1748 4666 1809 4714 eos

347 4771 353 4788 ¹
444 4758 487 4830 ab
515 4761 603 4830 omni
630 4759 836 4853 daemonum,
862 4758 1088 4853 malorumque
1114 4758 1277 4829 hominum
1305 4769 1339 4828 et
1364 4759 1618 4833 inexorabiliorn
1651 4757 1811 4849 maligni-

443 4883 529 4947 tate:
554 4897 615 4970 per
642 4878 792 4967 gratiam,
820 4876 1082 4948 misericordiam
1115 4886 1149 4945 et
1182 4896 1330 4945 amorem
1357 4896 1440 4966 erga
1476 4875 1624 4949 homines
1651 4876 1810 4964 unigeniti

443 4988 519 5060 Filii
546 4993 603 5080 tui,
632 5014 817 5087 perquem
846 5002 878 5062 et
906 5014 978 5063 cum
1007 5015 1071 5086 quo
1099 5002 1132 5062 te
1160 4990 1257 5062 decet
1282 4988 1402 5081 glorio,
1430 5001 1492 5063 etc.

546 5105 720 5179 Sacerdos
746 5107 937 5181 inclinatas.
964 5107 1132 5178 Memento
1160 5110 1272 5195 ettam,
1288 5107 1443 5197 Domine,
1469 5106 1597 5178 illorum
1615 5115 1648 5176 et
1674 5104 1811 5195 mamm,

444 5224 499 5317 qui
518 5244 659 5315 regnum
685 5222 871 5318 temporale
897 5222 1046 5294 obtinent
1078 5222 1241 5312 fidelium,
1266 5233 1303 5293 ut
1336 5235 1402 5295 tom
1436 5240 1498 5293 nos
1535 5245 1632 5317 quam
1657 5222 1811 5294 illitran-

443 5337 577 5433 quillam
605 5350 639 5412 et
666 5342 809 5435 quietam
835 5341 940 5413 vitam
968 5360 1129 5432 agamus,
1156 5342 1190 5410 in
1217 5341 1306 5410 omni
1334 5342 1451 5410 timore
1476 5337 1542 5409 Dei
1568 5347 1602 5408 et
1627 5326 1789 5410 castitatess

1522 5455 1604 5528 22*
