5150 6534
1084 836 1450 916 ulluttatn·
1532 843 1536 850 '

891 1139 1665 1233 umaoomaeaeqeaaname.

683 1334 786 1413 Nossa
809 1354 896 1409 erant
908 1347 1012 1428 Reges
1034 1347 1140 1410 lidcles
1149 1347 1334 1429 Apostolicis
1357 1346 1560 1428 temporibus:
1581 1351 1672 1426 atque
1694 1363 1732 1410 ea
1751 1346 1871 1410 ratione
1894 1346 1963 1410 sola

592 1452 740 1515 evertitur
761 1458 971 1532 argumentum
992 1451 1074 1532 quod
1098 1470 1139 1513 ex
1167 1450 1253 1514 titulo
1276 1451 1345 1516 duci
1366 1457 1474 1531 posset
1494 1448 1532 1511 ad
1554 1448 1758 1530 antiquitatem
1786 1448 1874 1514 istius
1903 1449 1962 1512 Li·

592 1551 711 1632 turgiae
734 1548 953 1627 stabiliendam,
975 1550 1154 1630 praesertim
1176 1568 1243 1612 cum
1265 1548 1407 1631 Apostoli
1433 1565 1491 1631 pro
1511 1545 1646 1629 Regibus
1668 1549 1758 1610 ctiam
1779 1547 1963 1626 infidelibus

511 1687 515 1694 ·
594 1647 781 1714 Christianos
810 1667 920 1730 preces
948 1647 1061 1712 offerre
1088 1650 1242 1712 docerent.
1302 1649 1349 1711 De
1376 1647 1427 1711 illa
1453 1645 1583 1711 formula
1609 1646 1720 1709 (lictmn
1752 1655 1800 1711 est
1826 1649 1962 1733 saepius,

593 1765 671 1829 quae
693 1748 724 1812 id
746 1748 933 1812 solummodo
954 1749 1104 1832 significat
1126 1747 1207 1830 quod
1228 1746 1383 1831 liturgiae
1404 1748 1435 1811 in
1456 1746 1566 1829 qaum
1588 1746 1733 1823 occurrit,
1755 1763 1796 1810 ax
1817 1745 1879 1810 illis
1902 1765 1963 1809 ex·

593 1866 721 1929 pressae
741 1849 801 1912 sint
823 1866 902 1930 qums
923 1846 979 1910 sul)
1002 1845 1178 1912 mutuis
1200 1846 1436 1928 imperatoribus
1458 1848 1488 1911 in
1510 1865 1569 1910 usu
1590 1854 1687 1911 erant.

1013 2208 1494 2253 -ῄψ-..μ
1526 2229 1533 2237 .

973 2639 1575 2820 LITURGIA
1921 2827 1930 2844 ,

698 2953 1164 3074 ,ouoouoru
1223 2953 1804 3073 nrosuonoruu

592 3196 806 3274 salutatus,
828 3194 922 3276 Quat
944 3194 1122 3264 utilitatis
1142 3194 1248 3265 tutas
1269 3194 1495 3262 almutium
1518 3194 1624 3262 uiuit
1645 3194 1742 3265 ratu
1762 3194 1954 3268 oucuttlt

952 3559 955 3563 Ι
996 3451 1147 3523 Primum
1173 3452 1297 3524 Oratio
1323 3458 1404 3523 orate
1426 3472 1556 3545 poccra.

687 3649 853 3753 Bonna
879 3672 972 3745 Deus
999 3677 1189 3748 misericors
1217 3687 1251 3748 et
1276 3686 1410 3763 sancte,
1444 3678 1499 3770 qui
1525 3698 1586 3770 per
1612 3677 1815 3767 unigenitum
1839 3674 1954 3750 uuam

592 3803 680 3865 tuum
708 3813 855 3864 mensam
882 3788 968 3860 hanc
994 3790 1195 3884 spiritualem
1223 3801 1257 3863 et
1282 3802 1430 3863 sanctam
1457 3794 1663 3885 praeparasti
1688 3789 1798 3877 nobis,
1824 3795 1956 3888 suscipe

593 3934 613 3981 a
639 3909 737 3981 nobis
763 3905 965 3978 oblationem
992 3889 1267 4000 sacrificii'hujus
1293 3909 1526 3992 incruenti‚·et
1551 3907 1700 3979 concede
1726 3905 1823 3980 nobis
1837 3908 1956 3983 donum

592 4025 734 4118 Spiritus
762 4026 808 4093 lui
834 4024 959 4107 sancti,
984 4031 1018 4092 et
1044 4021 1228 4095 referemus
1255 4022 1313 4094 tihi
1336 4023 1496 4114 gloriam,
1524 4033 1587 4093 etc.

695 4140 874 4210 Diaconos
899 4137 974 4207 alto
998 4160 1083 4210 ooce
1104 4144 1316 4231 pronunciat
1341 4140 1497 4209 Mediam.

695 4254 869 4325 Sacerdos
895 4253 1032 4325 eleooas
1056 4278 1181 4325 coccae.
1216 4254 1450 4348 Tranquillitas
1477 4266 1532 4325 tua
1559 4264 1593 4324 et
1618 4275 1687 4348 pax
1715 4262 1781 4341 tua,
1801 4252 1958 4343 Domine,

593 4381 626 4442 et
653 4369 784 4442 dilectio
811 4380 867 4441 tua
893 4392 995 4456 vera,
1021 4374 1129 4461 gratia
1156 4382 1228 4459 tua,
1256 4375 1489 4444 miserationes
1517 4381 1610 4455 tuae,
1636 4368 1804 4441 naturales
1830 4370 1958 4443 divini-

592 4489 649 4556 tati
676 4497 834 4557 aeternae
861 4496 954 4570 tuae‚
981 4488 1046 4555 sint
1070 4486 1243 4558 nobiscum
1271 4497 1305 4558 el
1331 4493 1417 4558 inter
1443 4508 1518 4574 nos,
1546 4485 1698 4558 omnlbus
1724 4484 1842 4558 diebus
1868 4489 1961 4560 vilae

591 4612 752 4673 nostrae:
780 4610 814 4671 et
839 4599 1023 4672 referemus
1050 4602 1125 4690 tibi,
1152 4612 1215 4674 etc.

692 4716 855 4809 Populea.
910 4718 1028 4789 Amen.

695 4831 870 4904 Sacerdos
896 4833 1032 4903 clerone
1064 4857 1188 4904 ¹nocem.
1248 4835 1370 4906 Coram
1404 4846 1436 4905 le
1470 4834 1548 4905 Rex
1583 4855 1716 4924 regum:
1750 4843 1785 4904 et
1817 4832 1965 4906 Domine

594 4949 827 5020 dominantium
855 4948 1055 5038 adoramus,
1082 4972 1307 5046 rogamusque
1334 4962 1367 5022 et
1393 4951 1611 5045 deprecamur
1643 4959 1693 5020 te:
1729 4952 1863 5044 respice
1897 4973 1967 5026 nos

594 5064 852 5135 misericorditer
878 5075 912 5135 et
937 5078 1071 5158 praesta
1099 5064 1211 5151 uobis,
1245 5076 1280 5137 ut
1315 5090 1388 5137 cum
1419 5070 1560 5161 puritate
1586 5065 1697 5136 cordis
1724 5074 1758 5136 et
1784 5070 1967 5140 sanctitate

595 5181 735 5262 animae,
762 5177 960 5250 accedamus
987 5180 1030 5250 ad
1057 5179 1162 5251 altare
1188 5191 1275 5253 tuum
1303 5192 1450 5254 sunctum
1478 5192 1512 5252 et
1537 5180 1741 5262 referemus,
1767 5190 1831 5252 etc.

697 5293 858 5385 Populus.
911 5297 1029 5367 Amen.
