5150 6534
594 801 668 878 382
877 801 1004 880 NOTAE
1029 801 1069 880 tn
1094 801 1300 880 bl'lUllGIAll
1325 802 1461 880 Jnoout
1486 802 1675 882 naussum.

592 1005 649 1069 per
676 985 763 1049 lidem
791 988 1039 1066 communicetur,
1068 986 1123 1050 sed
1153 1004 1207 1049 ore
1236 996 1268 1050 et
1289 988 1393 1071 lingua
1415 989 1604 1069 suscipiatur.
1649 985 1693 1051 Ea
1715 990 1833 1060 ratione
1857 989 1962 1054 dicunt

592 1086 743 1150 Christum
765 1105 835 1150 esse
857 1106 951 1169 super
972 1087 1084 1160 altare;
1106 1086 1241 1148 manibus
1254 1087 1450 1150 sacerdotum
1473 1089 1581 1166 teneri,
1604 1104 1658 1149 ore
1672 1087 1845 1152 bdeliumet
1859 1089 1962 1172 lingua

592 1188 719 1268 suscipi:
743 1204 872 1268 corpora
895 1187 1084 1249 sanctificare
1108 1193 1139 1247 et
1161 1185 1198 1247 ad
1221 1187 1453 1249 resurrectionis
1476 1186 1583 1248 beatae
1606 1205 1708 1267 spem,
1732 1194 1873 1269 mnquam
1896 1187 1963 1250 ler-

592 1296 723 1348 mentum
751 1288 830 1348 vitac
858 1302 1061 1366 praeparare:
1094 1284 1242 1365 simulque
1264 1293 1434 1368 agnoscunt
1456 1285 1493 1348 ab
1517 1284 1639 1369 indigne
1663 1286 1962 1364 communicantibus,

592 1393 623 1448 ot
645 1385 857 1465 peccatoribus
879 1385 1006 1466 suscipi:
1030 1391 1081 1446 aut
1103 1383 1350 1474 quenadmodum
1372 1385 1523 1462 Severus,
1545 1383 1692 1448 Barsalibi
1714 1395 1744 1450 et
1767 1388 1818 1450 alii
1841 1405 1882 1449 ex
1903 1405 1963 1448 ve-
2022 1429 2026 1442 .

592 1486 749 1547 tustiorum
772 1484 993 1566 Theologorum
1014 1499 1088 1547 suae
1102 1483 1258 1546 Ecclesiae
1280 1485 1429 1547 sententia
1452 1484 1706 1563 existimaverunt,
1728 1494 1800 1552 tunc
1823 1507 1881 1571 per
1902 1487 1961 1551 mi-

592 1583 726 1646 raculum
748 1582 877 1646 auferri:
901 1583 982 1664 quod
1005 1582 1075 1645 alibi
1097 1581 1203 1660 lusius,
1227 1599 1392 1663 eorumque
1414 1581 1518 1645 vorbis
1542 1585 1746 1665 exposuimus.

899 1897 933 1964 7.
977 1894 1144 1964 Memento
1171 1894 1318 1964 Domine
1343 1894 1475 1988 Repum
1498 1893 1655 1986 fidelium.

683 2104 816 2181 Drxrnus
835 2115 898 2195 jam
919 2115 957 2177 de
979 2115 1030 2177 ille
1052 2113 1188 2192 formula,
1212 2132 1252 2176 cx
1274 2132 1333 2194 qua
1356 2113 1464 2177 deduci
1486 2132 1548 2178 non
1562 2122 1664 2196 potest
1677 2117 1875 2198 antiquiorem
1891 2137 1963 2182 esse

592 2220 670 2282 lianc
691 2218 855 2301 Liturgiam
876 2217 1100 2280 llluhamedanis
1123 2218 1325 2299 temporibus,
1350 2236 1415 2279 cum
1439 2218 1489 2280 illa
1511 2226 1609 2280 aetate
1631 2218 1763 2282 lacobus
1786 2219 1962 2284 Edessenus

592 2320 711 2396 vixerit,
735 2326 881 2399 utsupra
904 2318 1013 2379 dictum
1036 2325 1100 2395 est,
1123 2316 1242 2397 quando
1265 2334 1324 2377 non
1348 2318 1437 2380 modo
1460 2316 1627 2380 infidelibus
1650 2317 1793 2398 dominis,
1825 2320 1882 2382 sed
1904 2322 1962 2384 im-

592 2418 779 2495 manissimis,
803 2425 833 2478 ct
854 2416 985 2479 belluina
1009 2415 1187 2478 crudelitato
1208 2414 1390 2495 Praefectis,
1414 2416 1500 2497 Syria
1522 2418 1657 2499 subjecta
1680 2426 1754 2480 erat.
1784 2417 1892 2501 ltaque
1913 2420 1963 2483 illa

593 2518 687 2580 rerba
710 2536 750 2580 ex
771 2516 869 2579 veteri
891 2534 949 2578 usu
970 2524 1088 2579 retenta
1110 2523 1187 2578 sunt.

935 2829 971 2900 8.
1013 2828 1202 2898 Doctorum
1230 2826 1514 2913 Ortbcdonornm,
1542 2834 1606 2898 etc.
1652 2921 1656 2934 Ι

689 3037 782 3115 Hanc
805 3046 869 3109 sola
893 3048 1036 3127 periodus
1059 3065 1192 3127 omnem,
1221 3049 1247 3110 si
1281 3064 1359 3127 quac
1388 3055 1581 3130 superesset,
1612 3046 1650 3110 do
1679 3048 1785 3113 Jacobi
1812 3050 1964 3114 Edesseni

593 3160 676 3216 secta
700 3152 912 3215 dubitationem
935 3150 1072 3227 tolleret;
1100 3171 1167 3214 eam
1188 3152 1266 3215 enirn
1290 3152 1542 3233 amplectebatur,
1571 3169 1648 3230 quae
1671 3143 1834 3233 Severum,
1859 3154 1965 3218 Pbilo-

592 3271 719 3330 xcnum,
752 3259 783 3313 et
814 3252 932 3313 Petrum
962 3251 1135 3333 Gnapbeum
1166 3251 1299 3330 scilicet,
1334 3252 1476 3314 doctores
1507 3249 1701 3313 Orthodoxae
1732 3249 1801 3314 ndei
1833 3254 1965 3337 ejusque

593 3358 848 3434 propugnatores,
870 3352 1065 3432 agnoscebat.
1091 3352 1121 3415 Si
1136 3352 1406 3434 igiturlllaronitae
1426 3353 1456 3413 in
1471 3349 1648 3414 Calendario
1670 3370 1727 3414 suo
1750 3369 1862 3415 nomen
1885 3353 1965 3416 illius

592 3450 777 3530 babuerunt,
809 3451 939 3531 majores
969 3467 1056 3528 suos,
1087 3470 1163 3532 quos
1195 3459 1335 3531 tanquam
1356 3451 1511 3514 Ecclesiae
1534 3453 1647 3514 veteris
1671 3450 1816 3533 Syriacae
1840 3451 1965 3532 lumina,

593 3568 746 3630 veraeque
776 3550 931 3611 doctrinae
961 3548 1137 3612 defensores
1167 3549 1272 3612 baberi
1295 3550 1415 3629 volunt,
1446 3551 1600 3613 Jacobitas
1629 3547 1722 3611 luisse
1744 3549 1966 3616 demonstrant.

594 3649 654 3713 Sed
685 3647 894 3711 Calendarium
925 3649 996 3711 illud
1026 3648 1106 3728 quod
1135 3649 1283 3712 Naironus
1319 3650 1408 3724 citat,
1443 3666 1504 3712 non
1534 3650 1628 3733 magis
1657 3648 1874 3711 Maronitarum
1905 3659 1966 3730 est,

594 3767 681 3829 quam
703 3749 788 3829 ipsae
801 3746 964 3829 Liturgiae,
987 3767 1061 3828 quas
1083 3748 1286 3811 Jacobitarum
1308 3767 1378 3810 csse
1402 3766 1489 3811 nemo
1512 3751 1610 3828 possit
1632 3766 1698 3810 cum
1722 3747 1821 3827 aliqua
1845 3751 1968 3816 ratione

595 3846 743 3912 dubitare.
