5150 6534
900 852 1344 934 -tlrunslnn
1762 856 1807 930 1·1

436 1044 559 1112 minum
586 1051 620 1112 et
645 1040 872 1114 vivificantem
898 1044 1018 1113 omnia.
1053 1039 1118 1127 Qui
1143 1038 1297 1135 procedit
1323 1061 1368 1110 ex
1393 1039 1503 1110 Patre.
1532 1037 1685 1125 Quicum
1711 1041 1813 1114 Patre

437 1166 471 1228 et
502 1156 588 1229 Filio
622 1155 779 1227 adoratur
814 1166 848 1227 et
881 1155 1103 1248 glorificatur:
1141 1156 1197 1250 qui
1228 1153 1360 1228 locutus
1391 1165 1444 1227 est
1476 1177 1539 1250 per
1564 1152 1750 1249 Prophetas
1777 1166 1812 1229 et

435 1270 633 1368 Apostolos.
685 1270 730 1343 Et
755 1274 790 1342 in
814 1294 915 1343 unam
939 1271 1127 1343 Ecclesiam
1154 1280 1326 1360 sanctam,
1361 1268 1568 1342 catholicam
1595 1281 1629 1341 et
1652 1272 1813 1367 Aposto-

435 1385 542 1459 licam.
571 1386 775 1460 Goniitemur
800 1409 900 1457 unum
926 1387 1095 1484 Baptisma
1121 1389 1155 1455 in
1182 1388 1414 1458 remissionem
1429 1395 1653 1481 peccatorum,
1682 1394 1715 1458 et
1742 1409 1812 1459 ox-

436 1513 609 1597 pectamus
635 1504 914 1576 resurrectionem
942 1525 961 1573 a
988 1503 1145 1593 mortuis,
1178 1510 1211 1572 ct
1236 1504 1341 1573 vitam
1367 1523 1490 1573 novam
1516 1503 1649 1573 venturi
1675 1503 1811 1575 saeculi.

436 1618 557 1719 Amen.
878 1630 882 1638 '

541 1734 718 1805 Sacerdos
744 1732 839 1804 leont
866 1739 1037 1804 ectremos
1064 1735 1190 1826 diuites
1217 1738 1251 1803 et
1277 1733 1381 1803 dicit:

541 1849 629 1923 Lavi
655 1869 772 1921 manus
800 1858 893 1921 meas
920 1870 1020 1943 pure:
1048 1857 1082 1920 et
1107 1847 1310 1920 circumdedi
1337 1846 1443 1919 altare
1469 1858 1559 1919 tuum
1585 1849 1746 1920 Domine:
1773 1857 1809 1920 ut
1938 1923 1942 1933 x

439 1964 568 2036 audiam
602 1986 726 2037 vocem
757 1962 883 2054 laudis,
916 1974 950 2035 et
983 1986 1136 2035 enarrem
1169 1966 1327 2035 universa
1359 1961 1521 2035 mirabilia
1549 1973 1619 2036 tua:
1658 1961 1813 2036 laetabor

439 2090 473 2151 et
498 2080 658 2153 exultabo
685 2082 719 2150 in
745 2089 791 2168 te,
819 2091 853 2150 et
879 2078 1019 2175 psallam
1045 2082 1168 2152 nomini
1197 2089 1252 2151 tuo
1281 2078 1449 2151 altissime.

541 2196 589 2266 Et
621 2195 752 2266 deinde.
807 2194 984 2287 Ingressus
1020 2218 1092 2267 sum
1132 2199 1165 2266 ia
1201 2194 1332 2266 domum
1367 2205 1454 2266 tuam
1493 2204 1527 2265 et
1559 2216 1675 2265 coram
1713 2192 1814 2265 thro-

437 2334 482 2385 no
510 2322 566 2385 tuo
594 2321 710 2384 sancto
736 2311 877 2408 procidi,
904 2311 982 2382 Rex
1009 2310 1183 2399 coelestis:
1212 2310 1336 2382 dimitte
1362 2309 1440 2381 milti
1470 2313 1579 2382 omnia
1612 2332 1697 2404 qnae
1724 2332 1814 2404 pec-

439 2431 517 2500 cavi
544 2427 611 2499 tihi.

541 2541 733 2613 inclinatur
769 2565 887 2613 coram
921 2542 1045 2630 altori,
1072 2547 1119 2612 ·et
1151 2566 1231 2614 mox
1266 2542 1314 2611 od
1343 2541 1555 2613 Sacerdotes
1589 2549 1623 2612 et
1654 2542 1816 2635 populum

411 2664 623 2730 ‘concessus
648 2661 782 2729 veniam
802 2661 893 2752 petit
919 2664 954 2729 et
980 2680 1017 2728 se
1039 2656 1203 2750 precibus
1231 2657 1452 2745 commendat,
1482 2659 1618 2729 dicens:

545 2775 648 2847 Orate
674 2798 736 2871 pro
764 2797 818 2846 me
844 2784 983 2869 propter
1009 2774 1196 2846 Dominum.

752 3085 800 3154 Et
826 3084 948 3174 incipit
973 3081 1198 3173 Auopdoram
1223 3084 1295 3150 sr'oe
1323 3079 1502 3152 Cononem.
