5150 6534
601 836 677 911 154
861 901 864 909 .
1003 801 1129 917 noris
1155 841 1195 916 m
1220 841 1329 917 eamr
1354 840 1570 918 urononn

920 1114 953 1184 1.
996 1115 1163 1205 Mpaterio
1187 1114 1275 1185 lroec
1300 1115 1431 1184 ciclica
1456 1113 1554 1185 cobis
1578 1117 1655 1185 siret.

694 1320 834 1412 Quaevis
856 1332 932 1394 baec
955 1333 1049 1396 verba
1072 1335 1135 1414 ipsa
1159 1334 1296 1396 Christus
1319 1350 1379 1396 non
1403 1333 1530 1412 dixerit,
1561 1351 1619 1395 nec
1642 1333 1693 1395 illa
1715 1332 1829 1395 dixisse
1852 1332 1971 1396 Orien-

598 1435 674 1496 tales
707 1435 904 1515 pertendant,
934 1435 1108 1517 frequenter
1138 1446 1237 1500 tamen
1268 1437 1478 1513 Sacerdotem,
1508 1438 1594 1518 quasi
1623 1456 1663 1525 err
1690 1453 1822 1516 persona
1845 1435 1972 1515 Christi,

599 1551 687 1614 quam
710 1535 739 1594 in
763 1534 968 1597 consecranda
990 1534 1176 1598 Eucharistia
1199 1538 1343 1616 sustinet,
1373 1537 1547 1617 loquentem
1576 1535 1735 1614 inducunt,
1763 1554 1799 1597 ea
1829 1554 1908 1617 quae
1931 1535 1971 1597 ad

600 1631 836 1695 Christianorum
860 1635 1079 1696 institutionem
1108 1636 1282 1697 necessaria
1306 1644 1391 1714 sunt,
1421 1644 1452 1697 et
1474 1634 1510 1696 ad
1533 1635 1669 1717 mysterii
1689 1634 1784 1715 ipsius
1808 1632 1891 1716 quod
1913 1653 1971 1697 ce·

598 1730 734 1792 lebratur
754 1731 843 1794 fidem
865 1733 1080 1795 inculcandam.
1113 1733 1258 1815 Exempla
1280 1735 1364 1796 varia
1388 1741 1549 1797 occurrent
1560 1735 1589 1795 in
1604 1735 1799 1813 sequentibus
1809 1732 1971 1816 Liturgiis:

598 1831 629 1891 in
651 1831 722 1909 ista,
752 1850 793 1893 ex
814 1850 946 1911 persona
969 1831 1080 1895 Christi
1102 1832 1225 1912 dicitur,
1255 1833 1398 1914 Mysteria
1427 1851 1482 1895 seu
1504 1833 1710 1910 Sacramenta,
1740 1834 1849 1895 viatica
1880 1833 1970 1897 nobis

598 1948 679 2008 esse,
703 1945 780 2009 quae
803 1950 865 1993 vox
888 1931 965 2012 apud
982 1934 1087 2012 Syros,
1110 1941 1143 1993 ut
1164 1933 1243 2012 apud
1256 1933 1389 1994 Graecos
1413 1940 1444 1994 et
1466 1930 1588 1993 Latinos
1611 1951 1651 1994 ex
1673 1950 1730 1993 usu
1750 1931 1969 1995 Ecclesiastico

598 2031 1034 2111 communionempraesertim,
1056 2050 1133 2111 quae
1152 2031 1337 2093 moribundis
1360 2032 1448 2093 datur
1470 2031 1635 2113 significat:
1658 2047 1718 2111 quo
1741 2047 1835 2092 sensu
1856 2030 1970 2114 legitur

596 2128 627 2189 in
650 2129 853 2208 antiquissima
877 2130 999 2211 Syriaca
1021 2132 1162 2193 versione
1186 2130 1339 2193 Canonum
1360 2130 1569 2193 Nicaenorum.
1591 2130 1746 2211 blysteriu,
1769 2131 1835 2191 sive
1855 2129 1970 2194 Sacra-

596 2234 695 2289 menta
718 2208 888 2308 exprimunt
911 2228 979 2311 Syri
1000 2248 1058 2310 per
1079 2248 1186 2292 vocem
1210 2241 1303 2308 talin,
1327 2248 1404 2312 quac
1426 2234 1553 2310 utraque
1578 2228 1735 2313 significat.
1771 2227 1885 2291 Dicunt
1907 2229 1968 2313 igi-

597 2334 646 2388 tur
668 2326 763 2406 quod,
786 2325 857 2388 licet
878 2344 934 2407 per
956 2327 1073 2390 modum
1096 2328 1226 2390 alimenti
1248 2337 1418 2404 sumantur,
1447 2327 1630 2391 credendum
1651 2337 1749 2390 tamen
1772 2328 1897 2390 tirmiter
1918 2329 1966 2406 sit,

597 2425 702 2487 eadem
725 2444 794 2489 esse
818 2444 928 2508 corpus
950 2436 981 2489 et
1003 2430 1180 2510 sanguinem
1204 2427 1315 2490 Christi
1337 2427 1466 2491 Domini.
1497 2428 1700 2508 Adiunctione
1722 2436 1823 2489 antem
1844 2426 1966 2491 illorum

596 2525 758 2587 verborum
786 2527 938 2607 corrumpi
967 2526 1091 2589 tonnam
1122 2527 1368 2589 sacramentalem
1396 2546 1456 2588 non
1484 2526 1572 2589 laeile
1602 2527 1724 2608 probari
1752 2535 1870 2607 potest,
1899 2544 1966 2589 cum

598 2624 662 2704 ipsa
685 2624 779 2687 verba
801 2626 1026 2689 sacramentalia
1048 2634 1222 2707 sequantur,
1247 2628 1509 2708 integritatemque
1532 2645 1616 2689 suam
1638 2628 1798 2689 retineant.

990 2903 1024 2974 2.
1065 2904 1242 2975 lncocotio
1270 2902 1422 2996 Spiritus
1447 2907 1567 2974 soracti.

691 3095 781 3172 Tora
804 3106 948 3169 orationis
972 3109 1069 3170 series
1092 3116 1123 3170 et
1145 3109 1210 3187 ipsa
1232 3107 1340 3184 verba,
1363 3125 1423 3171 uno
1446 3116 1587 3188 excepto,
1611 3100 1716 3171 cladem
1738 3113 1808 3169 sunt
1830 3123 1868 3168 ac
1889 3106 1963 3168 reli-

594 3229 719 3291 quarum
741 3210 828 3290 hujus
851 3212 998 3273 orationis
1022 3209 1225 3288 formularum,
1248 3228 1327 3293 quae
1350 3218 1514 3272 occurrunt
1535 3211 1566 3272 in
1589 3211 1725 3273 omnibus
1748 3211 1962 3292 cujuscumque
2033 3279 2035 3284 ,

593 3309 714 3390 linguae
743 3309 905 3391 Liturgieis
935 3310 1099 3373 codicibus.
1143 3311 1259 3391 Nempe
1290 3329 1356 3372 eum
1383 3311 1416 3372 in
1438 3317 1524 3389 parte
1546 3309 1747 3374 invocationis
1770 3327 1849 3389 quac
1870 3327 1964 3391 super

593 3427 703 3489 corpus
727 3408 837 3472 Christi
858 3411 1083 3491 pronunciatur,
1107 3408 1226 3492 legatur
1245 3410 1345 3488 saciat
1367 3422 1447 3485 Ὧν]
1468 3395 1602 3494 ποιήσῃ,
1624 3410 1662 3472 ad
1684 3410 1809 3472 calicem
1831 3416 1963 3491 usurpa-

593 3516 642 3569 tur
663 3519 760 3575 Dato).
803 3509 847 3570 Ea
869 3527 930 3570 vox
954 3527 971 3568 a
994 3509 1117 3571 Graecis
1142 3516 1265 3589 accepta
1288 3510 1411 3589 proprie
1433 3508 1582 3591 significat
1608 3509 1768 3582 ordinare,
1796 3510 1962 3585 instituere,

592 3616 673 3668 recte
695 3609 885 3683 constituere,
904 3609 1059 3686 perficere.
1096 3609 1126 3670 Si
1152 3608 1223 3688 quid
1245 3627 1302 3689 per
1324 3626 1389 3670 eam
1411 3608 1582 3688 significare
1606 3608 1676 3689 Syri
1698 3606 1849 3669 voluerint
1872 3605 1963 3668 dubi·

593 3713 687 3782 tetur,
718 3706 831 3788 absque
861 3704 921 3766 ulla
951 3724 992 3766 ex
1020 3706 1141 3789 linguae
1164 3707 1320 3790 utriusque
1344 3708 1592 3790 originationibus
1617 3705 1751 3785 Critica,
1782 3707 1962 3787 responderi

593 3807 690 3867 statim
712 3812 829 3883 potest,
858 3804 937 3865 illam
968 3805 1101 3887 ejusdem
1130 3808 1287 3885 potestatis
1316 3816 1346 3868 et
1369 3806 1593 3890 significationis
1617 3824 1704 3882 esse,
1727 3823 1763 3867 ac
1786 3806 1860 3867 alias
1883 3824 1961 3887 quac

592 3906 623 3965 in
646 3905 769 3983 reliquis
793 3904 934 3984 Liturgiis
964 3904 1072 3967 eodem
1102 3905 1185 3983 loco,
1215 3905 1294 3968 illius
1317 3909 1384 3969 vice
1407 3907 1633 3970 substituuntur.
1679 3906 1752 3968 lllac
1773 3922 1869 3985 porro
1892 3915 1962 3969 sunt

592 4011 674 4077 ilbi
694 4004 808 4082 faciet,
837 4004 951 4085 efficiat
977 3997 1098 4090 ποιήσῃ
1120 4018 1197 4072 tatii)
1220 3994 1380 4090 ἀναδείξῃ.
1425 4017 1502 4072 'inti
1524 3995 1696 4090 τελειώσῃ,
1721 4023 1846 4086 quarum
1867 4023 1962 4087 prae-

593 4105 698 4183 cipuus
722 4111 752 4165 et
776 4103 963 4184 trequentior
984 4123 1057 4166 usus
1080 4113 1136 4168 est.
1168 4106 1222 4168 llic
1238 4126 1312 4168 vero
1328 4107 1396 4186 Syri
1419 4105 1505 4167 aliam
1528 4104 1669 4168 adhibent
1691 4104 1815 4168 Graecis
1839 4122 1962 4187 quoque

593 4209 768 4281 usurpatam
798 4221 875 4284 quae
898 4212 946 4264 est
967 4191 1245 4288 μεταῤῥυθμὴσῃ,
1270 4215 1301 4267 et
1329 4205 1408 4266 illam
1436 4206 1486 4266 vix
1510 4205 1596 4266 aliter
1618 4206 1790 4284 exprimere
1812 4212 1961 4284 poterant.

593 4300 707 4362 Talium
737 4311 835 4364 autem
865 4321 988 4380 vocum,
1023 4311 1053 4364 et
1082 4306 1211 4365 omniurn
1242 4323 1319 4385 quae
1349 4314 1419 4367 sunt
1448 4322 1520 4366 usus
1542 4302 1747 4365 Ecclesiastici
1770 4303 1961 4387 significatio,

592 4401 656 4480 peti
679 4401 786 4475 debet,
816 4409 847 4463 ut
876 4402 905 4461 in
930 4402 995 4464 aliis
1017 4402 1093 4464 locis
1117 4403 1309 4466 observatum
1333 4412 1380 4465 est
1403 4423 1442 4465 ex
1465 4404 1580 4465 Graeca
1604 4404 1703 4483 potius
1727 4420 1813 4483 quam
1837 4423 1876 4465 en·
1900 4404 1963 4486 Sy-

591 4499 674 4561 riaca
696 4500 823 4581 origine.
863 4502 894 4562 Si
917 4500 991 4562 liaeo
1012 4520 1073 4563 non
1096 4502 1253 4580 subiciunt,
1278 4512 1307 4564 at
1330 4502 1402 4564 illud
1424 4503 1530 4564 saltem
1552 4503 1657 4584 negari
1680 4521 1742 4564 non
1763 4509 1874 4581 potest,
1899 4506 1964 4584 peti

592 4597 729 4660 eumdem
753 4599 891 4661 ellectum
914 4618 1007 4680 super
1028 4619 1150 4682 panem,
1180 4621 1215 4663 ac
1245 4620 1337 4681 super
1365 4601 1503 4679 calicem,
1534 4616 1721 4681 quacumque
1749 4619 1829 4662 voce
1857 4605 1965 4685 expli·

591 4705 692 4759 cetur:
717 4698 755 4760 de
778 4697 872 4761 altero
896 4699 1002 4761 dicitur
1024 4709 1056 4763 ut
1075 4701 1177 4781 [adol
1197 4701 1235 4763 dc
1258 4701 1353 4764 calice
1378 4720 1497 4782 quoque
1521 4700 1746 4780 intelligendum
1765 4701 1964 4781 cstejusdem

591 4816 661 4858 esse
685 4796 911 4879 significationis
934 4799 1072 4860 verbum:
1102 4799 1182 4879 quod
1205 4801 1386 4880 reliquarum
1409 4801 1538 4862 omnium
1561 4798 1761 4881 liturgiarum
1784 4800 1965 4864 testimoniis

591 4897 794 4957 confirmatur.
