5150 6534
982 1446 1639 1631 bllUllGlll
1923 1653 1925 1658 Ι

650 1773 653 1780 ’
714 1779 756 1896 e.
807 1777 1158 1899 connum
1211 1765 1854 1965 uulucnmsulu.

1024 2084 1146 2157 Oratio
1172 2093 1252 2158 onte
1279 2086 1427 2158 oratam
1449 2089 1558 2179 pocla.
1587 2055 1590 2060 ι

708 2308 891 2379 Sacerdos.
929 2281 1088 2385 Domum
1113 2310 1207 2382 Deus
1232 2308 1329 2381 fortis
1356 2311 1413 2401 qui
1437 2329 1475 2380 es
1491 2310 1613 2378 caritas
1629 2328 1723 2393 vera,
1751 2308 1968 2401 tranquillitas

602 2426 900 2522 imperturbabilis,
927 2438 961 2500 et
986 2450 1065 2523 spes
1092 2451 1179 2523 qaae
1203 2450 1271 2500 nun
1297 2426 1486 2516 conluudit;
1512 2436 1547 2498 tu
1573 2426 1717 2498 Domine
1734 2428 1827 2502 Deus
1854 2439 1982 2523 patere

602 2542 751 2613 concede
776 2546 884 2614 servis
911 2547 974 2614 tuis
1001 2548 1089 2631 istis,
1124 2549 1178 2640 qui
1205 2567 1320 2616 coram
1353 2547 1526 2635 majestate
1559 2553 1613 2614 tua
1647 2550 1754 2632 stant,
1785 2546 1995 2630 caritatem,

603 2655 858 2750 benignitatem,
892 2658 1155 2755 tranquillitatem
1188 2671 1222 2731 ct
1256 2682 1374 2755 pacem
1401 2666 1612 2754 perpetuam,
1650 2668 1683 2731 et
1709 2668 1844 2753 praesta
1871 2657 1970 2730 nobis

605 2772 776 2862 omnibus,
802 2785 838 2845 ut
863 2796 936 2846 cum
963 2778 1103 2870 puritate
1129 2776 1241 2849 cordis
1268 2784 1303 2847 et
1328 2778 1503 2847 sanctitate
1537 2777 1678 2861 animae,
1704 2773 1819 2846 demus
1850 2796 1970 2867 pacem

605 2886 704 2962 nobis
737 2892 881 2962 invicem
915 2894 950 2961 in
983 2891 1101 2963 osculo
1134 2904 1268 2978 sancto,
1302 2900 1336 2962 ct
1362 2888 1543 2986 spirituali,
1575 2889 1663 2984 quod
1689 2888 1819 2984 placeat
1844 2894 1970 2964 nomini

602 3012 662 3078 tuo
688 3017 820 3079 sancto:
848 3016 882 3077 et
907 3005 1091 3078 referemus
1118 3007 1176 3080 tibi
1202 3005 1361 3098 gloriam,
1388 3016 1452 3079 etc.
1522 3042 1526 3049 ·

706 3121 866 3214 Populus.
892 3124 1011 3194 Amen.
1115 3122 1294 3193 Diocoaue
1318 3122 1403 3191 dicit
1427 3121 1602 3208 Medione„

706 3236 881 3308 Soccrdor
907 3237 1045 3308 elcoooe
1071 3259 1196 3309 ccccm.
1231 3236 1275 3309 Et
1293 3258 1379 3308 nunc
1397 3258 1510 3309 coram
1529 3238 1701 3327 majestate
1720 3246 1787 3324 tua,
1814 3237 1968 3326 Domine,

602 3350 797 3424 inclinamus
823 3353 909 3425 colla
937 3356 1116 3424 animarum
1143 3363 1350 3443 nostrarum,
1378 3363 1614 3448 etcorporum
1648 3362 1855 3423 nostrorum:
1885 3351 1967 3444 jube

602 3476 638 3539 et
662 3470 754 3540 mitte
781 3468 896 3554 nobis,
932 3469 974 3540 dc
1001 3468 1146 3541 excelsis
1180 3468 1339 3561 gloriosis
1374 3470 1552 3541 sanctuarii
1588 3470 1651 3556 tui,
1686 3472 1827 3560 gratiam
1859 3489 1966 3562 prae-

603 3583 744 3671 claram,
782 3583 1112 3678 benedictionemque
1155 3582 1460 3680 imperturbabilem
1495 3595 1528 3655 ct
1563 3583 1827 3668 inamissibilem,
1866 3593 1901 3654 ut
1934 3594 1968 3654 te

602 3697 827 3792 glorificemus
854 3710 888 3770 ct
914 3700 1115 3787 exaltemus,
1151 3703 1419 3794 unigenitumque
1454 3697 1572 3770 Fibum
1605 3708 1709 3784 tuum,
1748 3707 1782 3769 et
1812 3698 1967 3793 Spiritum

543 3833 550 3846 ·
602 3822 691 3887 arum
719 3819 960 3887 sanctissimum
987 3824 1021 3885 et
1046 3815 1178 3887 bonum.

709 3931 868 4024 Populos.
896 3933 1012 4002 Amen.

707 4046 889 4118 Sacerdos.
927 4046 990 4131 Qui
1016 4045 1134 4117 Filium
1170 4056 1276 4134 tutum,
1310 4050 1343 4117 iu
1369 4044 1434 4116 line
1460 4055 1644 4138 temporum
1679 4046 1795 4116 misisti
1829 4044 1870 4115 ad
1904 4069 1966 4118 sa-

601 4160 701 4234 lutem
728 4173 890 4234 nostram:
918 4167 990 4256 ipse
1018 4172 1126 4233 autem
1154 4166 1313 4257 mysteria
1349 4161 1434 4234 baec
1465 4168 1581 4233 sancta
1609 4169 1649 4229 et
1678 4160 1812 4230 vivifica
1839 4160 1968 4233 tradidit

601 4276 709 4352 nobis.
762 4278 830 4364 Ne,
856 4280 1018 4365 Domine,
1044 4277 1150 4348 iacias
1177 4300 1238 4349 nos
1266 4278 1395 4349 alienus
1416 4275 1457 4347 ab
1473 4276 1537 4346 boc
1553 4276 1752 4365 ministerio,
1778 4297 1842 4346 nec
1858 4298 1966 4346 aver·
2083 4289 2093 4312 ·

601 4403 653 4465 tas
681 4393 797 4465 faciem
826 4404 913 4464 luam
941 4418 961 4463 a
987 4394 1095 4481 nobis,
1123 4405 1260 4489 propter
1285 4392 1518 4466 multitudinem
1536 4402 1747 4488 pcccatorum
1767 4401 1966 4463 nostrorum.

601 4508 655 4581 'l'u
681 4513 766 4580 enirn
795 4510 904 4594 solus,
932 4520 1065 4582 sanctus
1094 4532 1144 4596 es,
1172 4533 1246 4581 cum
1273 4512 1442 4600 unigenito
1470 4508 1555 4579 Filio
1582 4518 1654 4595 luo,
1692 4521 1725 4581 et
1756 4510 1878 4603 Spiritu
1911 4520 1966 4578 tuo

573 4646 576 4650 ’
601 4628 810 4696 sanctissimo
839 4635 872 4693 et
899 4623 998 4696 bonu.

706 4739 864 4832 Populos.
892 4742 1010 4812 Amen.

706 4854 891 4929 Diaconos.
918 4857 1005 4927 Date
1032 4857 1163 4927 Pacem.

705 4970 864 5063 Populos.
891 4970 1142 5043 Misericordiae
1171 4971 1245 5042 Dei.

704 5087 887 5158 Sacerdos.
916 5088 1047 5161 Caritas
1074 5089 1200 5171 Patris,
1229 5094 1291 5155 etc.

705 5203 863 5295 Papulae.
890 5205 1009 5275 Amen.

704 5317 887 5390 Sacerdos.
915 5319 1053 5390 Sursum
1081 5317 1191 5389 corda.
1318 5371 1322 5378 .

651 5456 738 5499 'somus
752 5459 774 5499 ll.
