5150 6534
815 847 819 859 ’
960 853 1214 931 Pultoxuttt
1244 853 1612 933 HIEROPOLITANI.
1887 854 1961 936 313

709 1039 891 1116 Sacerdos.
943 1041 1076 1112 Exaudi
1102 1065 1166 1113 me.

710 1157 869 1250 Popalas.
922 1157 1027 1253 llyrie
1054 1157 1192 1230 eleison.

709 1273 882 1345 Sacerdos
915 1274 1051 1344 elevans
1080 1296 1206 1344 oacem.
1259 1272 1305 1344 Ut
1336 1273 1493 1361 illabens,
1527 1275 1645 1359 efficiat
1679 1298 1799 1370 panem
1835 1277 1965 1371 quidem

603 1390 700 1458 istum
727 1390 755 1475 †
782 1410 904 1483 corpus
937 1391 1051 1459 vivum
1084 1399 1117 1459 et
1147 1388 1338 1475 vivificans,
1372 1392 1401 1476 †
1435 1379 1557 1483 corpus
1591 1390 1754 1478 salutare,
1788 1394 1965 1489 †corpus

604 1502 737 1575 Domini
763 1503 827 1574 Dei
854 1513 888 1574 et
914 1503 1099 1576 Salvatoris
1126 1508 1230 1575 nostri
1256 1505 1338 1575 lesu
1365 1503 1502 1592 Christi,
1528 1508 1562 1574 in
1588 1509 1819 1579 remissionem
1836 1530 1965 1602 pecca-

606 1614 728 1705 torum,
756 1629 791 1689 et
815 1622 918 1690 vitam
946 1629 1132 1708 aeternam,
1161 1620 1424 1714 suscipientibus.

708 1735 867 1827 Populos.
919 1735 1038 1806 Amen.

706 1850 889 1921 Sacerdos.
943 1849 987 1921 Et
1012 1854 1142 1922 mistum
1169 1850 1256 1944 quod
1284 1860 1336 1921 est
1360 1853 1395 1920 in
1421 1850 1483 1921 boc
1511 1850 1631 1940 calice,
1659 1850 1792 1937 efficiat,
1825 1854 1966 1938 †sau-

605 1968 737 2058 guinem
764 1966 968 2038 Testamenti
994 1966 1096 2055 Novi,
1123 1969 1151 2053 †
1177 1969 1373 2058 sanguinem
1400 1966 1589 2056 salutarem.
1616 1969 1858 2059 †sanguinem
1885 1968 1966 2042 Do-

603 2086 681 2153 mini
706 2083 769 2153 Dei
796 2092 829 2152 et
855 2081 1041 2154 Salvatoris
1067 2085 1172 2154 nostri
1198 2083 1280 2153 lesu
1294 2081 1425 2169 Christi,
1453 2087 1486 2153 in
1505 2086 1735 2154 remissionem
1751 2094 1965 2178 peccatorum

604 2207 638 2267 et
662 2200 765 2269 vitam
791 2208 981 2286 aeternam,
1008 2198 1268 2292 suscipientibus.

706 2312 865 2405 Popalus.
917 2316 1035 2387 Amen.

705 2428 887 2499 Sacerdos.
941 2428 985 2499 Ut
1010 2450 1071 2522 per
1096 2430 1303 2498 sanctitatem
1319 2450 1424 2514 suam,
1452 2428 1654 2500 sanctificent
1672 2452 1815 2523 corpora
1834 2454 1964 2526 pecca-

602 2553 726 2631 torum,
753 2553 787 2614 et
813 2544 968 2614 mundent
999 2547 1123 2613 animas
1159 2565 1273 2613 eorum
1307 2547 1362 2637 qui
1397 2543 1551 2616 maculati
1585 2556 1674 2633 sunt,
1705 2545 1847 2640 fiantque
1881 2570 1964 2639 erga

603 2680 664 2731 eos
690 2680 805 2729 omues
833 2663 885 2754 qui
912 2658 976 2729 illis
1003 2662 1271 2731 communicaturi
1298 2670 1393 2745 sunt,
1420 2659 1461 2730 ad
1489 2664 1754 2755 propitiationem
1773 2660 1963 2734 delictorum
2068 2682 2071 2687 ·

603 2784 637 2845 et
670 2777 857 2862 criminum,
889 2773 1166 2868 abolitionemque
1204 2786 1437 2868 peccatorum,
1473 2786 1506 2846 et
1539 2779 1772 2870 nequitiarum:
1813 2777 1855 2848 ad
1886 2778 1962 2850 ier-

596 2898 745 2960 ·meutum
771 2889 1037 2961 benedictionum
1064 2900 1098 2960 et
1123 2892 1321 2962 sanctitatis:
1349 2889 1390 2960 ad
1406 2889 1632 2962 liberationem
1647 2892 1688 2963 ab
1708 2894 1859 2966 omnibus
1879 2894 1963 2966 dolis

601 3004 753 3096 maligni,
780 3014 814 3075 et
839 3007 940 3076 vitam
968 3016 1144 3076 aeternam.

705 3120 864 3213 Populos.
916 3122 1034 3193 Amen.

706 3235 880 3307 Sacerdos
919 3238 1108 3308 inclinatas.
1160 3237 1247 3308 Audi
1281 3237 1425 3309 Domine
1462 3241 1649 3326 orationes,
1684 3249 1717 3309 et
1752 3244 1963 3334 precationes

601 3364 749 3424 nostras:
775 3375 884 3446 neque
911 3363 1045 3424 avertas
1071 3352 1190 3423 iaciem
1218 3356 1462 3425 miserationum
1491 3363 1616 3423 tuarum
1644 3377 1661 3423 a
1695 3354 1791 3425 nobis
1827 3365 1963 3450 propter

601 3478 740 3561 peccata
766 3479 881 3539 nostra
908 3470 1015 3540 multa.
1069 3469 1209 3563 Suscipe
1236 3492 1368 3564 quoque
1396 3493 1415 3538 a
1441 3469 1538 3539 nobis
1565 3469 1759 3542 sacrificium
1778 3471 1852 3559 boc,
1880 3475 1963 3542 siout

603 3581 802 3654 oblationem
837 3587 1019 3675 justorum,
1063 3587 1116 3678 qui
1150 3607 1243 3678 spem
1276 3583 1460 3655 babuerunt
1492 3588 1525 3654 in
1558 3589 1731 3676 maJestate
1764 3597 1827 3658 tua.
1880 3588 1961 3659 Ne-

602 3708 713 3769 mento
738 3698 914 3771 Ecclesiae
942 3711 1015 3771 tuae
1043 3709 1196 3785 sanctae,
1225 3711 1257 3770 et
1284 3704 1428 3772 omnium
1455 3702 1644 3772 Pastomm:
1671 3695 1849 3796 praecipue
1875 3725 1960 3774 vero

602 3823 789 3885 sanctorum
817 3824 849 3885 et
875 3816 1046 3887 beatorum
1073 3815 1338 3887 Patriarcharum
1365 3825 1552 3887 nostrorum
1579 3818 1651 3887 DD.
1679 3818 1718 3887 N.
1746 3829 1779 3891 et
1806 3820 1845 3890 N.
1872 3820 1961 3915 Epi-

602 3932 697 4024 scopi
724 3951 854 4024 quoque
881 3935 985 4002 nostri
1010 3934 1050 4003 D.
1073 3932 1113 4002 N.
1133 3955 1205 4002 oum
1225 3931 1359 4026 reliquis
1377 3929 1527 4002 omnibus
1546 3931 1723 4026 Episcopis
1743 3934 1961 4009 Ortbodoxis:

602 4045 750 4118 concede
777 4067 907 4139 quoque
934 4046 996 4118 illis
1023 4050 1177 4118 virtutem
1204 4055 1236 4117 et
1261 4057 1477 4141 potestatem,
1513 4056 1546 4117 ut
1572 4068 1654 4141 pure
1691 4059 1724 4118 et
1751 4061 1865 4121 sancte
1892 4076 1959 4146 pa-

601 4168 696 4232 scant
729 4158 825 4230 illam.
879 4162 1045 4234 Memento
1071 4164 1213 4234 Domine
1238 4162 1456 4234 Sacerdotum
1489 4165 1601 4256 quiin
1634 4185 1674 4233 ea
1702 4168 1901 4253 ministrant,
1930 4176 1963 4238 et

601 4279 744 4347 omnium
780 4275 955 4365 Ominum,
996 4282 1050 4372 qui
1091 4278 1207 4350 bouori
1243 4290 1298 4349 tuo
1334 4281 1479 4372 separati
1514 4287 1596 4349 sunt.
1657 4278 1825 4353 Memento
1862 4287 1961 4354 ctiam

600 4389 764 4482 Domine,
789 4395 852 4461 mei
878 4393 994 4464 infirmi
1021 4398 1111 4465 servi
1139 4398 1200 4465 tui:
1227 4416 1293 4464 non
1321 4394 1458 4484 abjicias
1486 4416 1557 4479 me.
1585 4404 1721 4488 propter
1747 4418 1788 4467 ea
1815 4420 1900 4492 quae
1928 4401 1960 4468 in

599 4529 654 4577 me
681 4506 757 4578 odio
785 4506 884 4598 digua
910 4520 999 4580 suut:
1026 4531 1135 4604 neque
1160 4531 1326 4580 memores
1354 4510 1430 4580 mibi
1461 4519 1600 4604 peccata
1629 4531 1713 4602 quae
1746 4521 1778 4580 te
1810 4511 1849 4580 ad
1886 4514 1960 4582 ira-

599 4621 752 4692 cundiam
777 4635 971 4716 provocant.
1023 4624 1148 4696 Verum
1177 4624 1431 4695 delectanter
1464 4632 1601 4718 peccata
1637 4647 1732 4713 mea,
1768 4636 1801 4695 et
1834 4627 1959 4721 culpas,

598 4740 763 4831 totiusque
789 4743 904 4830 gregis
931 4744 977 4811 tui
1003 4741 1140 4811 redemti
1167 4762 1228 4835 per
1254 4763 1385 4812 crucem
1412 4752 1510 4813 tuam.

703 4854 863 4945 Populus.
916 4856 1021 4950 Kprie
1047 4855 1184 4928 eleison.

703 4967 877 5040 Sacerdos
904 4971 1039 5041 eleoaos
1063 4994 1187 5041 socero.
1239 4970 1383 5043 Etcum
1410 4981 1442 5043 te
1469 4972 1511 5044 ad
1537 4971 1693 5042 auxilium
1721 4982 1863 5065 etopem
1891 4975 1959 5041 im·
2027 5034 2029 5039 .

601 5080 787 5154 becillitatis
827 5095 963 5157 nostrae
997 5089 1208 5171 invocamuS,
1243 5088 1386 5158 Domine
1419 5110 1461 5159 ne
1494 5087 1660 5181 despicias
1688 5085 1960 5181 supplicationem

603 5199 806 5272 adorantium
835 5209 885 5272 te:
913 5214 1010 5296 atque
1038 5202 1158 5272 exaudi
1184 5223 1304 5296 preces
1331 5207 1445 5295 gregis
1460 5205 1505 5273 tui
1519 5202 1707 5295 spiritualis,
1734 5202 1854 5273 Pastor
1871 5199 1960 5272 bone

603 5325 638 5386 et
665 5338 765 5388 vere:
793 5315 888 5388 salva
916 5340 1021 5410 agnos
1049 5328 1122 5391 tuos
1150 5327 1185 5388 et
1208 5316 1314 5389 libera
1340 5321 1588 5415 possessionem
1616 5326 1703 5388 tuam
1731 5340 1866 5388 amana
1891 5316 1959 5386 bo-
