5150 6534
780 797 792 819 '
919 838 1124 918 monamrs
1149 839 1415 919 ιιιιιιιιιιιιι
1440 795 1680 920 ιιιιιοιιιιιιι
1905 847 1983 923 443

609 1025 677 1099 tibi
711 1025 883 1119 gloriam,
907 1036 941 1099 et
973 1027 1123 1116 laudem,
1145 1031 1389 1124 unigenitoque
1422 1029 1509 1103 Filio
1544 1039 1623 1122 tuo,
1661 1041 1697 1104 et
1728 1029 1864 1127 Spiritui
1899 1057 1984 1106 san-

608 1149 671 1244 fcio
696 1151 765 1214 nro.

720 1257 880 1358 Populup.
933 1260 1052 1332 Amen.

719 1372 895 1445 Sacerdos
925 1374 1116 1444 inchoata
1170 1370 1479 1448 Commemoramus
1506 1398 1621 1448 coram
1647 1385 1699 1463 te,
1725 1375 1882 1470 Domine,
1908 1382 1983 1453 Pa-

611 1496 725 1563 stcrcs
751 1499 785 1561 et
810 1490 978 1563 Doctores
1005 1489 1152 1578 electoS,
1184 1500 1298 1584 patres
1332 1488 1520 1584 spirituales
1551 1500 1705 1579 nostros,
1737 1495 1793 1586 qui
1824 1516 1845 1565 a
1880 1496 1984 1567 Petro

613 1597 848 1701 discipulorum
874 1607 1041 1701 principe,
1067 1628 1175 1701 usque
1201 1605 1244 1678 ad
1269 1604 1464 1677 hodiernum
1491 1604 1594 1694 diem,
1627 1606 1839 1702 spiritualiter
1871 1632 1984 1706 pave·

611 1729 698 1794 rant>
714 1742 855 1815 gregem
880 1731 970 1793 tuum
997 1719 1209 1816 spiritualem.

717 1837 868 1909 Mona
891 1859 1017 1909 nocem.
1074 1836 1138 1922 Oui
1155 1836 1330 1908 luminaria
1348 1834 1499 1925 luerunt,
1526 1835 1635 1910 lucem
1647 1836 1841 1933 praebentia
1856 1837 1984 1913 Eccle-

612 1955 688 2051 siae
711 1963 788 2025 tuac
812 1962 966 2026 mactae:
993 1975 1055 2026 eos
1081 1973 1198 2024 omnes
1225 1955 1280 2046 qui
1307 1950 1531 2045 Evangelium
1557 1955 1648 2024 vitae
1673 1953 1806 2048 plenum
1824 1958 1984 2047 unigeniti

607 2066 688 2145 Filii
720 2071 765 2140 tui
804 2090 910 2164 nsque
942 2067 985 2139 nd
1016 2068 1100 2142 lines
1143 2067 1254 2138 mundi
1286 2067 1582 2164 praedicaverunt:
1615 2071 1670 2162 qui
1705 2066 1840 2141 labores
1876 2074 1984 2143 susti-

612 2192 755 2256 nuerunt
785 2187 820 2256 in
845 2184 1017 2280 pascendo
1043 2203 1153 2277 grege
1179 2178 1254 2254 tud:
1295 2187 1350 2279 qni
1377 2187 1475 2255 etiam
1501 2181 1650 2279 pericula
1667 2184 1868 2274 subierunt,
1894 2209 1983 2282 pro-

610 2309 688 2398 pter
712 2299 810 2373 iidem
837 2298 1067 2373 Orthodoxam
1093 2322 1180 2394 quae
1206 2302 1240 2369 in
1266 2308 1300 2369 te
1328 2309 1397 2371 est:
1426 2302 1480 2393 qui
1506 2302 1632 2371 anania
1659 2298 1701 2370 ab
1725 2303 1856 2372 inimico
1877 2305 1982 2396 spiri-

611 2415 694 2489 tuah
731 2417 890 2489 seminata
924 2437 986 2511 per
1023 2437 1083 2489 ora
1118 2414 1362 2486 haereticorum
1397 2415 1668 2506 combusserunt,
1711 2437 1773 2510 per
1813 2416 1982 2491 doctrinas

611 2542 723 2605 rectas
749 2542 784 2603 et
808 2530 960 2603 fundatas
987 2553 1088 2626 super
1114 2552 1208 2625 spem
1234 2533 1327 2603 vitae
1353 2553 1483 2619 novae,
1518 2543 1551 2603 et
1582 2533 1822 2628 promissiones
1857 2532 1983 2607 llvan.

610 2648 756 2742 gelicas3
795 2668 857 2742 per
895 2667 1034 2741 qnorum
1073 2648 1260 2736 orationes,
1294 2647 1459 2736 Domine,
1497 2648 1716 2743 deprecamur
1752 2658 1794 2719 te.
1857 2648 1982 2725 Omnes

603 2764 771 2869 ‚tames
803 2765 975 2858 oppositas
1008 2765 1168 2854 extingue
1199 2772 1234 2833 ct
1266 2763 1391 2853 dejice,
1426 2785 1544 2859 pacem
1580 2773 1773 2859 perpetuam
1806 2761 1983 2838 Ecclesiae

610 2888 690 2953 tuae
722 2878 891 2966 concede,
925 2888 960 2951 et
990 2877 1032 2950 ab
1067 2876 1218 2950 omnibus
1251 2878 1349 2950 bellis
1381 2888 1416 2950 et
1450 2879 1669 2964 seditionibus
1700 2880 1858 2977 populum
1892 2892 1982 2955 tuum

609 3017 813 3093 praeserva:
840 3005 930 3068 artes
956 2993 1103 3066 Satanae
1136 2993 1271 3067 destrue
1303 3005 1337 3066 et
1372 2993 1518 3091 dissipa,
1551 3005 1586 3066 ut
1610 2983 1726 3069 'omnis
1759 3003 1981 3090 congregatio

611 3112 817 3187 adorandum
834 3120 870 3183 tc
895 3108 1024 3199 sedulo,
1050 3112 1152 3182 vitam
1170 3109 1269 3181 ducat
1295 3110 1337 3183 ab
1365 3114 1455 3185 omni
1480 3110 1745 3207 reprehensione
1771 3112 1921 3203 liberam,
1948 3125 1983 3186 et

610 3226 797 3300 miscemus
821 3225 878 3300 tibi
904 3225 1045 3319 gloriam
1072 3237 1115 3298 et'
1130 3224 1279 3316 laudem,
1306 3235 1340 3297 et
1366 3229 1535 3319 unigenito
1564 3226 1652 3299 Filio
1679 3239 1754 3319 nro,
1780 3240 1815 3300 et
1846 3230 1982 3325 Spiritui

611 3329 729 3417 sancto
755 3352 823 3414 tuo.
938 3397 942 3402 .
1357 3358 1360 3365 '

715 3457 876 3551 Populus.
928 3457 1048 3529 Amen.

649 3599 663 3628 ι
681 3571 890 3645 12Soccrdoa
926 3572 1118 3644 inclinatur.
1180 3571 1308 3662 Visite,
1343 3573 1506 3662 Domina,
1547 3597 1609 3670 per
1649 3573 1855 3648 clementiam
1890 3589 1979 3648 tuam

609 3688 784 3763 defunctos
810 3687 1035 3761 Orthodoxos.
1088 3689 1144 3761 Ad
1170 3687 1274 3760 altare
1302 3698 1390 3759 tuum
1418 3710 1597 3785 supernum
1622 3689 1679 3762 fac
1705 3713 1820 3764 eorum
1846 3713 1979 3763 memo-

609 3808 713 3894 riam,
739 3815 773 3877 et
797 3804 967 3900 voluptate
993 3804 1086 3898 reple
1112 3804 1188 3878 illos
1215 3808 1247 3875 in
1273 3803 1417 3878 thalamo
1449 3815 1506 3878 tuo
1540 3804 1616 3878 luce
1649 3806 1767 3901 pleno;
1799 3812 1979 3903 praecipue

609 3941 696 3994 vero
728 3929 861 4016 patres,
888 3924 1084 4012 magistros,
1111 3931 1145 3992 et
1170 3919 1328 3992 doctores
1354 3931 1501 4010 nostros,
1528 3933 1561 3993 ct
1588 3942 1648 3994 eos
1672 3944 1790 3994 omnes
1816 3945 1877 4018 pro
1898 3929 1978 4019 qui-

600 4033 764 4110 bns'hoo
796 4036 994 4109 sacrificium
1025 4033 1170 4109 oblatum
1207 4046 1275 4126 est,
1312 4040 1433 4131 quique
1468 4059 1554 4108 nunc
1587 4040 1814 4127 nominantur,
1847 4051 1880 4111 et
1916 4062 1978 4113 eos

611 4171 750 4249 quorum
776 4151 834 4224 tihi
860 4162 939 4224 nota
965 4154 1099 4225 nomina
1126 4161 1211 4223 sunt.

598 4271 601 4279 ’
658 4301 661 4372 5
714 4268 865 4340 Elaeam
879 4290 1004 4339 vocem.
1033 4268 1310 4363 Opiiexnaturae
1324 4277 1468 4354 nostrae,
1495 4270 1588 4371 Deus
1608 4280 1735 4358 noster,
1755 4269 1926 4342 adorande
1943 4281 1978 4342 et

610 4387 722 4459 sciens
749 4388 880 4473 omnia,
907 4387 962 4479 qui
988 4388 1043 4457 vis
1070 4388 1173 4457 vitam
1199 4394 1233 4455 et
1260 4382 1400 4458 salutem
1417 4387 1573 4473 omniurn,
1599 4395 1734 4479 praesta
1752 4406 1814 4480 per
1838 4387 1976 4456 miscri-

609 4499 758 4573 cordiam
771 4509 859 4571 tuam
874 4503 1068 4571 memoriam
1088 4500 1223 4588 bonam,
1247 4511 1284 4572 et
1301 4502 1433 4570 veniam
1450 4499 1655 4585 delictorum,
1680 4503 1977 4593 remissionemque

608 4625 838 4713 peccatorum,
871 4617 1041 4712 patribus,
1083 4619 1250 4708 magistris
1268 4633 1271 4642 “
1288 4626 1323 4687 et
1356 4614 1548 4687 doctoribus
1579 4619 1722 4705 nostris,
1758 4614 1976 4709 omnibusque

607 4732 692 4807 attis
708 4729 885 4803 Ecclesiae
911 4742 988 4803 tuae
1015 4741 1169 4820 sanctae,
1197 4735 1252 4827 qui
1277 4754 1340 4828 per
1366 4732 1534 4803 decretum
1561 4731 1602 4803 ab
1616 4819 1618 4821 ,
1632 4735 1797 4828 aequitate
1820 4743 1873 4804 tua
1901 4742 1977 4803 sta-

608 4858 711 4921 nrum
735 4845 901 4918 ‘adversus
926 4868 1013 4937 nos,
1047 4847 1089 4918 ad
1116 4851 1247 4942 pcccati
1279 4849 1385 4920 nostri
1419 4847 1683 4937 abstersionem,
1715 4848 1793 4920 olim
1823 4845 1978 4920 biberunt

606 4960 746 5043 ¹culicem
779 4965 944 5054 ingratum
983 4965 1118 5051 mortis,
1160 4966 1448 5058 separationisque
1483 4965 1721 5037 amarissimae.
1773 4963 1881 5035 Visita
1913 4985 1976 5036 eos

607 5077 770 5170 Domine,
796 5089 831 5150 et
857 5078 1035 5151 consolare
1060 5081 1182 5150 cosin
1207 5077 1400 5151 habitaculis
1431 5083 1466 5149 in
1499 5077 1616 5174 quibus
1650 5082 1877 5173 requiescunt:
1913 5102 1976 5176 per
2013 5169 2014 5172 Ἴ

607 5204 722 5266 nutum
747 5205 837 5267 tuum
862 5193 1008 5266 divinum
1034 5204 1067 5265 et
1093 5196 1389 5288 sapientissimum,
1412 5199 1535 5288 justam
1563 5194 1860 5290 dispensationem,
1888 5217 1974 5267 sen-

607 5330 682 5384 snm
709 5314 840 5429 animae
864 5308 1017 5400 beatum,
1044 5330 1199 5415 suavem,
1227 5319 1260 5382 et
1289 5311 1423 5405 plenum
1457 5309 1647 5383 clementia:
1683 5331 1745 5406 per
1776 5311 1974 5385 sacrificium

648 5448 771 5493 sennen
1722 5428 1771 5502 59
