<?xml version="1.0" encoding="UTF-8"?>
<!DOCTYPE html PUBLIC "-//W3C//DTD XHTML 1.0 Transitional//EN"
    "http://www.w3.org/TR/xhtml1/DTD/xhtml1-transitional.dtd">
<html xmlns="http://www.w3.org/1999/xhtml" xml:lang="en" lang="en">
 <head>
  <title>
</title>
<meta http-equiv="Content-Type" content="text/html;charset=utf-8" />
  <meta name='ocr-system' content='tesseract 3.04.00' />
  <meta name='ocr-capabilities' content='ocr_page ocr_carea ocr_par ocr_line ocrx_word'/>
</head>
<body>
  <div class='ocr_page' id='page_1' title='image "./liturgiarumorie00renagoog_0313.png"; bbox 0 0 5150 6534; ppageno 0'>
   <div class='ocr_carea' id='block_1_1' title="bbox 974 858 1966 938">
    <p class='ocr_par' dir='ltr' id='par_1_1' title="bbox 974 858 1966 938">
     <span class='ocr_line' id='line_1_1' title="bbox 974 858 1966 938; baseline -0.003 -1"><span class='ocrx_word' id='word_1_1' title='bbox 974 858 1600 938; x_wconf 73' lang='lat' dir='ltr'>sanctitiltlttt.</span> <span class='ocrx_word' id='word_1_2' title='bbox 1890 859 1966 935; x_wconf 72' lang='lat'>275</span> 
     </span>
    </p>
   </div>
   <div class='ocr_carea' id='block_1_2' title="bbox 595 1044 1969 5428">
    <p class='ocr_par' dir='ltr' id='par_1_2' title="bbox 595 1044 1967 1483">
     <span class='ocr_line' id='line_1_2' title="bbox 604 1044 1965 1144; baseline 0.001 -26"><span class='ocrx_word' id='word_1_3' title='bbox 604 1045 697 1135; x_wconf 83' lang='lat' dir='ltr'>tatis,</span> <span class='ocrx_word' id='word_1_4' title='bbox 727 1056 765 1118; x_wconf 90' lang='lat' dir='ltr'>et</span> <span class='ocrx_word' id='word_1_5' title='bbox 790 1049 900 1142; x_wconf 88' lang='lat' dir='ltr'>pacis:</span> <span class='ocrx_word' id='word_1_6' title='bbox 933 1044 1090 1141; x_wconf 81' lang='lat' dir='ltr'><strong>dignique</strong></span> <span class='ocrx_word' id='word_1_7' title='bbox 1120 1047 1299 1120; x_wconf 86' lang='lat' dir='ltr'>efficiamur</span> <span class='ocrx_word' id='word_1_8' title='bbox 1329 1045 1427 1121; x_wconf 89' lang='lat' dir='ltr'>honis</span> <span class='ocrx_word' id='word_1_9' title='bbox 1462 1046 1526 1120; x_wconf 90' lang='lat' dir='ltr'>illis</span> <span class='ocrx_word' id='word_1_10' title='bbox 1561 1070 1647 1143; x_wconf 87' lang='lat' dir='ltr'>quae</span> <span class='ocrx_word' id='word_1_11' title='bbox 1684 1050 1834 1144; x_wconf 88' lang='lat' dir='ltr'>promisit</span> <span class='ocrx_word' id='word_1_12' title='bbox 1868 1045 1965 1121; x_wconf 86' lang='lat' dir='ltr'>nobis</span> 
     </span>
     <span class='ocr_line' id='line_1_3' title="bbox 595 1159 1967 1260; baseline 0.001 -27"><span class='ocrx_word' id='word_1_13' title='bbox 595 1159 705 1235; x_wconf 75' lang='lat' dir='ltr'>Filius</span> <span class='ocrx_word' id='word_1_14' title='bbox 731 1172 806 1235; x_wconf 88' lang='lat' dir='ltr'>tuus</span> <span class='ocrx_word' id='word_1_15' title='bbox 831 1163 1018 1254; x_wconf 81' lang='lat' dir='ltr'>unigenitus</span> <span class='ocrx_word' id='word_1_16' title='bbox 1044 1172 1079 1234; x_wconf 87' lang='lat' dir='ltr'>et</span> <span class='ocrx_word' id='word_1_17' title='bbox 1104 1172 1257 1236; x_wconf 89' lang='lat' dir='ltr'>sanctus:</span> <span class='ocrx_word' id='word_1_18' title='bbox 1290 1186 1493 1260; x_wconf 88' lang='lat' dir='ltr'>perquem,</span> <span class='ocrx_word' id='word_1_19' title='bbox 1527 1174 1561 1237; x_wconf 90' lang='lat' dir='ltr'>et</span> <span class='ocrx_word' id='word_1_20' title='bbox 1595 1187 1668 1236; x_wconf 90' lang='lat' dir='ltr'>cum</span> <span class='ocrx_word' id='word_1_21' title='bbox 1702 1185 1768 1259; x_wconf 88' lang='lat' dir='ltr'>quo</span> <span class='ocrx_word' id='word_1_22' title='bbox 1805 1172 1848 1256; x_wconf 22' lang='lat' dir='ltr'>te,</span> <span class='ocrx_word' id='word_1_23' title='bbox 1871 1164 1967 1236; x_wconf 90' lang='lat' dir='ltr'>decet</span> 
     </span>
     <span class='ocr_line' id='line_1_4' title="bbox 602 1277 1966 1375; baseline 0 -24"><span class='ocrx_word' id='word_1_24' title='bbox 602 1277 724 1371; x_wconf 82' lang='lat' dir='ltr'>gloria,</span> <span class='ocrx_word' id='word_1_25' title='bbox 750 1278 869 1369; x_wconf 87' lang='lat' dir='ltr'>honor,</span> <span class='ocrx_word' id='word_1_26' title='bbox 896 1288 930 1349; x_wconf 89' lang='lat' dir='ltr'>et</span> <span class='ocrx_word' id='word_1_27' title='bbox 943 1280 1101 1375; x_wconf 87' lang='lat' dir='ltr'>potentia,</span> <span class='ocrx_word' id='word_1_28' title='bbox 1129 1302 1205 1351; x_wconf 91' lang='lat' dir='ltr'>cum</span> <span class='ocrx_word' id='word_1_29' title='bbox 1218 1279 1343 1375; x_wconf 83' lang='lat' dir='ltr'>Spiritu</span> <span class='ocrx_word' id='word_1_30' title='bbox 1368 1292 1424 1357; x_wconf 90' lang='lat' dir='ltr'>tuo</span> <span class='ocrx_word' id='word_1_31' title='bbox 1441 1283 1661 1369; x_wconf 88' lang='lat' dir='ltr'>sanctissimo,</span> <span class='ocrx_word' id='word_1_32' title='bbox 1688 1289 1722 1351; x_wconf 90' lang='lat' dir='ltr'>et</span> <span class='ocrx_word' id='word_1_33' title='bbox 1747 1280 1847 1365; x_wconf 85' lang='lat' dir='ltr'>bono,</span> <span class='ocrx_word' id='word_1_34' title='bbox 1876 1281 1966 1351; x_wconf 86' lang='lat' dir='ltr'>ado-</span> 
     </span>
     <span class='ocr_line' id='line_1_5' title="bbox 599 1394 1401 1483; baseline 0.002 -18"><span class='ocrx_word' id='word_1_35' title='bbox 599 1395 720 1483; x_wconf 85' lang='lat' dir='ltr'>rando,</span> <span class='ocrx_word' id='word_1_36' title='bbox 745 1394 946 1482; x_wconf 83' lang='lat' dir='ltr'>vivificante,</span> <span class='ocrx_word' id='word_1_37' title='bbox 974 1403 1008 1466; x_wconf 91' lang='lat' dir='ltr'>et</span> <span class='ocrx_word' id='word_1_38' title='bbox 1034 1394 1094 1467; x_wconf 87' lang='lat' dir='ltr'>tibi</span> <span class='ocrx_word' id='word_1_39' title='bbox 1119 1394 1401 1468; x_wconf 86' lang='lat' dir='ltr'>consubstantiali.</span> 
     </span>
    </p>

    <p class='ocr_par' dir='ltr' id='par_1_3' title="bbox 706 1510 1082 1603">
     <span class='ocr_line' id='line_1_6' title="bbox 706 1510 1082 1603; baseline 0 -22"><span class='ocrx_word' id='word_1_40' title='bbox 706 1510 867 1603; x_wconf 76' lang='lat' dir='ltr'>Populos.</span> <span class='ocrx_word' id='word_1_41' title='bbox 920 1511 1039 1583; x_wconf 82' lang='lat' dir='ltr'>Amen.</span> <span class='ocrx_word' id='word_1_42' title='bbox 1076 1575 1082 1593; x_wconf 84' lang='lat'><em>‚</em></span> 
     </span>
    </p>

    <p class='ocr_par' dir='ltr' id='par_1_4' title="bbox 704 1625 1328 1699">
     <span class='ocr_line' id='line_1_7' title="bbox 704 1625 1328 1699; baseline 0.002 -3"><span class='ocrx_word' id='word_1_43' title='bbox 704 1626 888 1698; x_wconf 74' lang='lat' dir='ltr'><strong><em>Sacerdos.</em></strong></span> <span class='ocrx_word' id='word_1_44' title='bbox 941 1625 1016 1697; x_wconf 88' lang='lat' dir='ltr'>Pax</span> <span class='ocrx_word' id='word_1_45' title='bbox 1040 1626 1140 1699; x_wconf 88' lang='lat' dir='ltr'>vohis</span> <span class='ocrx_word' id='word_1_46' title='bbox 1167 1626 1328 1699; x_wconf 75' lang='lat' dir='ltr'>ominbus.</span> 
     </span>
    </p>

    <p class='ocr_par' dir='ltr' id='par_1_5' title="bbox 706 1740 1296 1838">
     <span class='ocr_line' id='line_1_8' title="bbox 706 1740 1296 1838; baseline 0.003 -25"><span class='ocrx_word' id='word_1_47' title='bbox 706 1742 867 1835; x_wconf 82' lang='lat' dir='ltr'>Populos.</span> <span class='ocrx_word' id='word_1_48' title='bbox 918 1740 1062 1813; x_wconf 84' lang='lat' dir='ltr'>Etcum</span> <span class='ocrx_word' id='word_1_49' title='bbox 1089 1744 1296 1838; x_wconf 89' lang='lat' dir='ltr'>spiritutuo.</span> 
     </span>
    </p>

    <p class='ocr_par' dir='ltr' id='par_1_6' title="bbox 705 1857 1187 1953">
     <span class='ocr_line' id='line_1_9' title="bbox 705 1857 1187 1953; baseline -0.002 -23"><span class='ocrx_word' id='word_1_50' title='bbox 705 1858 893 1931; x_wconf 82' lang='lat' dir='ltr'>Diaconos.</span> <span class='ocrx_word' id='word_1_51' title='bbox 946 1857 1034 1929; x_wconf 87' lang='lat' dir='ltr'>Date</span> <span class='ocrx_word' id='word_1_52' title='bbox 1059 1879 1187 1953; x_wconf 89' lang='lat' dir='ltr'>pacem.</span> 
     </span>
    </p>

    <p class='ocr_par' dir='ltr' id='par_1_7' title="bbox 707 1973 1248 2067">
     <span class='ocr_line' id='line_1_10' title="bbox 707 1973 1248 2067; baseline -0.002 -22"><span class='ocrx_word' id='word_1_53' title='bbox 707 1974 868 2067; x_wconf 79' lang='lat' dir='ltr'>Populos.</span> <span class='ocrx_word' id='word_1_54' title='bbox 919 1973 1070 2065; x_wconf 83' lang='lat' dir='ltr'>Dignare</span> <span class='ocrx_word' id='word_1_55' title='bbox 1096 1975 1248 2046; x_wconf 90' lang='lat' dir='ltr'>Domine.</span> 
     </span>
    </p>

    <p class='ocr_par' dir='ltr' id='par_1_8' title="bbox 707 2089 1600 2185">
     <span class='ocr_line' id='line_1_11' title="bbox 707 2089 1600 2185; baseline 0 -25"><span class='ocrx_word' id='word_1_56' title='bbox 707 2092 894 2161; x_wconf 82' lang='lat' dir='ltr'>Diaconos.</span> <span class='ocrx_word' id='word_1_57' title='bbox 948 2089 1144 2161; x_wconf 82' lang='lat' dir='ltr'>inclinemus</span> <span class='ocrx_word' id='word_1_58' title='bbox 1170 2093 1279 2185; x_wconf 89' lang='lat' dir='ltr'>capita</span> <span class='ocrx_word' id='word_1_59' title='bbox 1305 2101 1421 2162; x_wconf 87' lang='lat' dir='ltr'>nostra</span> <span class='ocrx_word' id='word_1_60' title='bbox 1448 2091 1600 2162; x_wconf 92' lang='lat' dir='ltr'>Domino.</span> 
     </span>
    </p>

    <p class='ocr_par' dir='ltr' id='par_1_9' title="bbox 709 2204 1284 2298">
     <span class='ocr_line' id='line_1_12' title="bbox 709 2204 1284 2298; baseline 0.002 -23"><span class='ocrx_word' id='word_1_61' title='bbox 709 2205 867 2298; x_wconf 82' lang='lat' dir='ltr'>Populus.</span> <span class='ocrx_word' id='word_1_62' title='bbox 922 2204 1046 2277; x_wconf 86' lang='lat' dir='ltr'>Coram</span> <span class='ocrx_word' id='word_1_63' title='bbox 1072 2214 1106 2276; x_wconf 87' lang='lat' dir='ltr'>te</span> <span class='ocrx_word' id='word_1_64' title='bbox 1132 2206 1284 2276; x_wconf 89' lang='lat' dir='ltr'>Domine.</span> 
     </span>
    </p>

    <p class='ocr_par' dir='ltr' id='par_1_10' title="bbox 602 2308 1969 3106">
     <span class='ocr_line' id='line_1_13' title="bbox 708 2308 1967 2412; baseline 0.003 -21"><span class='ocrx_word' id='word_1_65' title='bbox 708 2321 891 2392; x_wconf 78' lang='lat' dir='ltr'><strong><em>Sacerdos.</em></strong></span> <span class='ocrx_word' id='word_1_66' title='bbox 944 2320 996 2392; x_wconf 87' lang='lat' dir='ltr'>Tu</span> <span class='ocrx_word' id='word_1_67' title='bbox 1023 2343 1060 2391; x_wconf 90' lang='lat' dir='ltr'>es</span> <span class='ocrx_word' id='word_1_68' title='bbox 1086 2323 1184 2412; x_wconf 82' lang='lat' dir='ltr'>igitur</span> <span class='ocrx_word' id='word_1_69' title='bbox 1209 2324 1396 2408; x_wconf 89' lang='lat' dir='ltr'>miserator,</span> <span class='ocrx_word' id='word_1_70' title='bbox 1424 2331 1457 2392; x_wconf 90' lang='lat' dir='ltr'>et</span> <span class='ocrx_word' id='word_1_71' title='bbox 1482 2320 1603 2392; x_wconf 88' lang='lat' dir='ltr'>multae</span> <span class='ocrx_word' id='word_1_72' title='bbox 1625 2308 1874 2394; x_wconf 82' lang='lat' dir='ltr'>misericordiae</span> <span class='ocrx_word' id='word_1_73' title='bbox 1888 2321 1967 2395; x_wconf 93' lang='lat' dir='ltr'>Do-</span> 
     </span>
     <span class='ocr_line' id='line_1_14' title="bbox 603 2435 1968 2535; baseline -0.001 -24"><span class='ocrx_word' id='word_1_74' title='bbox 603 2443 702 2526; x_wconf 85' lang='lat' dir='ltr'>mine,</span> <span class='ocrx_word' id='word_1_75' title='bbox 730 2441 805 2532; x_wconf 89' lang='lat' dir='ltr'>quia</span> <span class='ocrx_word' id='word_1_76' title='bbox 833 2460 852 2507; x_wconf 88' lang='lat' dir='ltr'>a</span> <span class='ocrx_word' id='word_1_77' title='bbox 879 2447 913 2510; x_wconf 92' lang='lat' dir='ltr'>te</span> <span class='ocrx_word' id='word_1_78' title='bbox 940 2435 1120 2523; x_wconf 86' lang='lat' dir='ltr'>descendit,</span> <span class='ocrx_word' id='word_1_79' title='bbox 1148 2447 1182 2507; x_wconf 93' lang='lat' dir='ltr'>et</span> <span class='ocrx_word' id='word_1_80' title='bbox 1208 2439 1311 2508; x_wconf 91' lang='lat' dir='ltr'>oritur</span> <span class='ocrx_word' id='word_1_81' title='bbox 1338 2458 1435 2507; x_wconf 92' lang='lat' dir='ltr'>omne</span> <span class='ocrx_word' id='word_1_82' title='bbox 1462 2437 1582 2508; x_wconf 88' lang='lat' dir='ltr'>donum</span> <span class='ocrx_word' id='word_1_83' title='bbox 1609 2439 1786 2532; x_wconf 89' lang='lat' dir='ltr'>optimum,</span> <span class='ocrx_word' id='word_1_84' title='bbox 1822 2449 1856 2510; x_wconf 96' lang='lat' dir='ltr'>et</span> <span class='ocrx_word' id='word_1_85' title='bbox 1882 2462 1968 2535; x_wconf 94' lang='lat' dir='ltr'>per-</span> 
     </span>
     <span class='ocr_line' id='line_1_15' title="bbox 603 2549 1969 2646; baseline 0.001 -21"><span class='ocrx_word' id='word_1_86' title='bbox 603 2553 744 2643; x_wconf 80' lang='lat' dir='ltr'>fectum3</span> <span class='ocrx_word' id='word_1_87' title='bbox 770 2552 930 2643; x_wconf 87' lang='lat' dir='ltr'>benedic,</span> <span class='ocrx_word' id='word_1_88' title='bbox 958 2561 992 2623; x_wconf 90' lang='lat' dir='ltr'>et</span> <span class='ocrx_word' id='word_1_89' title='bbox 1023 2573 1190 2623; x_wconf 89' lang='lat' dir='ltr'>conserva</span> <span class='ocrx_word' id='word_1_90' title='bbox 1225 2549 1421 2624; x_wconf 79' lang='lat' dir='ltr'>adoratores</span> <span class='ocrx_word' id='word_1_91' title='bbox 1455 2564 1529 2624; x_wconf 78' lang='lat' dir='ltr'>turos</span> <span class='ocrx_word' id='word_1_92' title='bbox 1562 2556 1659 2640; x_wconf 88' lang='lat' dir='ltr'>istos,</span> <span class='ocrx_word' id='word_1_93' title='bbox 1695 2557 1750 2646; x_wconf 90' lang='lat' dir='ltr'>qui</span> <span class='ocrx_word' id='word_1_94' title='bbox 1783 2576 1898 2627; x_wconf 89' lang='lat' dir='ltr'>coram</span> <span class='ocrx_word' id='word_1_95' title='bbox 1935 2566 1969 2626; x_wconf 90' lang='lat' dir='ltr'>te</span> 
     </span>
     <span class='ocr_line' id='line_1_16' title="bbox 605 2660 1969 2763; baseline -0.001 -20"><span class='ocrx_word' id='word_1_96' title='bbox 605 2670 692 2743; x_wconf 87' lang='lat' dir='ltr'>oolla</span> <span class='ocrx_word' id='word_1_97' title='bbox 725 2660 904 2763; x_wconf 85' lang='lat' dir='ltr'>¹corporum</span> <span class='ocrx_word' id='word_1_98' title='bbox 942 2670 1185 2761; x_wconf 88' lang='lat' dir='ltr'>animarumque</span> <span class='ocrx_word' id='word_1_99' title='bbox 1220 2669 1351 2738; x_wconf 70' lang='lat' dir='ltr'>sutirum</span> <span class='ocrx_word' id='word_1_100' title='bbox 1390 2668 1648 2755; x_wconf 87' lang='lat' dir='ltr'>inclinaverunt,</span> <span class='ocrx_word' id='word_1_101' title='bbox 1664 2679 1715 2739; x_wconf 88' lang='lat' dir='ltr'>-et</span> <span class='ocrx_word' id='word_1_102' title='bbox 1745 2668 1809 2739; x_wconf 92' lang='lat' dir='ltr'>illis</span> <span class='ocrx_word' id='word_1_103' title='bbox 1844 2669 1969 2763; x_wconf 86' lang='lat' dir='ltr'>largire</span> 
     </span>
     <span class='ocr_line' id='line_1_17' title="bbox 604 2784 1967 2879; baseline -0.001 -22"><span class='ocrx_word' id='word_1_104' title='bbox 604 2784 725 2859; x_wconf 90' lang='lat' dir='ltr'>donum</span> <span class='ocrx_word' id='word_1_105' title='bbox 752 2786 998 2855; x_wconf 84' lang='lat' dir='ltr'>miserationum</span> <span class='ocrx_word' id='word_1_106' title='bbox 1027 2793 1166 2870; x_wconf 87' lang='lat' dir='ltr'>tuarum,</span> <span class='ocrx_word' id='word_1_107' title='bbox 1199 2792 1298 2876; x_wconf 90' lang='lat' dir='ltr'>atque</span> <span class='ocrx_word' id='word_1_108' title='bbox 1326 2785 1482 2855; x_wconf 87' lang='lat' dir='ltr'>auxilium</span> <span class='ocrx_word' id='word_1_109' title='bbox 1509 2784 1690 2879; x_wconf 88' lang='lat' dir='ltr'>perfectum</span> <span class='ocrx_word' id='word_1_110' title='bbox 1717 2788 1848 2875; x_wconf 85' lang='lat' dir='ltr'>gratiae</span> <span class='ocrx_word' id='word_1_111' title='bbox 1880 2794 1967 2872; x_wconf 76' lang='lat' dir='ltr'>turae,</span> 
     </span>
     <span class='ocr_line' id='line_1_18' title="bbox 602 2897 1967 2997; baseline -0.001 -24"><span class='ocrx_word' id='word_1_112' title='bbox 602 2903 697 2995; x_wconf 81' lang='lat' dir='ltr'>juxta</span> <span class='ocrx_word' id='word_1_113' title='bbox 724 2903 978 2994; x_wconf 89' lang='lat' dir='ltr'>promissionem</span> <span class='ocrx_word' id='word_1_114' title='bbox 1005 2897 1126 2971; x_wconf 86' lang='lat' dir='ltr'>Christi</span> <span class='ocrx_word' id='word_1_115' title='bbox 1151 2902 1212 2970; x_wconf 92' lang='lat' dir='ltr'>tui:</span> <span class='ocrx_word' id='word_1_116' title='bbox 1240 2923 1314 2971; x_wconf 89' lang='lat' dir='ltr'>eum</span> <span class='ocrx_word' id='word_1_117' title='bbox 1343 2924 1425 2996; x_wconf 90' lang='lat' dir='ltr'>quo,</span> <span class='ocrx_word' id='word_1_118' title='bbox 1457 2913 1491 2973; x_wconf 93' lang='lat' dir='ltr'>et</span> <span class='ocrx_word' id='word_1_119' title='bbox 1523 2902 1646 2997; x_wconf 86' lang='lat' dir='ltr'>Spiritu</span> <span class='ocrx_word' id='word_1_120' title='bbox 1674 2912 1788 2974; x_wconf 90' lang='lat' dir='ltr'>sancto</span> <span class='ocrx_word' id='word_1_121' title='bbox 1817 2902 1875 2973; x_wconf 91' lang='lat' dir='ltr'>tihi</span> <span class='ocrx_word' id='word_1_122' title='bbox 1901 2901 1967 2971; x_wconf 90' lang='lat' dir='ltr'>de-</span> 
     </span>
     <span class='ocr_line' id='line_1_19' title="bbox 603 3014 979 3106; baseline -0.005 -17"><span class='ocrx_word' id='word_1_123' title='bbox 603 3014 700 3090; x_wconf 86' lang='lat' dir='ltr'>betur</span> <span class='ocrx_word' id='word_1_124' title='bbox 726 3016 889 3106; x_wconf 88' lang='lat' dir='ltr'>adoratio,</span> <span class='ocrx_word' id='word_1_125' title='bbox 916 3025 979 3088; x_wconf 91' lang='lat' dir='ltr'>ete.</span> 
     </span>
    </p>

    <p class='ocr_par' dir='ltr' id='par_1_11' title="bbox 705 3132 1038 3225">
     <span class='ocr_line' id='line_1_20' title="bbox 705 3132 1038 3225; baseline -0.009 -21"><span class='ocrx_word' id='word_1_126' title='bbox 705 3132 866 3225; x_wconf 81' lang='lat' dir='ltr'>Populus.</span> <span class='ocrx_word' id='word_1_127' title='bbox 919 3133 1038 3206; x_wconf 87' lang='lat' dir='ltr'>Amen.</span> 
     </span>
    </p>

    <p class='ocr_par' dir='ltr' id='par_1_12' title="bbox 603 3246 1969 4849">
     <span class='ocr_line' id='line_1_21' title="bbox 707 3246 1967 3344; baseline -0.001 -25"><span class='ocrx_word' id='word_1_128' title='bbox 707 3249 890 3319; x_wconf 81' lang='lat' dir='ltr'>Sacerdos.</span> <span class='ocrx_word' id='word_1_129' title='bbox 943 3246 1134 3319; x_wconf 83' lang='lat' dir='ltr'>Creaveras</span> <span class='ocrx_word' id='word_1_130' title='bbox 1169 3253 1256 3321; x_wconf 88' lang='lat' dir='ltr'>enim</span> <span class='ocrx_word' id='word_1_131' title='bbox 1289 3271 1352 3321; x_wconf 92' lang='lat' dir='ltr'>nos</span> <span class='ocrx_word' id='word_1_132' title='bbox 1378 3249 1521 3320; x_wconf 90' lang='lat' dir='ltr'>Domine</span> <span class='ocrx_word' id='word_1_133' title='bbox 1555 3272 1574 3320; x_wconf 87' lang='lat' dir='ltr'>a</span> <span class='ocrx_word' id='word_1_134' title='bbox 1610 3251 1771 3344; x_wconf 89' lang='lat' dir='ltr'>principio</span> <span class='ocrx_word' id='word_1_135' title='bbox 1803 3271 1864 3343; x_wconf 91' lang='lat' dir='ltr'>per</span> <span class='ocrx_word' id='word_1_136' title='bbox 1898 3251 1967 3318; x_wconf 91' lang='lat' dir='ltr'>mi-</span> 
     </span>
     <span class='ocr_line' id='line_1_22' title="bbox 605 3362 1966 3459; baseline -0.003 -22"><span class='ocrx_word' id='word_1_137' title='bbox 605 3363 819 3437; x_wconf 85' lang='lat' dir='ltr'>sericordiam</span> <span class='ocrx_word' id='word_1_138' title='bbox 847 3375 934 3435; x_wconf 89' lang='lat' dir='ltr'>tuarn</span> <span class='ocrx_word' id='word_1_139' title='bbox 961 3374 1158 3458; x_wconf 78' lang='lat' dir='ltr'>paternam„</span> <span class='ocrx_word' id='word_1_140' title='bbox 1185 3374 1218 3434; x_wconf 90' lang='lat' dir='ltr'>et</span> <span class='ocrx_word' id='word_1_141' title='bbox 1249 3362 1396 3453; x_wconf 89' lang='lat' dir='ltr'>beatam,</span> <span class='ocrx_word' id='word_1_142' title='bbox 1429 3386 1491 3436; x_wconf 94' lang='lat' dir='ltr'>nos</span> <span class='ocrx_word' id='word_1_143' title='bbox 1525 3368 1579 3458; x_wconf 84' lang='lat' dir='ltr'>qui</span> <span class='ocrx_word' id='word_1_144' title='bbox 1605 3368 1752 3459; x_wconf 91' lang='lat' dir='ltr'>primitus</span> <span class='ocrx_word' id='word_1_145' title='bbox 1779 3364 1857 3435; x_wconf 91' lang='lat' dir='ltr'>nihil</span> <span class='ocrx_word' id='word_1_146' title='bbox 1884 3386 1966 3434; x_wconf 88' lang='lat' dir='ltr'>era-</span> 
     </span>
     <span class='ocr_line' id='line_1_23' title="bbox 603 3476 1966 3571; baseline -0.001 -19"><span class='ocrx_word' id='word_1_147' title='bbox 603 3503 692 3552; x_wconf 87' lang='lat' dir='ltr'>mus:</span> <span class='ocrx_word' id='word_1_148' title='bbox 719 3480 843 3552; x_wconf 90' lang='lat' dir='ltr'>idcireo</span> <span class='ocrx_word' id='word_1_149' title='bbox 870 3477 1017 3550; x_wconf 86' lang='lat' dir='ltr'>athene</span> <span class='ocrx_word' id='word_1_150' title='bbox 1043 3480 1139 3551; x_wconf 82' lang='lat' dir='ltr'>nolis</span> <span class='ocrx_word' id='word_1_151' title='bbox 1166 3489 1256 3551; x_wconf 90' lang='lat' dir='ltr'>esset</span> <span class='ocrx_word' id='word_1_152' title='bbox 1281 3483 1315 3550; x_wconf 94' lang='lat' dir='ltr'>in</span> <span class='ocrx_word' id='word_1_153' title='bbox 1341 3476 1456 3571; x_wconf 86' lang='lat' dir='ltr'>gradu</span> <span class='ocrx_word' id='word_1_154' title='bbox 1474 3480 1529 3552; x_wconf 94' lang='lat' dir='ltr'>illo</span> <span class='ocrx_word' id='word_1_155' title='bbox 1559 3480 1708 3566; x_wconf 89' lang='lat' dir='ltr'>excelso,</span> <span class='ocrx_word' id='word_1_156' title='bbox 1735 3483 1826 3551; x_wconf 89' lang='lat' dir='ltr'>vitae</span> <span class='ocrx_word' id='word_1_157' title='bbox 1854 3501 1966 3571; x_wconf 83' lang='lat' dir='ltr'>ange-</span> 
     </span>
     <span class='ocr_line' id='line_1_24' title="bbox 603 3594 1967 3685; baseline -0.001 -19"><span class='ocrx_word' id='word_1_158' title='bbox 603 3594 700 3685; x_wconf 89' lang='lat' dir='ltr'>licae,</span> <span class='ocrx_word' id='word_1_159' title='bbox 727 3607 760 3668; x_wconf 93' lang='lat' dir='ltr'>et</span> <span class='ocrx_word' id='word_1_160' title='bbox 785 3595 1020 3681; x_wconf 88' lang='lat' dir='ltr'>immaterialis,</span> <span class='ocrx_word' id='word_1_161' title='bbox 1048 3606 1216 3668; x_wconf 88' lang='lat' dir='ltr'>ettamen</span> <span class='ocrx_word' id='word_1_162' title='bbox 1243 3606 1358 3669; x_wconf 89' lang='lat' dir='ltr'>nostra</span> <span class='ocrx_word' id='word_1_163' title='bbox 1379 3596 1564 3685; x_wconf 89' lang='lat' dir='ltr'>voluntate,</span> <span class='ocrx_word' id='word_1_164' title='bbox 1591 3598 1625 3666; x_wconf 93' lang='lat' dir='ltr'>in</span> <span class='ocrx_word' id='word_1_165' title='bbox 1651 3618 1811 3683; x_wconf 89' lang='lat' dir='ltr'>errorem,</span> <span class='ocrx_word' id='word_1_166' title='bbox 1839 3605 1872 3668; x_wconf 90' lang='lat' dir='ltr'>et</span> <span class='ocrx_word' id='word_1_167' title='bbox 1891 3599 1967 3667; x_wconf 93' lang='lat' dir='ltr'>rui-</span> 
     </span>
     <span class='ocr_line' id='line_1_25' title="bbox 604 3710 1965 3807; baseline -0.001 -25"><span class='ocrx_word' id='word_1_168' title='bbox 604 3733 682 3784; x_wconf 89' lang='lat' dir='ltr'>nam</span> <span class='ocrx_word' id='word_1_169' title='bbox 713 3716 842 3806; x_wconf 90' lang='lat' dir='ltr'>pecoati</span> <span class='ocrx_word' id='word_1_170' title='bbox 880 3710 1026 3805; x_wconf 89' lang='lat' dir='ltr'>prolapsi</span> <span class='ocrx_word' id='word_1_171' title='bbox 1062 3733 1190 3799; x_wconf 90' lang='lat' dir='ltr'>surnus,</span> <span class='ocrx_word' id='word_1_172' title='bbox 1230 3712 1347 3782; x_wconf 85' lang='lat' dir='ltr'>exules</span> <span class='ocrx_word' id='word_1_173' title='bbox 1384 3710 1461 3782; x_wconf 88' lang='lat' dir='ltr'>iacti</span> <span class='ocrx_word' id='word_1_174' title='bbox 1502 3734 1522 3781; x_wconf 93' lang='lat' dir='ltr'>a</span> <span class='ocrx_word' id='word_1_175' title='bbox 1562 3715 1666 3807; x_wconf 87' lang='lat' dir='ltr'>prima</span> <span class='ocrx_word' id='word_1_176' title='bbox 1696 3722 1812 3783; x_wconf 91' lang='lat' dir='ltr'>nostra</span> <span class='ocrx_word' id='word_1_177' title='bbox 1848 3716 1965 3807; x_wconf 88' lang='lat' dir='ltr'>patria.</span> 
     </span>
     <span class='ocr_line' id='line_1_26' title="bbox 605 3826 1966 3922; baseline -0.002 -22"><span class='ocrx_word' id='word_1_178' title='bbox 605 3826 729 3900; x_wconf 87' lang='lat' dir='ltr'>Verum</span> <span class='ocrx_word' id='word_1_179' title='bbox 755 3851 817 3922; x_wconf 90' lang='lat' dir='ltr'>per</span> <span class='ocrx_word' id='word_1_180' title='bbox 843 3827 978 3899; x_wconf 88' lang='lat' dir='ltr'>easdem</span> <span class='ocrx_word' id='word_1_181' title='bbox 1006 3839 1159 3899; x_wconf 89' lang='lat' dir='ltr'>aeternas</span> <span class='ocrx_word' id='word_1_182' title='bbox 1186 3838 1258 3898; x_wconf 88' lang='lat' dir='ltr'>tuas</span> <span class='ocrx_word' id='word_1_183' title='bbox 1292 3830 1540 3914; x_wconf 77' lang='lat' dir='ltr'>miserationes,</span> <span class='ocrx_word' id='word_1_184' title='bbox 1573 3827 1691 3899; x_wconf 91' lang='lat' dir='ltr'>Filium</span> <span class='ocrx_word' id='word_1_185' title='bbox 1724 3839 1813 3900; x_wconf 89' lang='lat' dir='ltr'>tuum</span> <span class='ocrx_word' id='word_1_186' title='bbox 1840 3832 1966 3919; x_wconf 82' lang='lat' dir='ltr'>unige-</span> 
     </span>
     <span class='ocr_line' id='line_1_27' title="bbox 605 3941 1968 4039; baseline 0 -25"><span class='ocrx_word' id='word_1_187' title='bbox 605 3948 707 4033; x_wconf 85' lang='lat' dir='ltr'>nitum</span> <span class='ocrx_word' id='word_1_188' title='bbox 731 3946 847 4016; x_wconf 89' lang='lat' dir='ltr'>misisti</span> <span class='ocrx_word' id='word_1_189' title='bbox 874 3943 914 4013; x_wconf 90' lang='lat' dir='ltr'>ad</span> <span class='ocrx_word' id='word_1_190' title='bbox 938 3941 1076 4014; x_wconf 89' lang='lat' dir='ltr'>salutem</span> <span class='ocrx_word' id='word_1_191' title='bbox 1093 3952 1254 4031; x_wconf 91' lang='lat' dir='ltr'>nostram,</span> <span class='ocrx_word' id='word_1_192' title='bbox 1270 3947 1325 4037; x_wconf 94' lang='lat' dir='ltr'>qui</span> <span class='ocrx_word' id='word_1_193' title='bbox 1341 3954 1550 4039; x_wconf 74' lang='lat' dir='ltr'>peccatores,</span> <span class='ocrx_word' id='word_1_194' title='bbox 1568 3952 1601 4014; x_wconf 88' lang='lat' dir='ltr'>et</span> <span class='ocrx_word' id='word_1_195' title='bbox 1625 3947 1815 4038; x_wconf 87' lang='lat' dir='ltr'>insipientes</span> <span class='ocrx_word' id='word_1_196' title='bbox 1843 3965 1968 4031; x_wconf 90' lang='lat' dir='ltr'>sumus,</span> 
     </span>
     <span class='ocr_line' id='line_1_28' title="bbox 606 4056 1968 4153; baseline 0.001 -24"><span class='ocrx_word' id='word_1_197' title='bbox 606 4068 638 4129; x_wconf 91' lang='lat' dir='ltr'>et</span> <span class='ocrx_word' id='word_1_198' title='bbox 663 4058 769 4131; x_wconf 88' lang='lat' dir='ltr'>iactus</span> <span class='ocrx_word' id='word_1_199' title='bbox 797 4068 848 4130; x_wconf 90' lang='lat' dir='ltr'>est</span> <span class='ocrx_word' id='word_1_200' title='bbox 874 4059 1103 4153; x_wconf 84' lang='lat' dir='ltr'>corporaliter,</span> <span class='ocrx_word' id='word_1_201' title='bbox 1131 4058 1192 4130; x_wconf 91' lang='lat' dir='ltr'>sed</span> <span class='ocrx_word' id='word_1_202' title='bbox 1218 4059 1346 4153; x_wconf 79' lang='lat' dir='ltr'>absque</span> <span class='ocrx_word' id='word_1_203' title='bbox 1371 4062 1549 4130; x_wconf 88' lang='lat' dir='ltr'>mutatione</span> <span class='ocrx_word' id='word_1_204' title='bbox 1584 4057 1682 4130; x_wconf 88' lang='lat' dir='ltr'>homo</span> <span class='ocrx_word' id='word_1_205' title='bbox 1718 4057 1831 4130; x_wconf 90' lang='lat' dir='ltr'>similis</span> <span class='ocrx_word' id='word_1_206' title='bbox 1858 4056 1968 4145; x_wconf 88' lang='lat' dir='ltr'>nohis,</span> 
     </span>
     <span class='ocr_line' id='line_1_29' title="bbox 604 4174 1967 4270; baseline -0.001 -25"><span class='ocrx_word' id='word_1_207' title='bbox 604 4185 641 4245; x_wconf 89' lang='lat' dir='ltr'>ut</span> <span class='ocrx_word' id='word_1_208' title='bbox 675 4197 738 4247; x_wconf 92' lang='lat' dir='ltr'>nos</span> <span class='ocrx_word' id='word_1_209' title='bbox 773 4175 911 4270; x_wconf 87' lang='lat' dir='ltr'>amplius</span> <span class='ocrx_word' id='word_1_210' title='bbox 944 4175 1074 4247; x_wconf 89' lang='lat' dir='ltr'>divinos</span> <span class='ocrx_word' id='word_1_211' title='bbox 1102 4176 1264 4265; x_wconf 86' lang='lat' dir='ltr'>efficeret,</span> <span class='ocrx_word' id='word_1_212' title='bbox 1292 4185 1325 4245; x_wconf 94' lang='lat' dir='ltr'>et</span> <span class='ocrx_word' id='word_1_213' title='bbox 1360 4174 1401 4247; x_wconf 88' lang='lat' dir='ltr'>ad</span> <span class='ocrx_word' id='word_1_214' title='bbox 1427 4178 1596 4270; x_wconf 89' lang='lat' dir='ltr'>pristinam</span> <span class='ocrx_word' id='word_1_215' title='bbox 1627 4186 1775 4247; x_wconf 90' lang='lat' dir='ltr'>nostram</span> <span class='ocrx_word' id='word_1_216' title='bbox 1807 4174 1967 4245; x_wconf 92' lang='lat' dir='ltr'>haeredi-</span> 
     </span>
     <span class='ocr_line' id='line_1_30' title="bbox 605 4290 1969 4383; baseline -0.001 -23"><span class='ocrx_word' id='word_1_217' title='bbox 605 4297 703 4362; x_wconf 86' lang='lat' dir='ltr'>tatem</span> <span class='ocrx_word' id='word_1_218' title='bbox 739 4312 801 4362; x_wconf 92' lang='lat' dir='ltr'>nos</span> <span class='ocrx_word' id='word_1_219' title='bbox 834 4291 1019 4361; x_wconf 89' lang='lat' dir='ltr'>reduceret.</span> <span class='ocrx_word' id='word_1_220' title='bbox 1072 4290 1124 4362; x_wconf 74' lang='lat' dir='ltr'>&#39;l&#39;u</span> <span class='ocrx_word' id='word_1_221' title='bbox 1158 4313 1240 4383; x_wconf 85' lang='lat' dir='ltr'>ergo</span> <span class='ocrx_word' id='word_1_222' title='bbox 1281 4294 1455 4362; x_wconf 88' lang='lat' dir='ltr'>etiamnum</span> <span class='ocrx_word' id='word_1_223' title='bbox 1493 4290 1654 4380; x_wconf 89' lang='lat' dir='ltr'>Domine,</span> <span class='ocrx_word' id='word_1_224' title='bbox 1695 4293 1785 4361; x_wconf 89' lang='lat' dir='ltr'>mitte</span> <span class='ocrx_word' id='word_1_225' title='bbox 1826 4293 1969 4382; x_wconf 85' lang='lat' dir='ltr'>gratiam</span> 
     </span>
     <span class='ocr_line' id='line_1_31' title="bbox 604 4405 1966 4502; baseline -0.001 -26"><span class='ocrx_word' id='word_1_226' title='bbox 604 4415 692 4478; x_wconf 90' lang='lat' dir='ltr'>tuam</span> <span class='ocrx_word' id='word_1_227' title='bbox 719 4405 761 4477; x_wconf 90' lang='lat' dir='ltr'>ad</span> <span class='ocrx_word' id='word_1_228' title='bbox 788 4410 1022 4500; x_wconf 85' lang='lat' dir='ltr'>expiationem,</span> <span class='ocrx_word' id='word_1_229' title='bbox 1050 4416 1084 4477; x_wconf 92' lang='lat' dir='ltr'>et</span> <span class='ocrx_word' id='word_1_230' title='bbox 1109 4408 1354 4479; x_wconf 90' lang='lat' dir='ltr'>mundationem</span> <span class='ocrx_word' id='word_1_231' title='bbox 1381 4417 1536 4495; x_wconf 83' lang='lat' dir='ltr'>nostram,</span> <span class='ocrx_word' id='word_1_232' title='bbox 1564 4417 1597 4477; x_wconf 92' lang='lat' dir='ltr'>et</span> <span class='ocrx_word' id='word_1_233' title='bbox 1624 4405 1665 4477; x_wconf 88' lang='lat' dir='ltr'>ad</span> <span class='ocrx_word' id='word_1_234' title='bbox 1693 4410 1966 4502; x_wconf 88' lang='lat' dir='ltr'>acceptationem,</span> 
     </span>
     <span class='ocr_line' id='line_1_32' title="bbox 605 4522 1964 4618; baseline -0.004 -24"><span class='ocrx_word' id='word_1_235' title='bbox 605 4524 985 4616; x_wconf 85' lang='lat' dir='ltr'>consummationemque</span> <span class='ocrx_word' id='word_1_236' title='bbox 1018 4526 1093 4618; x_wconf 92' lang='lat' dir='ltr'>puri</span> <span class='ocrx_word' id='word_1_237' title='bbox 1128 4522 1240 4614; x_wconf 90' lang='lat' dir='ltr'>hujus,</span> <span class='ocrx_word' id='word_1_238' title='bbox 1281 4533 1315 4593; x_wconf 92' lang='lat' dir='ltr'>et</span> <span class='ocrx_word' id='word_1_239' title='bbox 1347 4523 1545 4603; x_wconf 88' lang='lat' dir='ltr'>immaculati</span> <span class='ocrx_word' id='word_1_240' title='bbox 1580 4522 1752 4612; x_wconf 86' lang='lat' dir='ltr'>sacrificii,</span> <span class='ocrx_word' id='word_1_241' title='bbox 1788 4522 1876 4616; x_wconf 90' lang='lat' dir='ltr'>quod</span> <span class='ocrx_word' id='word_1_242' title='bbox 1902 4540 1964 4615; x_wconf 94' lang='lat' dir='ltr'>pro</span> 
     </span>
     <span class='ocr_line' id='line_1_33' title="bbox 603 4637 1966 4734; baseline -0.003 -25"><span class='ocrx_word' id='word_1_243' title='bbox 603 4642 904 4734; x_wconf 85' lang='lat' dir='ltr'>peccatisnostris</span> <span class='ocrx_word' id='word_1_244' title='bbox 933 4638 991 4709; x_wconf 93' lang='lat' dir='ltr'>tihi</span> <span class='ocrx_word' id='word_1_245' title='bbox 1022 4639 1199 4727; x_wconf 84' lang='lat' dir='ltr'>oderimus,</span> <span class='ocrx_word' id='word_1_246' title='bbox 1222 4644 1320 4732; x_wconf 88' lang='lat' dir='ltr'>juxta</span> <span class='ocrx_word' id='word_1_247' title='bbox 1348 4638 1528 4709; x_wconf 89' lang='lat' dir='ltr'>doctrinam</span> <span class='ocrx_word' id='word_1_248' title='bbox 1554 4637 1811 4728; x_wconf 82' lang='lat' dir='ltr'>Evangelioam,</span> <span class='ocrx_word' id='word_1_249' title='bbox 1839 4647 1872 4708; x_wconf 91' lang='lat' dir='ltr'>et</span> <span class='ocrx_word' id='word_1_250' title='bbox 1905 4639 1966 4705; x_wconf 90' lang='lat' dir='ltr'>vi-</span> 
     </span>
     <span class='ocr_line' id='line_1_34' title="bbox 603 4753 1808 4849; baseline -0.004 -22"><span class='ocrx_word' id='word_1_251' title='bbox 603 4754 735 4827; x_wconf 76' lang='lat' dir='ltr'>vificam</span> <span class='ocrx_word' id='word_1_252' title='bbox 763 4753 897 4842; x_wconf 84' lang='lat' dir='ltr'>Christi,</span> <span class='ocrx_word' id='word_1_253' title='bbox 925 4778 998 4826; x_wconf 88' lang='lat' dir='ltr'>cum</span> <span class='ocrx_word' id='word_1_254' title='bbox 1025 4777 1091 4849; x_wconf 88' lang='lat' dir='ltr'>quo</span> <span class='ocrx_word' id='word_1_255' title='bbox 1118 4764 1152 4825; x_wconf 93' lang='lat' dir='ltr'>te</span> <span class='ocrx_word' id='word_1_256' title='bbox 1178 4755 1275 4826; x_wconf 88' lang='lat' dir='ltr'>decet</span> <span class='ocrx_word' id='word_1_257' title='bbox 1301 4753 1417 4843; x_wconf 91' lang='lat' dir='ltr'>honor,</span> <span class='ocrx_word' id='word_1_258' title='bbox 1445 4754 1562 4846; x_wconf 84' lang='lat' dir='ltr'>gloria,</span> <span class='ocrx_word' id='word_1_259' title='bbox 1592 4765 1625 4826; x_wconf 92' lang='lat' dir='ltr'>et</span> <span class='ocrx_word' id='word_1_260' title='bbox 1651 4763 1808 4849; x_wconf 86' lang='lat' dir='ltr'>potestas.</span> 
     </span>
    </p>

    <p class='ocr_par' dir='ltr' id='par_1_13' title="bbox 707 4870 1040 4963">
     <span class='ocr_line' id='line_1_35' title="bbox 707 4870 1040 4963; baseline -0.003 -23"><span class='ocrx_word' id='word_1_261' title='bbox 707 4870 868 4963; x_wconf 83' lang='lat' dir='ltr'>Populos.</span> <span class='ocrx_word' id='word_1_262' title='bbox 920 4871 1040 4941; x_wconf 87' lang='lat' dir='ltr'>Amen.</span> 
     </span>
    </p>

    <p class='ocr_par' dir='ltr' id='par_1_14' title="bbox 708 4984 1299 5082">
     <span class='ocr_line' id='line_1_36' title="bbox 708 4984 1299 5082; baseline -0.005 -25"><span class='ocrx_word' id='word_1_263' title='bbox 708 4987 895 5059; x_wconf 82' lang='lat' dir='ltr'>Diaconos.</span> <span class='ocrx_word' id='word_1_264' title='bbox 949 4986 1081 5057; x_wconf 88' lang='lat' dir='ltr'>Stemus</span> <span class='ocrx_word' id='word_1_265' title='bbox 1109 4984 1272 5056; x_wconf 87' lang='lat' dir='ltr'>decenter.</span> <span class='ocrx_word' id='word_1_266' title='bbox 1296 5078 1299 5082; x_wconf 22' lang='lat'>¹</span> 
     </span>
    </p>

    <p class='ocr_par' dir='ltr' id='par_1_15' title="bbox 708 5101 1271 5196">
     <span class='ocr_line' id='line_1_37' title="bbox 708 5101 1271 5196; baseline 0 -24"><span class='ocrx_word' id='word_1_267' title='bbox 708 5103 867 5196; x_wconf 84' lang='lat' dir='ltr'>Populus.</span> <span class='ocrx_word' id='word_1_268' title='bbox 921 5101 1172 5184; x_wconf 87' lang='lat' dir='ltr'>Misericordiae</span> <span class='ocrx_word' id='word_1_269' title='bbox 1198 5102 1271 5172; x_wconf 92' lang='lat' dir='ltr'>Dei.</span> 
     </span>
    </p>

    <p class='ocr_par' dir='ltr' id='par_1_16' title="bbox 707 5217 1333 5291">
     <span class='ocr_line' id='line_1_38' title="bbox 707 5217 1333 5291; baseline 0.002 -4"><span class='ocrx_word' id='word_1_270' title='bbox 707 5217 890 5291; x_wconf 83' lang='lat' dir='ltr'>Sacerdos.</span> <span class='ocrx_word' id='word_1_271' title='bbox 943 5220 1016 5290; x_wconf 87' lang='lat' dir='ltr'>Pax</span> <span class='ocrx_word' id='word_1_272' title='bbox 1043 5218 1143 5290; x_wconf 90' lang='lat' dir='ltr'>vohis</span> <span class='ocrx_word' id='word_1_273' title='bbox 1171 5218 1333 5290; x_wconf 88' lang='lat' dir='ltr'>omnibus.</span> 
     </span>
    </p>

    <p class='ocr_par' dir='ltr' id='par_1_17' title="bbox 708 5333 1297 5428">
     <span class='ocr_line' id='line_1_39' title="bbox 708 5333 1297 5428; baseline 0 -25"><span class='ocrx_word' id='word_1_274' title='bbox 708 5334 868 5428; x_wconf 85' lang='lat' dir='ltr'>Populus.</span> <span class='ocrx_word' id='word_1_275' title='bbox 920 5333 1064 5406; x_wconf 82' lang='lat' dir='ltr'>Etcum</span> <span class='ocrx_word' id='word_1_276' title='bbox 1091 5335 1297 5428; x_wconf 90' lang='lat' dir='ltr'>spiritutuo.</span> 
     </span>
    </p>
   </div>
   <div class='ocr_carea' id='block_1_3' title="bbox 641 5472 765 5515">
    <p class='ocr_par' dir='ltr' id='par_1_18' title="bbox 641 5472 765 5515">
     <span class='ocr_line' id='line_1_40' title="bbox 641 5472 765 5515; baseline 0 0"><span class='ocrx_word' id='word_1_277' title='bbox 641 5472 728 5515; x_wconf 72' lang='lat' dir='ltr'>Tomli!</span> <span class='ocrx_word' id='word_1_278' title='bbox 740 5473 765 5515; x_wconf 83' lang='lat' dir='ltr'>Il.</span> 
     </span>
    </p>
   </div>
   <div class='ocr_carea' id='block_1_4' title="bbox 0 0 2591 6532">
    <p class='ocr_par' dir='ltr' id='par_1_19' title="bbox 0 0 2591 6532">
     <span class='ocr_line' id='line_1_41' title="bbox 0 0 2591 6532; baseline 0 0"><span class='ocrx_word' id='word_1_279' title='bbox 0 0 2591 6532; x_wconf 95' lang='lat' dir='ltr'> </span> 
     </span>
    </p>
   </div>
  </div>
 </body>
</html>
