5150 6534
592 824 665 901 leo
811 941 815 950 .
953 827 1589 910 annunciabitur

689 1011 839 1085 Eteonos
863 1034 988 1084 ccccm
1039 1013 1214 1106 Rogamus
1239 1022 1286 1104 te,
1312 1015 1467 1104 Domino,
1493 1024 1531 1087 ut
1554 1014 1660 1089 robur
1693 1015 1755 1090 des
1780 1018 1958 1116 impoten-

586 1129 653 1198 tiae
685 1136 838 1199 nostrae:
874 1128 1019 1221 adjunge
1054 1150 1117 1202 nos
1155 1133 1267 1203 ocean
1302 1134 1598 1226 primogenitorum
1641 1129 1886 1228 descriptorum
1924 1137 1962 1210 in

585 1241 699 1313 coelis.
752 1244 877 1316 Eorum
904 1255 1014 1316 auwm
1039 1248 1390 1317 commemorationem
1414 1243 1575 1334 iacimus,
1600 1254 1638 1319 ut
1653 1247 1761 1319 'etiam
1786 1248 1854 1342 ipsi
1877 1269 1960 1321 nro-

584 1380 697 1430 mores
724 1362 829 1432 nostri
856 1362 921 1431 sint
946 1382 1061 1433 coram
1087 1369 1133 1449 te,
1160 1372 1194 1433 et
1219 1364 1463 1433 communicent
1487 1358 1663 1435 nobiscum
1688 1359 1764 1434 bulo
1789 1361 1959 1436 “efficio

585 1472 756 1567 spirituali,
784 1474 826 1545 ad
851 1478 1141 1548 conservationem
1168 1478 1345 1563 vivorum,
1377 1474 1420 1547 ad
1445 1474 1724 1549 confortationem
1755 1497 1876 1549 eom
1900 1477 1961 1572 qui

585 1590 671 1658 inter
697 1610 760 1661 nos
787 1600 975 1681 aegrotant,
1001 1600 1036 1661 et
1062 1589 1103 1662 ad
1130 1593 1279 1685 requiem
1304 1589 1448 1663 fidebam
1475 1593 1532 1686 qui
1557 1589 1785 1664 decubuenmt
1809 1592 1959 1680 Petrum,

584 1701 720 1774 fratrum
748 1715 782 1776 et
807 1709 1041 1797 magistrorum
1067 1714 1270 1795 nostrorum,
1296 1728 1359 1803 per
1384 1710 1539 1799 gratiam,
1564 1716 1601 1779 et
1613 1708 1846 1780 miserationes
1871 1706 1958 1777 nni-

584 1822 686 1909 geniti
713 1819 788 1891 Filii
814 1823 879 1910 tui,
912 1830 946 1893 et
970 1819 1113 1916 Spiritus
1140 1825 1187 1893 tui
1212 1825 1330 1911 sancti,
1356 1842 1456 1911 nunc,
1482 1831 1547 1893 etc.

688 1934 848 2027 Populus.
901 1938 1021 2009 Amen.
1533 1951 1537 1958 '

688 2050 862 2123 Sacerdos
888 2052 1079 2124 acclinatus.
1131 2053 1300 2141 Memento
1334 2055 1450 2139 etiam,
1477 2051 1638 2142 Domino,
1663 2048 1860 2126 Praesulum
1884 2071 1961 2122 ve-

583 2186 707 2251 rorum,
736 2188 850 2238 eornm
877 2170 932 2261 qui
951 2190 986 2238 ,a
1011 2167 1142 2241 Jacobo
1175 2171 1326 2265 principe
1357 2166 1620 2264 Episcopum,
1652 2188 1760 2263 usquc
1791 2164 1838 2238 ad
1869 2162 1963 2238 bunc

584 2280 683 2370 diem,
711 2280 933 2354 orthodoxam
958 2282 1056 2354 lidem
1082 2287 1115 2354 in
1140 2282 1304 2357 Ecclesiis
1330 2286 1396 2356 tuis
1421 2282 1709 2355 confirmaverunt

686 2397 836 2467 Eleaque
859 2418 984 2469 ccccm.
1011 2398 1205 2472 Doctrinam
1231 2400 1405 2473 illustrium
1431 2397 1561 2470 illorum
1583 2396 1769 2485 doctorum,
1788 2398 1845 2491 qui
1865 2416 1962 2492 por-

583 2521 737 2585 taverunt
758 2533 879 2584 nomen
901 2523 989 2584 tuum
1016 2526 1179 2604 sanctum,
1199 2538 1314 2587 coram
1336 2513 1487 2611 populis,
1508 2512 1660 2605 regibus,
1686 2521 1721 2583 et
1738 2508 1815 2583 liliis
1836 2509 1961 2603 lamet,

582 2630 616 2698 in
644 2626 814 2703 animabus
841 2632 964 2700 nostris
999 2628 1177 2702 confirma:
1205 2630 1368 2704 haereses
1394 2628 1492 2702 nobis
1523 2629 1732 2724 perniciosas
1757 2627 1963 2736 comprime:

583 2754 617 2814 et
642 2752 776 2839 praesta
802 2742 899 2815 nobis
925 2753 961 2815 ut
986 2749 1174 2818 consistere
1201 2746 1329 2841 absque
1355 2744 1618 2840 reprehensione
1644 2745 1811 2839 possimus
1838 2764 1960 2816 coram

584 2858 739 2931 tribunali
767 2869 823 2931 tuo
851 2858 1039 2931 tremendo:
1073 2865 1149 2954 quia
1182 2872 1317 2934 sanctus
1344 2883 1404 2947 es,
1437 2869 1473 2931 et
1498 2858 1719 2932 sanctificator
1744 2864 1963 2949 amoturum

583 2972 710 3067 tibique
736 2973 878 3066 gloriam
905 2974 1091 3065 referimus,
1118 2986 1153 3047 et
1177 2979 1348 3068 unigenito
1375 2974 1442 3046 fillo
1468 2983 1540 3065 nio,
1565 2982 1628 3046 etc.

687 3089 848 3182 Populos.
901 3089 1019 3161 Amen.
1340 3067 1349 3079 ’
1787 3184 1789 3193 Ι

685 3204 860 3277 Sacerdos
894 3205 1085 3279 inclinatae.
1137 3206 1325 3294 Memento,
1364 3203 1527 3293 Domine,
1568 3205 1712 3276 omnium
1744 3226 1791 3276 ex
1826 3202 1961 3278 Ordine

580 3319 842 3409 Ecclesiastico,
877 3322 932 3415 qui
958 3323 991 3391 in
1017 3321 1083 3393 fide
1110 3321 1308 3395 Orthodoxa
1334 3318 1461 3416 pridem
1490 3317 1644 3391 obierunt
1677 3328 1712 3391 et
1737 3320 1960 3413 quieverunt:

582 3446 617 3506 et
643 3439 891 3530 cujuscumque,
917 3458 980 3531 pro
1008 3459 1076 3531 quo
1110 3437 1308 3510 sacrificinm
1341 3434 1546 3523 obtulerunt,
1582 3444 1617 3505 et
1641 3457 1759 3509 eorum
1784 3436 1960 3531 quinunc

580 3556 798 3623 nominantur.

688 3667 836 3736 Elecans
867 3688 991 3737 ccccm.
1043 3664 1204 3754 Domine,
1242 3666 1386 3736 Domine
1428 3663 1522 3736 Deus
1563 3665 1733 3759 spirituum
1770 3673 1805 3737 et
1843 3671 1959 3742 omnis

583 3784 703 3867 carnis,
731 3791 896 3854 memento
924 3783 1067 3853 omnium
1094 3802 1221 3867 eorum,
1250 3783 1365 3874 quiin
1391 3779 1575 3850 fiderecta
1602 3802 1621 3850 a
1648 3778 1747 3853 nobis
1773 3782 1958 3872 migrave-

581 3906 672 3968 nmt:
709 3899 850 3991 quietem
883 3908 1017 3993 praesta
1045 3896 1254 3991 corporibus,
1282 3894 1454 3966 animabus
1491 3906 1525 3966 et
1558 3892 1725 3989 spiritibus
1759 3914 1894 3985 eorum,
1921 3907 1961 3969 et

578 4010 686 4083 bbere
714 4034 774 4084 eos
801 4035 821 4084 a
848 4012 1059 4084 damnatione
1091 4035 1177 4106 quae
1210 4010 1308 4082 linem
1341 4032 1407 4082 non
1443 4007 1552 4081 habet
1611 4009 1750 4083 cumula
1786 4031 1848 4083 eos
1874 4007 1958 4083 lae-

579 4128 661 4213 titia,
689 4129 722 4197 in
749 4131 889 4219 regione
916 4152 1015 4223 quam
1040 4126 1199 4198 illuminat
1225 4125 1384 4221 splendor
1409 4125 1520 4197 vultus
1546 4128 1613 4216 tui,
1648 4124 1764 4197 delens
1797 4146 1957 4221 praeva-

579 4245 759 4313 ricationes
785 4265 913 4330 eorum,
939 4266 1003 4315 nec
1030 4246 1155 4315 intrans
1182 4245 1216 4312 in
1237 4240 1397 4333 judicium
1421 4263 1496 4311 cum
1512 4239 1589 4328 illis,
1614 4240 1826 4335 nequeenim
1851 4243 1958 4335 quis-

581 4380 678 4451 quam
704 4379 807 4453 purus
834 4367 887 4429 est
913 4383 933 4430 a
958 4369 1101 4453 peccato
1128 4378 1243 4428 coram
1257 4365 1305 4446 te,
1331 4359 1394 4429 nisi
1421 4356 1513 4428 solus
1537 4358 1726 4447 unigenitus
1751 4353 1838 4430 lilius
1865 4355 1956 4447 mua

578 4494 640 4567 per
668 4495 765 4566 quem
792 4477 891 4545 etiam
918 4483 952 4545 et
976 4483 1115 4569 propter
1150 4494 1248 4567 quem
1274 4494 1448 4567 speramus
1481 4470 1746 4543 misericordam
1778 4473 1958 4567 consequi,

579 4599 615 4659 et
638 4588 737 4661 nobis
764 4600 799 4661 et
824 4588 897 4660 illis.
975 4588 1136 4681 Populus.
1186 4588 1306 4660 Amen.
1939 4600 1941 4605 ·

683 4703 859 4776 Sacerdos
900 4704 1090 4774 inclinatus.
1142 4703 1287 4775 Remitte
1330 4714 1364 4774 et
1401 4724 1504 4798 parce
1541 4703 1634 4774 Deus
1673 4703 1822 4797 peccatis
1864 4722 1958 4796 quae

578 4823 813 4907 commisimus,
843 4822 1057 4913 cogitatione,
1085 4818 1192 4891 verbo
1212 4829 1246 4890 et
1267 4841 1385 4913 opere,
1411 4816 1594 4891 manifestis
1622 4826 1656 4889 et
1683 4816 1836 4903 occultis,
1862 4838 1956 4910 quae
2063 4876 2068 4883 ,

454 5031 461 5042 .
578 4935 636 5005 tibi
662 4935 838 5008 manifesta
865 4945 950 5008 sunt

682 5052 832 5121 Elaeam
858 5071 951 5122 cccc.
1004 5050 1122 5121 Finem
1147 5060 1297 5122 nostrum
1330 5058 1441 5121 autem
1472 5047 1600 5142 absque
1632 5055 1775 5143 peccato
1806 5044 1957 5136 custodi,

450 5169 457 5178 ’
577 5164 732 5253 Domine,
760 5176 794 5236 et
820 5187 992 5257 congrega
1018 5184 1081 5236 nos
1109 5162 1169 5236 sub
1196 5162 1337 5259 pedibus
1363 5164 1546 5236 electorum
1559 5176 1691 5240 tuorum
1716 5159 1864 5258 quaudo,
1879 5156 1957 5258 ubi,
2085 5209 2090 5215 ι

578 5288 613 5349 et
638 5279 806 5370 quomodo
833 5280 993 5368 volueris,
1027 5278 1234 5352 solummodo
1263 5277 1391 5374 absque
1422 5279 1620 5353 confusione
1646 5286 1784 5374 propter
1808 5284 1958 5374 peccota¹
