5150 6534
765 835 841 908 ott
1269 836 1626 912 Ll'lUllGlh

762 1022 846 1095 haec
874 1021 997 1095 oblatio
1025 1046 1138 1095 coram
1172 1025 1306 1094 nomine
1339 1034 1396 1095 tuo
1429 1045 1552 1115 magno
1589 1035 1622 1095 et
1654 1024 1845 1114 tremendo,
1878 1047 1940 1121 pro
1974 1027 2135 1098 universa

762 1140 915 1212 Ecclesia
944 1149 1057 1211 sancta
1085 1138 1274 1225 Catholica,
1308 1149 1343 1209 ut
1374 1137 1498 1211 habitet
1523 1144 1557 1210 in
1583 1139 1693 1213 medio
1721 1143 1794 1232 ejus
1822 1142 2037 1236 tranquillitas
2067 1153 2134 1232 tua,

762 1267 796 1327 et
827 1262 896 1350 pax
930 1266 985 1326 tua
1022 1259 1148 1327 cunctis
1182 1254 1298 1326 diebus
1331 1254 1473 1326 saeculi:
1519 1266 1553 1325 et
1593 1268 1829 1328 removeantur
1862 1258 1978 1351 procul
2015 1256 2057 1328 ab
2092 1281 2135 1329 ea

761 1375 1028 1467 persecutiancS,
1056 1370 1221 1456 tumultus,
1249 1373 1491 1457 contentiones,
1519 1371 1696 1442 schismata
1720 1381 1752 1442 et
1768 1372 1962 1459 divisiones,
1990 1396 2134 1445 omnes-

764 1511 828 1583 que
866 1491 1008 1558 invicem
1045 1486 1301 1573 adhaereamuS,
1339 1508 1400 1580 per
1430 1490 1617 1558 unanimem
1651 1487 1884 1575 concordiam,
1920 1511 1993 1559 cum
2031 1489 2135 1560 corde

764 1627 847 1698 puro
876 1614 909 1674 et
936 1607 1074 1674 caritate
1101 1601 1261 1698 perlecta.
1297 1602 1340 1672 Et
1366 1625 1428 1697 pro
1457 1602 1608 1676 omnibus
1621 1602 1774 1674 Patribus
1800 1608 1923 1676 nostris
1943 1602 2135 1699 EpiscopiS,

765 1719 1084 1816 ctChorcpiscopis,
1101 1718 1338 1791 Sacerdotibus
1366 1728 1399 1789 ct
1417 1720 1590 1808 Diaconis,
1618 1722 1672 1814 qui
1699 1730 1774 1790 sunt
1800 1723 1832 1790 in
1860 1720 1923 1791 hoc
1949 1723 2133 1794 ministerio

763 1838 926 1924 veritatis,
953 1845 989 1905 at
1015 1844 1102 1906 stent
1129 1847 1161 1907 et
1187 1837 1372 1908 ministrent
1397 1856 1511 1906 coram
1538 1845 1572 1905 te
1599 1858 1700 1928 pure,
1735 1834 1906 1929 splendide
1940 1844 1973 1905 ct
2005 1847 2134 1923 sancte,

761 1951 983 2045 placeantque
1008 1952 1170 2023 voluntati
1198 1963 1292 2038 tuae,
1324 1955 1367 2021 ita
1400 1963 1435 2022 ut
1466 1962 1655 2021 mereantur
1689 1954 1850 2045 consequi
1884 1973 1904 2021 a
1938 1960 1972 2021 te
2007 1950 2134 2043 gradus

761 2067 870 2139 bonos
899 2076 932 2137 et
958 2067 1132 2153 sublimes,
1169 2071 1200 2138 in
1234 2066 1443 2137 revelatione
1470 2066 1602 2138 Domini
1634 2070 1739 2138 nostri
1769 2067 1851 2137 lesu
1880 2065 2011 2138 Christi.
2066 2070 2134 2139 Pro

763 2182 914 2253 omnibus
941 2186 1038 2253 etiam
1066 2183 1138 2255 filiis
1165 2182 1341 2253 Ecclesiae
1368 2193 1503 2253 sanctae
1531 2180 1743 2271 Catholicae,
1777 2185 1831 2276 qui
1859 2182 1910 2252 hic
1937 2193 2012 2255 sunt
2039 2194 2073 2253 et
2101 2187 2135 2253 in

761 2321 967 2391 ‹prracumque
994 2303 1159 2390 regione,
1194 2309 1229 2369 ιιι
1261 2298 1437 2394 proficiant
1470 2303 1502 2369 in
1538 2298 1733 2370 adoratione
1767 2302 1950 2391 majestatis
1978 2310 2072 2385 tuae,
2100 2302 2135 2368 in

760 2415 824 2485 srdc
859 2437 960 2500 vcra,
992 2425 1026 2485 et
1056 2419 1089 2486 in
1124 2414 1282 2511 operibus
1314 2415 1430 2499 bonis,
1468 2426 1501 2485 et
1536 2412 1754 2485 laudabilibus
1793 2413 1834 2483 ad
1868 2416 2007 2486 salutem
2040 2418 2134 2485 ritae

762 2552 850 2600 suae.
891 2530 935 2600 Et
959 2553 1022 2625 pro
1050 2553 1151 2603 servo
1181 2543 1235 2603 tuo
1262 2540 1454 2625 peccatore,
1483 2540 1516 2600 et
1543 2529 1714 2625 culparum
1741 2551 1813 2619 reo,
1840 2538 1877 2599 ut
1902 2552 1963 2624 per
1990 2533 2132 2621 gratiam

760 2656 848 2716 tuam
880 2647 1023 2718 Domine
1056 2669 1177 2743 parcas
1212 2649 1360 2742 peccatis
1395 2648 1499 2733 meis,
1535 2655 1569 2716 et
1604 2645 1737 2716 auicras
1766 2645 1884 2716 delicta
1919 2668 2011 2733 mea,
2046 2666 2135 2739 quae

761 2765 871 2833 sciens
897 2763 952 2833 vel
981 2766 1152 2853 nesciens,
1188 2764 1337 2833 commisi
1364 2783 1478 2833 coram
1512 2771 1553 2830 tc.
1612 2760 1655 2831 Et
1687 2783 1749 2856 pro
1783 2760 1847 2831 illis
1881 2759 2034 2833 omnibus
2069 2782 2133 2854 pro

761 2877 879 2971 quibus
908 2879 1042 2949 oilcrtur
1068 2878 1152 2950 haec
1181 2876 1325 2966 oblatio,
1352 2887 1388 2947 ut
1413 2879 1584 2947 inveniant
1610 2899 1723 2948 coram
1752 2886 1785 2947 te
1818 2879 2064 2963 miserationes,
2099 2885 2135 2945 et

760 2995 901 3083 gratiam
930 3002 963 3063 et
988 2997 1114 3064 vivant.
1162 2990 1207 3063 Et
1232 3015 1294 3088 pro
1322 2990 1481 3064 fructibus
1509 3002 1619 3063 terrae
1648 3002 1746 3085 atque
1775 2995 1862 3063 aeris
1890 2994 2069 3087 temperie,
2097 3001 2133 3061 ut

760 3108 975 3181 benedicatur
1002 3132 1126 3181 corona
1154 3114 1230 3180 armi
1256 3108 1471 3200 benignitatis
1499 3118 1575 3178 tuae
1601 3130 1663 3203 per
1689 3110 1829 3199 gratiam
1857 3118 1954 3178 tuam
2007 3106 2051 3177 Et
2068 3129 2131 3200 pro

761 3228 850 3295 omni
877 3248 1003 3316 genere
1030 3225 1196 3298 hominum
1224 3229 1279 3320 qui
1307 3229 1339 3296 in
1365 3234 1505 3319 peccato
1534 3235 1590 3295 aut
1623 3246 1740 3296 errore
1771 3233 1966 3306 versantur,
2001 3234 2037 3294 ut
2071 3245 2132 3318 per

761 3344 903 3431 gratiam
931 3353 1017 3412 tuam
1045 3341 1164 3433 dignos
1191 3343 1265 3413 illos
1294 3342 1416 3412 efficias
1444 3342 1636 3431 cognitione
1663 3344 1832 3429 veritatiS,
1868 3351 1902 3411 et
1935 3340 2132 3410 adoratione

760 3461 943 3549 majestatis
970 3468 1063 3531 tuae:
1090 3468 1124 3530 ut
1152 3468 1360 3550 cognoscant
1386 3467 1430 3542 te,
1456 3456 1545 3550 quod
1572 3460 1618 3527 sis
1646 3459 1738 3528 Deus
1764 3458 1865 3528 Pater
1890 3479 1993 3527 verus
2020 3455 2131 3527 solus:

762 3584 1011 3667 agnoscantque
1040 3586 1072 3645 te
1097 3572 1233 3658 honum,
1260 3575 1393 3666 quivis
1420 3583 1455 3642 ιιι
1482 3594 1598 3644 omnes
1625 3571 1774 3644 homines
1789 3577 1903 3642 vivant
1923 3583 1956 3643 et
1977 3584 2158 3644 conver-12¹

760 3698 870 3759 tantur
896 3690 937 3760 ad
966 3693 1167 3781 agnitionem
1194 3691 1361 3759 veritatis:
1396 3700 1580 3780 agnoscant
1608 3709 1739 3782 quoque
1766 3697 1799 3758 te
1827 3698 1978 3781 tanquam
2005 3687 2181 3758 Domi-...3²

759 3827 838 3875 num
865 3805 906 3876 ab
935 3815 1071 3876 aeterno
1099 3815 1133 3874 ct
1160 3829 1179 3875 a
1207 3803 1363 3891 saeculo,
1391 3814 1541 3875 naturam
1569 3805 1712 3875 divinam
1741 3826 1806 3874 non
1833 3802 1974 3892 factam,
2007 3802 2131 3875 condi-

760 3929 868 3992 torem
896 3924 1055 4007 omninm,
1083 3922 1199 4005 Pater,
1225 3919 1305 4007 Fili,
1333 3929 1366 3989 ct
1392 3919 1533 4015 Spiritus
1561 3930 1686 3992 sancte.
1731 3917 1893 4012 Quodque
1912 3929 2049 4013 propter
2067 3939 2131 3988 nos
2224 3988 2227 3993 .

759 4034 910 4107 hominos
939 4047 973 4106 ct
998 4047 1134 4131 propter
1160 4045 1306 4107 nostram
1334 4035 1483 4119 salutem,
1511 4035 1612 4106 Filius
1636 4035 1710 4125 Dci,
1731 4035 1823 4106 Deus
1843 4034 2000 4121 Verbum,
2028 4032 2133 4104 induit

760 4150 925 4221 hominem
953 4152 1152 4246 perlectum,
1179 4151 1341 4222 Dominus
1368 4161 1484 4223 noster
1509 4152 1608 4222 lesus
1636 4151 1802 4223 Christus:
1836 4150 2069 4246 perfectusque
2097 4160 2133 4221 ct

757 4265 953 4358 justificatas
981 4278 1033 4339 est
1059 4290 1119 4361 por
1146 4269 1298 4338 virtutem
1314 4268 1378 4338 Dei
1406 4277 1439 4337 et
1465 4290 1526 4361 per
1546 4267 1701 4362 Spiritum
1729 4278 1890 4356 sanctum,
1918 4276 1951 4337 et
1978 4270 2051 4361 ipse
2078 4274 2134 4335 est

760 4383 924 4455 mediator
950 4383 1013 4453 Dei
1041 4393 1074 4453 et
1101 4381 1282 4469 hominum,
1317 4394 1350 4454 et
1375 4382 1515 4475 largitor
1550 4386 1639 4454 vitae
1674 4386 1706 4451 in
1740 4384 1874 4454 saecula
1909 4380 2132 4467 saeculorum,

759 4499 823 4570 illis
851 4502 905 4593 qui
931 4521 993 4593 per
1020 4522 1094 4570 cum
1122 4497 1283 4569 accedunt
1311 4497 1353 4569 ad
1379 4499 1487 4570 Deum
1513 4501 1662 4570 Patrem:
1690 4502 1741 4569 cui
1769 4501 1834 4570 sint
1858 4497 1974 4571 laudes
2001 4505 2035 4566 et
2060 4495 2131 4566 be-

759 4614 966 4687 nedictiones
994 4618 1027 4685 in
1054 4614 1189 4684 saecula
1216 4615 1435 4686 sacculorum.
1463 4616 1605 4687 Domine
1633 4626 1665 4685 ct
1691 4614 1783 4685 Dcus
1811 4624 1926 4685 noster
1953 4616 2087 4705 suscipe
2111 4636 2132 4683 a

759 4730 858 4801 nobis
885 4754 947 4825 per
973 4733 1115 4822 gratiam
1140 4740 1229 4800 tuam
1256 4731 1454 4802 sacrificium
1486 4729 1551 4802 hoc
1586 4733 1767 4822 gratiarum
1803 4733 1968 4818 actioniS,
2003 4728 2132 4798 fructus

760 4845 888 4919 scilicet
924 4845 1138 4917 rationabiles
1170 4846 1334 4916 labiorum
1365 4855 1571 4934 nostrorum,
1607 4855 1642 4916 ιιι
1677 4849 1719 4916 sit
1754 4868 1865 4918 coram
1901 4856 1933 4916 te
1968 4849 2133 4917 momoria

759 4961 851 5033 hona
888 4967 1050 5053 justorum
1097 4965 1323 5055 antiquorum,
1364 4959 1602 5057 Prophetarum
1641 4972 1848 5047 sanctornm,
1888 4960 2131 5055 Apostolorum

760 5076 950 5149 beatorum:
978 5078 1163 5172 hlartprurn
1183 5086 1215 5146 et
1234 5075 1485 5166 Confessorum,
1506 5076 1760 5173 Episcopornm,
1777 5077 1971 5162 Doctorum,
1998 5075 2132 5148 Sacer-

760 5193 882 5282 dotum,
909 5195 1146 5284 Diaconorum‚
1173 5203 1206 5263 et
1233 5197 1376 5265 omniurn
1404 5193 1544 5266 liliorum
1565 5192 1741 5265 Ecclesiae
1768 5203 1905 5264 sanctae
1922 5190 2131 5279 Catholicae,

760 5331 877 5381 eorum
904 5314 958 5404 qui
985 5314 1018 5381 in
1045 5310 1109 5381 hdo
1135 5332 1218 5383 rora
1247 5314 1446 5382 transierunt
1472 5333 1517 5383 ex
1552 5308 1614 5381 hoc
1649 5310 1788 5399 nrurrdo,
1825 5319 1859 5379 ut
1892 5329 1954 5404 per
1987 5311 2131 5399 gratiam
