5150 6534
595 834 670 910 178
1029 833 1456 912 'sitistis

696 1020 902 1103 Sacerdos.¹
937 1019 1107 1110 Similiter,
1134 1030 1169 1092 et
1194 1021 1331 1094 calicem
1358 1022 1463 1110 vino',
1489 1030 1523 1091 et
1550 1041 1637 1115 aqua
1662 1019 1820 1105 miscens,
1846 1023 1869 1101 †
1892 1014 1965 1090 be.-

592 1136 731 1227 nedim‘t,
757 1144 777 1219 †
804 1146 837 1209 et
862 1137 1100 1225 sanctificavit,
1126 1144 1147 1219 †
1174 1136 1329 1232 deditque
1356 1134 1526 1232 discipulis
1560 1138 1652 1222 suis,
1684 1144 1720 1206 et
1752 1134 1846 1207 dixit
1899 1134 1966 1206 llic

593 1262 646 1325 est
671 1256 809 1345 sanguis
835 1276 930 1326 meus
956 1252 1161 1326 Testamenti
1181 1253 1281 1341 Novi,
1309 1255 1461 1347 accipite,
1486 1249 1589 1325 bibite
1615 1274 1662 1324 ex
1687 1273 1730 1323 eo
1746 1271 1811 1325 vos
1832 1270 1965 1338 omnes,

594 1368 636 1440 ad
662 1372 893 1441 remissionem
918 1379 1132 1464 peccatorum
1158 1380 1369 1457 vestrorum,
1399 1378 1434 1440 et
1459 1366 1602 1441 omnium
1635 1365 1778 1440 bdelium
1803 1384 1966 1439 verorum

594 1484 636 1556 ad
662 1489 764 1556 vitam
791 1496 971 1557 aeternam.

697 1601 857 1694 Pcpalas.
909 1602 1030 1673 Amen.

696 1717 881 1788 Sacerdos.
933 1715 977 1787 Et
1009 1738 1084 1788 eum
1118 1714 1203 1787 haec
1235 1737 1311 1787 mea
1341 1724 1523 1810 praecepta
1554 1713 1784 1810 perfeceritis,
1823 1721 1966 1785 mortem

595 1844 628 1905 et
653 1836 934 1906 resurrectionem
960 1855 1069 1904 meam
1097 1829 1348 1918 annunciabitis,
1376 1830 1485 1905 donec
1509 1833 1653 1903 veniam.

697 1948 858 2041 Papulas.
910 1948 1029 2020 Mortis
1057 1958 1143 2019 tuae.

698 2063 881 2134 Sacerdos.
935 2062 1132 2135 Memoriam
1159 2059 1381 2150 celebrantes,
1416 2061 1559 2134 Domine
1585 2061 1667 2133 lesu
1694 2057 1838 2150 Christe,
1864 2061 1967 2131 totius

596 2178 851 2274 dispensationis
879 2188 955 2250 tuae
982 2177 1135 2249 salutaris
1161 2200 1224 2271 pro
1251 2175 1370 2265 nobis,
1403 2201 1423 2249 a
1450 2180 1687 2273 conceptione,
1712 2178 1907 2263 nativitate,
1932 2184 1967 2247 et

594 2293 844 2388 baptismatae
879 2304 1014 2381 sancto,
1045 2296 1213 2387 passionis
1247 2301 1324 2365 tuae
1350 2294 1520 2376 salutaris,
1553 2297 1668 2365 mortis
1694 2303 1773 2364 triae
1797 2290 1965 2378 vivificae,

594 2409 766 2481 triduanae
793 2408 984 2504 sepulturae
1019 2418 1114 2495 tuae,
1147 2408 1320 2500 gloriosae
1344 2413 1598 2483 resurrectionis
1629 2419 1720 2496 triae,
1757 2409 1965 2480 ascensionis

595 2535 672 2597 tuae
699 2529 733 2596 in
760 2523 904 2613 coelum,
930 2534 963 2595 et
990 2527 1152 2596 sessionis
1188 2534 1265 2597 tuae
1299 2524 1341 2596 ad
1377 2526 1551 2598 dexteram
1586 2527 1649 2598 Dei
1675 2525 1805 2608 Petris,
1838 2532 1873 2594 et
1899 2521 1965 2594 ad-

594 2649 715 2713 ventus
741 2642 787 2710 tui
813 2637 986 2728 tremendi,
1012 2648 1046 2709 et
1073 2638 1218 2727 timendi,
1245 2644 1391 2735 supremi
1417 2652 1451 2712 et
1467 2641 1640 2731 dominici,
1667 2663 1733 2736 quc
1758 2638 1962 2732 judicatrnus

595 2778 634 2828 es
660 2755 823 2845 homines,
851 2766 884 2827 et
909 2756 1075 2827 retribues
1102 2758 1277 2849 unicuique
1304 2756 1483 2829 secundnm
1510 2780 1616 2854 opere
1642 2778 1719 2829 sue:
1746 2756 1964 2851 deprecamur

594 2882 628 2943 te
658 2873 802 2945 Domine
834 2873 869 2941 in
900 2871 963 2942 bac
994 2870 1078 2942 hora
1108 2871 1269 2961 timenda,
1305 2883 1340 2943 et
1372 2876 1407 2944 in
1443 2873 1508 2944 boc
1543 2882 1695 2967 tempore
1726 2873 1964 2959 comoneat

594 2998 712 3060 metus.
738 2989 907 3083 Propitius
934 2997 1020 3075 esto,
1047 2997 1081 3058 et
1107 2988 1269 3059 miserere
1297 2992 1441 3084 omnium
1456 3000 1606 3062 nostrum
1632 3009 1694 3084 per
1719 2990 1963 3060 miserationem

594 3116 694 3193 tuam,
721 3114 756 3175 et
780 3106 921 3195 ignosce
947 3102 1075 3174 delictis
1101 3106 1226 3176 nostris
1252 3108 1482 3197 pergratiam
1507 3114 1607 3176 tuam
1661 3104 1797 3176 Dimitte
1822 3111 1963 3199 peccata

595 3231 711 3294 ncstra
738 3242 799 3315 per
824 3219 1086 3292 misericordiam
1112 3228 1211 3306 tuam
1239 3229 1274 3290 et
1300 3218 1394 3291 aufer
1424 3223 1631 3316 insipientias
1662 3229 1815 3308 nostras,
1850 3224 1886 3292 in
1911 3217 1962 3291 dis

593 3335 790 3408 abundantis
815 3334 1066 3406 misericordiae
1091 3334 1331 3430 tuaepdealba
1357 3336 1505 3408 maculas
1538 3344 1672 3409 nostres
1707 3335 1862 3431 hyssopo
1895 3344 1960 3407 tuo.

595 3452 740 3547 Propter
766 3449 830 3522 boc
857 3453 942 3522 enim
969 3448 1124 3520 Ecclesia
1152 3461 1219 3540 tua,
1247 3461 1280 3522 et
1305 3472 1394 3542 grex
1421 3461 1495 3524 tuus
1522 3452 1720 3547 deprecatur
1744 3460 1799 3542 te,
1839 3461 1874 3523 et
1905 3470 1962 3545 per

596 3577 642 3658 te,
671 3592 712 3640 ac
739 3576 848 3638 tecum
874 3567 1007 3638 Patrem
1034 3575 1123 3638 tuum
1151 3567 1273 3639 dicens.

700 3682 863 3774 Pcpalas.
915 3681 1089 3754 Miserere.

700 3799 884 3869 Sacerdos.
937 3796 1010 3869 Nos
1038 3819 1178 3892 quoque.

700 3914 862 4006 Papulas.
915 3913 966 3983 'le
1005 3910 1185 3984 laudamus.

701 4030 885 4101 Sacerdos.
937 4031 1133 4124 Praecipue.

704 4146 891 4217 Diaconos.
946 4144 1053 4229 Quam
1080 4142 1235 4216 terribilis
1263 4154 1315 4217 est
1340 4144 1425 4218 haec
1451 4144 1545 4217 hora.

704 4261 881 4332 Sacerdos
907 4261 1089 4331 inclinatos
1115 4260 1200 4330 dicit
1225 4259 1480 4333 lanceationem
1505 4261 1657 4355 Spiritus
1681 4264 1803 4333 sacrati.

703 4377 846 4449 Domine
872 4379 1032 4448 miserere
1058 4379 1174 4463 nostri,
1201 4386 1235 4446 et
1262 4377 1473 4450 exaudinos
1509 4377 1573 4452 boc
1608 4389 1774 4472 tempore:
1811 4384 1845 4448 et
1875 4378 1969 4449 mitte

601 4492 642 4562 ad
674 4514 738 4565 nos
773 4516 791 4563 e
824 4492 920 4564 coelo
956 4504 1012 4563 tuo
1049 4492 1207 4579 excelso,
1240 4503 1274 4563 et
1305 4490 1453 4582 sublimi,
1493 4493 1649 4588 Spiritum
1682 4502 1773 4564 tuum
1806 4502 1970 4582 sanctum,

601 4606 912 4682 consubstantialem
938 4607 1009 4697 tibi,
1036 4608 1221 4680 ethonore
1249 4610 1435 4701 aequalem,
1463 4613 1516 4702 qui
1547 4631 1649 4705 super
1674 4612 1878 4701 unigenitum
1903 4608 1970 4682 Fi-

600 4721 680 4795 lium
707 4736 794 4797 tuum
821 4728 971 4820 apparuit
997 4728 1030 4796 in
1055 4724 1203 4795 lordane
1229 4722 1331 4795 fluvio
1365 4728 1398 4796 in
1433 4723 1607 4796 columbae
1634 4727 1767 4819 specie,
1800 4733 1833 4795 et
1868 4745 1973 4819 super

601 4840 788 4933 Apostolos
816 4850 890 4913 tuos
917 4851 1065 4929 sanctos,
1093 4843 1124 4909 in
1150 4841 1271 4931 linguis
1299 4845 1407 4932 igneis
1435 4846 1468 4912 in
1495 4840 1677 4913 coenaculo
1713 4839 1902 4929 descendit,
1938 4851 1975 4914 ct

601 4975 663 5024 nos
691 4955 839 5049 perficiat
864 4978 926 5050 per
953 4954 1185 5027 abundantiam
1211 4960 1341 5047 gratiae
1367 4967 1456 5047 tuae,
1484 4980 1568 5029 vasa
1595 4957 1722 5045 electa,
1759 4976 1845 5050 quae
1877 4955 1974 5030 utilia

603 5072 677 5157 sint,
705 5073 746 5143 ad
774 5074 989 5143 ministerium
1014 5069 1149 5143 bononis
1178 5076 1232 5143 tui.
1729 5086 1731 5089 ’

704 5186 879 5259 Sacerdos
905 5188 1042 5258 cloccas
1066 5208 1190 5256 ccccm.
1242 5186 1376 5260 Exaudi
1403 5211 1455 5259 me
1481 5187 1633 5274 Domine,
1662 5185 1783 5259 exaudi
1809 5208 1863 5257 me
1888 5183 1975 5257 Dc-

602 5321 700 5371 mme.
