<?xml version="1.0" encoding="UTF-8"?>
<!DOCTYPE html PUBLIC "-//W3C//DTD XHTML 1.0 Transitional//EN"
    "http://www.w3.org/TR/xhtml1/DTD/xhtml1-transitional.dtd">
<html xmlns="http://www.w3.org/1999/xhtml" xml:lang="en" lang="en">
 <head>
  <title>
</title>
<meta http-equiv="Content-Type" content="text/html;charset=utf-8" />
  <meta name='ocr-system' content='tesseract 3.04.00' />
  <meta name='ocr-capabilities' content='ocr_page ocr_carea ocr_par ocr_line ocrx_word'/>
</head>
<body>
  <div class='ocr_page' id='page_1' title='image "./liturgiarumorie00renagoog_0180.png"; bbox 0 0 5150 6534; ppageno 0'>
   <div class='ocr_carea' id='block_1_1' title="bbox 601 770 1407 851">
    <p class='ocr_par' dir='ltr' id='par_1_1' title="bbox 601 770 1407 851">
     <span class='ocr_line' id='line_1_1' title="bbox 601 770 1407 851; baseline 0.002 -2"><span class='ocrx_word' id='word_1_1' title='bbox 601 774 675 851; x_wconf 78' lang='lat'><strong>142</strong></span> <span class='ocrx_word' id='word_1_2' title='bbox 1174 770 1407 851; x_wconf 78' lang='lat' dir='ltr'>NOTAE</span> 
     </span>
    </p>
   </div>
   <div class='ocr_carea' id='block_1_2' title="bbox 591 957 1983 1398">
    <p class='ocr_par' dir='ltr' id='par_1_2' title="bbox 591 957 1983 1398">
     <span class='ocr_line' id='line_1_2' title="bbox 699 957 1983 1053; baseline 0.005 -22"><span class='ocrx_word' id='word_1_3' title='bbox 699 960 939 1053; x_wconf 61' lang='lat' dir='ltr'><strong>asamar</strong></span> <span class='ocrx_word' id='word_1_4' title='bbox 963 961 1001 1029; x_wconf 82' lang='lat' dir='ltr'><strong>n</strong></span> <span class='ocrx_word' id='word_1_5' title='bbox 1027 959 1160 1053; x_wconf 61' lang='lat' dir='ltr'><strong>uapor</strong></span> <span class='ocrx_word' id='word_1_6' title='bbox 1185 957 1362 1030; x_wconf 70' lang='lat' dir='ltr'><strong>conata·</strong></span> <span class='ocrx_word' id='word_1_7' title='bbox 1387 961 1566 1032; x_wconf 71' lang='lat' dir='ltr'><strong>orassem</strong></span> <span class='ocrx_word' id='word_1_8' title='bbox 1591 960 1794 1035; x_wconf 66' lang='lat' dir='ltr'><strong>emm</strong></span> <span class='ocrx_word' id='word_1_9' title='bbox 1823 962 1983 1036; x_wconf 70' lang='lat' dir='ltr'><strong>wan-a</strong></span> 
     </span>
     <span class='ocr_line' id='line_1_3' title="bbox 595 1072 1981 1173; baseline 0.005 -28"><span class='ocrx_word' id='word_1_10' title='bbox 595 1075 774 1167; x_wconf 65' lang='lat' dir='ltr'><strong>dioneae,</strong></span> <span class='ocrx_word' id='word_1_11' title='bbox 802 1095 890 1169; x_wconf 81' lang='lat' dir='ltr'><strong>quae</strong></span> <span class='ocrx_word' id='word_1_12' title='bbox 916 1072 1981 1173; x_wconf 64' lang='lat' dir='ltr'><strong>mumopisodloacljtsrplumquomoddioepmi-</strong></span> 
     </span>
     <span class='ocr_line' id='line_1_4' title="bbox 595 1189 1981 1292; baseline 0.004 -30"><span class='ocrx_word' id='word_1_13' title='bbox 595 1196 694 1262; x_wconf 79' lang='lat' dir='ltr'><strong>nent:</strong></span> <span class='ocrx_word' id='word_1_14' title='bbox 719 1212 861 1284; x_wconf 82' lang='lat' dir='ltr'><strong>quorum</strong></span> <span class='ocrx_word' id='word_1_15' title='bbox 886 1189 1071 1262; x_wconf 72' lang='lat' dir='ltr'><strong>amandae</strong></span> <span class='ocrx_word' id='word_1_16' title='bbox 1097 1194 1220 1260; x_wconf 68' lang='lat' dir='ltr'><strong>estam</strong></span> <span class='ocrx_word' id='word_1_17' title='bbox 1234 1191 1271 1259; x_wconf 79' lang='lat' dir='ltr'><strong>in</strong></span> <span class='ocrx_word' id='word_1_18' title='bbox 1282 1189 1441 1285; x_wconf 60' lang='lat' dir='ltr'><strong>pennoti</strong></span> <span class='ocrx_word' id='word_1_19' title='bbox 1458 1192 1595 1286; x_wconf 73' lang='lat' dir='ltr'><strong>Offtes&#39;o,</strong></span> <span class='ocrx_word' id='word_1_20' title='bbox 1621 1191 1717 1266; x_wconf 70' lang='lat' dir='ltr'><strong>oldae</strong></span> <span class='ocrx_word' id='word_1_21' title='bbox 1738 1200 1821 1292; x_wconf 75' lang='lat' dir='ltr'><strong>post</strong></span> <span class='ocrx_word' id='word_1_22' title='bbox 1846 1190 1981 1267; x_wconf 60' lang='grc' dir='ltr'><strong>ΙΜ-</strong></span> 
     </span>
     <span class='ocr_line' id='line_1_5' title="bbox 591 1304 849 1398; baseline 0 -22"><span class='ocrx_word' id='word_1_23' title='bbox 591 1311 687 1398; x_wconf 73' lang='lat' dir='ltr'><strong>piom</strong></span> <span class='ocrx_word' id='word_1_24' title='bbox 712 1304 849 1377; x_wconf 65' lang='lat' dir='ltr'><strong>Jacobs.</strong></span> 
     </span>
    </p>
   </div>
   <div class='ocr_carea' id='block_1_3' title="bbox 778 2012 1788 2306">
    <p class='ocr_par' dir='ltr' id='par_1_3' title="bbox 778 2012 1788 2306">
     <span class='ocr_line' id='line_1_6' title="bbox 778 2012 1788 2138; baseline 0 -31"><span class='ocrx_word' id='word_1_25' title='bbox 778 2015 827 2107; x_wconf 90' lang='lat' dir='ltr'><strong>n</strong></span> <span class='ocrx_word' id='word_1_26' title='bbox 874 2012 1248 2138; x_wconf 80' lang='lat' dir='ltr'><strong>ntunaorln</strong></span> <span class='ocrx_word' id='word_1_27' title='bbox 1299 2013 1542 2107; x_wconf 79' lang='lat' dir='ltr'><strong>sancii</strong></span> <span class='ocrx_word' id='word_1_28' title='bbox 1585 2014 1788 2110; x_wconf 76' lang='lat' dir='ltr'><strong>nisan</strong></span> 
     </span>
     <span class='ocr_line' id='line_1_7' title="bbox 1182 2221 1521 2306; baseline 0 -2"><span class='ocrx_word' id='word_1_29' title='bbox 1182 2221 1386 2306; x_wconf 77' lang='lat' dir='ltr'><strong>nutat.</strong></span> <span class='ocrx_word' id='word_1_30' title='bbox 1518 2282 1521 2288; x_wconf 78' lang='lat'>·</span> 
     </span>
    </p>
   </div>
   <div class='ocr_carea' id='block_1_4' title="bbox 1056 2449 1500 2543">
    <p class='ocr_par' dir='ltr' id='par_1_4' title="bbox 1056 2449 1500 2543">
     <span class='ocr_line' id='line_1_8' title="bbox 1056 2449 1500 2543; baseline 0.007 -23"><span class='ocrx_word' id='word_1_31' title='bbox 1056 2451 1084 2520; x_wconf 90' lang='lat'><strong>1.</strong></span> <span class='ocrx_word' id='word_1_32' title='bbox 1128 2450 1289 2543; x_wconf 79' lang='lat' dir='ltr'><strong>Litarpio</strong></span> <span class='ocrx_word' id='word_1_33' title='bbox 1319 2450 1356 2521; x_wconf 82' lang='lat' dir='ltr'><strong>S.</strong></span> <span class='ocrx_word' id='word_1_34' title='bbox 1388 2449 1500 2543; x_wconf 79' lang='lat' dir='ltr'><strong>Xysti.</strong></span> 
     </span>
    </p>
   </div>
   <div class='ocr_carea' id='block_1_5' title="bbox 592 2727 1980 5298">
    <p class='ocr_par' dir='ltr' id='par_1_5' title="bbox 592 2727 1980 5298">
     <span class='ocr_line' id='line_1_9' title="bbox 706 2727 1980 2831; baseline 0.001 -27"><span class='ocrx_word' id='word_1_35' title='bbox 706 2727 742 2805; x_wconf 86' lang='lat' dir='ltr'><strong>ln</strong></span> <span class='ocrx_word' id='word_1_36' title='bbox 764 2738 878 2800; x_wconf 87' lang='lat' dir='ltr'><strong>llissali</strong></span> <span class='ocrx_word' id='word_1_37' title='bbox 903 2737 1030 2820; x_wconf 83' lang='lat' dir='ltr'><strong>Syriaco</strong></span> <span class='ocrx_word' id='word_1_38' title='bbox 1051 2737 1165 2802; x_wconf 84' lang='lat' dir='ltr'><strong>Romae</strong></span> <span class='ocrx_word' id='word_1_39' title='bbox 1193 2737 1276 2800; x_wconf 91' lang='lat' dir='ltr'><strong>edito</strong></span> <span class='ocrx_word' id='word_1_40' title='bbox 1305 2737 1337 2799; x_wconf 90' lang='lat' dir='ltr'><strong>in</strong></span> <span class='ocrx_word' id='word_1_41' title='bbox 1359 2756 1421 2819; x_wconf 90' lang='lat' dir='ltr'><strong>quo</strong></span> <span class='ocrx_word' id='word_1_42' title='bbox 1442 2739 1670 2821; x_wconf 82' lang='lat' dir='ltr'><strong>quatuordecim</strong></span> <span class='ocrx_word' id='word_1_43' title='bbox 1691 2738 1847 2823; x_wconf 76' lang='lat' dir='ltr'><strong>Litarg‘ue</strong></span> <span class='ocrx_word' id='word_1_44' title='bbox 1864 2741 1980 2831; x_wconf 17' lang='lat' dir='ltr'><strong>Reonti-</strong></span> 
     </span>
     <span class='ocr_line' id='line_1_10' title="bbox 593 2840 1980 2927; baseline 0.002 -23"><span class='ocrx_word' id='word_1_45' title='bbox 593 2850 715 2921; x_wconf 88' lang='lat' dir='ltr'><strong>nentur,</strong></span> <span class='ocrx_word' id='word_1_46' title='bbox 738 2842 867 2904; x_wconf 91' lang='lat' dir='ltr'><strong>omnium</strong></span> <span class='ocrx_word' id='word_1_47' title='bbox 889 2842 984 2923; x_wconf 83' lang='lat' dir='ltr'><strong>prima</strong></span> <span class='ocrx_word' id='word_1_48' title='bbox 1007 2842 1139 2904; x_wconf 87' lang='lat' dir='ltr'><strong>occurrit</strong></span> <span class='ocrx_word' id='word_1_49' title='bbox 1160 2842 1228 2920; x_wconf 89' lang='lat' dir='ltr'><strong>ista,</strong></span> <span class='ocrx_word' id='word_1_50' title='bbox 1252 2849 1283 2903; x_wconf 90' lang='lat' dir='ltr'><strong>et</strong></span> <span class='ocrx_word' id='word_1_51' title='bbox 1305 2840 1344 2904; x_wconf 93' lang='lat' dir='ltr'><strong>ad</strong></span> <span class='ocrx_word' id='word_1_52' title='bbox 1364 2840 1445 2904; x_wconf 90' lang='lat' dir='ltr'><strong>illam</strong></span> <span class='ocrx_word' id='word_1_53' title='bbox 1469 2841 1712 2905; x_wconf 87' lang='lat' dir='ltr'><strong>accommodatus</strong></span> <span class='ocrx_word' id='word_1_54' title='bbox 1733 2848 1783 2905; x_wconf 83' lang='lat' dir='ltr'><strong>est</strong></span> <span class='ocrx_word' id='word_1_55' title='bbox 1799 2840 1889 2907; x_wconf 86' lang='lat' dir='ltr'><strong>Ordo</strong></span> <span class='ocrx_word' id='word_1_56' title='bbox 1912 2861 1980 2927; x_wconf 80' lang='lat' dir='ltr'><strong>ge·</strong></span> 
     </span>
     <span class='ocr_line' id='line_1_11' title="bbox 593 2939 1978 3023; baseline 0.004 -21"><span class='ocrx_word' id='word_1_57' title='bbox 593 2942 716 3003; x_wconf 84' lang='lat' dir='ltr'><strong>ncralis.</strong></span> <span class='ocrx_word' id='word_1_58' title='bbox 773 2942 926 3022; x_wconf 89' lang='lat' dir='ltr'><strong>Suspioari</strong></span> <span class='ocrx_word' id='word_1_59' title='bbox 955 2943 1054 3003; x_wconf 88' lang='lat' dir='ltr'><strong>statim</strong></span> <span class='ocrx_word' id='word_1_60' title='bbox 1083 2942 1210 3022; x_wconf 90' lang='lat' dir='ltr'><strong>quisque</strong></span> <span class='ocrx_word' id='word_1_61' title='bbox 1239 2948 1346 3023; x_wconf 91' lang='lat' dir='ltr'><strong>posset</strong></span> <span class='ocrx_word' id='word_1_62' title='bbox 1376 2939 1486 3003; x_wconf 82' lang='lat' dir='ltr'><strong>lactum</strong></span> <span class='ocrx_word' id='word_1_63' title='bbox 1515 2940 1546 3004; x_wconf 92' lang='lat' dir='ltr'><strong>id</strong></span> <span class='ocrx_word' id='word_1_64' title='bbox 1575 2959 1593 3004; x_wconf 88' lang='lat' dir='ltr'><strong>a</strong></span> <span class='ocrx_word' id='word_1_65' title='bbox 1620 2939 1796 3020; x_wconf 76' lang='lat' dir='ltr'><strong>llaronit&#39;u,</strong></span> <span class='ocrx_word' id='word_1_66' title='bbox 1828 2959 1873 3005; x_wconf 83' lang='lat' dir='ltr'><strong>ex</strong></span> <span class='ocrx_word' id='word_1_67' title='bbox 1902 2943 1978 3008; x_wconf 77' lang='lat' dir='ltr'><strong>selo</strong></span> 
     </span>
     <span class='ocr_line' id='line_1_12' title="bbox 594 3038 1978 3132; baseline 0.003 -30"><span class='ocrx_word' id='word_1_68' title='bbox 594 3041 694 3122; x_wconf 90' lang='lat' dir='ltr'><strong>potins</strong></span> <span class='ocrx_word' id='word_1_69' title='bbox 719 3039 914 3104; x_wconf 79' lang='lat' dir='ltr'>orthodoxae</span> <span class='ocrx_word' id='word_1_70' title='bbox 936 3039 1023 3117; x_wconf 87' lang='lat' dir='ltr'><strong>fidei,</strong></span> <span class='ocrx_word' id='word_1_71' title='bbox 1057 3041 1336 3132; x_wconf 66' lang='lat' dir='ltr'><strong>communionisque</strong></span> <span class='ocrx_word' id='word_1_72' title='bbox 1364 3055 1432 3101; x_wconf 88' lang='lat' dir='ltr'><strong>cum</strong></span> <span class='ocrx_word' id='word_1_73' title='bbox 1461 3038 1595 3102; x_wconf 83' lang='lat' dir='ltr'><strong>Romana</strong></span> <span class='ocrx_word' id='word_1_74' title='bbox 1624 3038 1779 3117; x_wconf 79' lang='lat' dir='ltr'><strong>Ecclesia,</strong></span> <span class='ocrx_word' id='word_1_75' title='bbox 1810 3056 1903 3121; x_wconf 69' lang='lat' dir='ltr'><strong>apem</strong></span> <span class='ocrx_word' id='word_1_76' title='bbox 1932 3060 1978 3106; x_wconf 82' lang='lat' dir='ltr'><strong>ex</strong></span> 
     </span>
     <span class='ocr_line' id='line_1_13' title="bbox 595 3137 1978 3222; baseline 0 -20"><span class='ocrx_word' id='word_1_77' title='bbox 595 3138 741 3203; x_wconf 87' lang='lat' dir='ltr'><strong>Codicum</strong></span> <span class='ocrx_word' id='word_1_78' title='bbox 763 3138 1036 3219; x_wconf 87' lang='lat' dir='ltr'><strong>Manuscriptorum</strong></span> <span class='ocrx_word' id='word_1_79' title='bbox 1058 3140 1228 3202; x_wconf 69' lang='lat' dir='ltr'><strong>autoritate.</strong></span> <span class='ocrx_word' id='word_1_80' title='bbox 1271 3139 1385 3201; x_wconf 84' lang='lat' dir='ltr'><strong>Verum</strong></span> <span class='ocrx_word' id='word_1_81' title='bbox 1411 3146 1486 3217; x_wconf 85' lang='lat' dir='ltr'><strong>tres,</strong></span> <span class='ocrx_word' id='word_1_82' title='bbox 1509 3156 1637 3220; x_wconf 73' lang='lat' dir='ltr'><strong>quarm</strong></span> <span class='ocrx_word' id='word_1_83' title='bbox 1659 3137 1720 3201; x_wconf 89' lang='lat' dir='ltr'><strong>duo</strong></span> <span class='ocrx_word' id='word_1_84' title='bbox 1749 3139 1825 3218; x_wconf 79' lang='lat' dir='ltr'><strong>satis</strong></span> <span class='ocrx_word' id='word_1_85' title='bbox 1853 3140 1978 3222; x_wconf 78' lang='lat' dir='ltr'><strong>antiqaai</strong></span> 
     </span>
     <span class='ocr_line' id='line_1_14' title="bbox 594 3236 1977 3319; baseline 0.001 -18"><span class='ocrx_word' id='word_1_86' title='bbox 594 3246 679 3314; x_wconf 90' lang='lat' dir='ltr'><strong>sunt,</strong></span> <span class='ocrx_word' id='word_1_87' title='bbox 712 3237 847 3301; x_wconf 90' lang='lat' dir='ltr'><strong>eamdem</strong></span> <span class='ocrx_word' id='word_1_88' title='bbox 877 3237 989 3301; x_wconf 89' lang='lat' dir='ltr'><strong>habent</strong></span> <span class='ocrx_word' id='word_1_89' title='bbox 1019 3237 1264 3319; x_wconf 85' lang='lat' dir='ltr'><strong>dispositionem,</strong></span> <span class='ocrx_word' id='word_1_90' title='bbox 1296 3238 1381 3319; x_wconf 87' lang='lat' dir='ltr'><strong>cujus</strong></span> <span class='ocrx_word' id='word_1_91' title='bbox 1410 3244 1511 3301; x_wconf 89' lang='lat' dir='ltr'><strong>tamen</strong></span> <span class='ocrx_word' id='word_1_92' title='bbox 1538 3236 1620 3301; x_wconf 89' lang='lat' dir='ltr'><strong>nulla</strong></span> <span class='ocrx_word' id='word_1_93' title='bbox 1640 3237 1724 3301; x_wconf 61' lang='lat' dir='ltr'><strong>ntis</strong></span> <span class='ocrx_word' id='word_1_94' title='bbox 1752 3237 1864 3302; x_wconf 59' lang='lat' dir='ltr'><strong>mnes</strong></span> <span class='ocrx_word' id='word_1_95' title='bbox 1893 3240 1977 3303; x_wconf 88' lang='lat' dir='ltr'><strong>ratio</strong></span> 
     </span>
     <span class='ocr_line' id='line_1_15' title="bbox 593 3335 1977 3419; baseline 0.002 -19"><span class='ocrx_word' id='word_1_96' title='bbox 593 3345 697 3419; x_wconf 91' lang='lat' dir='ltr'><strong>potest</strong></span> <span class='ocrx_word' id='word_1_97' title='bbox 719 3337 915 3419; x_wconf 85' lang='lat' dir='ltr'><strong>deprehendi.</strong></span> <span class='ocrx_word' id='word_1_98' title='bbox 961 3337 1037 3399; x_wconf 90' lang='lat' dir='ltr'><strong>Nam</strong></span> <span class='ocrx_word' id='word_1_99' title='bbox 1058 3338 1143 3400; x_wconf 92' lang='lat' dir='ltr'><strong>multi</strong></span> <span class='ocrx_word' id='word_1_100' title='bbox 1173 3337 1302 3403; x_wconf 84' lang='lat' dir='ltr'><strong>Codices</strong></span> <span class='ocrx_word' id='word_1_101' title='bbox 1324 3337 1507 3399; x_wconf 88' lang='lat' dir='ltr'><strong>vetustiores</strong></span> <span class='ocrx_word' id='word_1_102' title='bbox 1529 3335 1695 3419; x_wconf 73' lang='lat' dir='ltr'><strong>liturgiam</strong></span> <span class='ocrx_word' id='word_1_103' title='bbox 1717 3336 1805 3400; x_wconf 87' lang='lat' dir='ltr'><strong>istam</strong></span> <span class='ocrx_word' id='word_1_104' title='bbox 1825 3337 1977 3403; x_wconf 69' lang='lat' dir='ltr'><strong>nonha-</strong></span> 
     </span>
     <span class='ocr_line' id='line_1_16' title="bbox 592 3434 1977 3517; baseline 0.001 -18"><span class='ocrx_word' id='word_1_105' title='bbox 592 3436 676 3515; x_wconf 82' lang='lat' dir='ltr'><strong>bent,</strong></span> <span class='ocrx_word' id='word_1_106' title='bbox 700 3453 800 3516; x_wconf 89' lang='lat' dir='ltr'><strong>neque</strong></span> <span class='ocrx_word' id='word_1_107' title='bbox 823 3435 860 3498; x_wconf 86' lang='lat' dir='ltr'><strong>ad</strong></span> <span class='ocrx_word' id='word_1_108' title='bbox 883 3435 963 3498; x_wconf 92' lang='lat' dir='ltr'><strong>illam</strong></span> <span class='ocrx_word' id='word_1_109' title='bbox 986 3434 1239 3498; x_wconf 81' lang='lat' dir='ltr'><strong>commentarium</strong></span> <span class='ocrx_word' id='word_1_110' title='bbox 1267 3453 1355 3499; x_wconf 90' lang='lat' dir='ltr'><strong>suum</strong></span> <span class='ocrx_word' id='word_1_111' title='bbox 1377 3434 1799 3517; x_wconf 76' lang='lat' dir='ltr'><strong>accommodavit&#39;Dionysius</strong></span> <span class='ocrx_word' id='word_1_112' title='bbox 1820 3434 1977 3501; x_wconf 82' lang='lat' dir='ltr'><strong>Barsalild</strong></span> 
     </span>
     <span class='ocr_line' id='line_1_17' title="bbox 593 3532 1977 3616; baseline 0.001 -18"><span class='ocrx_word' id='word_1_113' title='bbox 593 3536 721 3598; x_wconf 77' lang='lat' dir='ltr'><strong>Amidae</strong></span> <span class='ocrx_word' id='word_1_114' title='bbox 743 3536 925 3615; x_wconf 85' lang='lat' dir='ltr'><strong>Episcopus,</strong></span> <span class='ocrx_word' id='word_1_115' title='bbox 949 3532 1004 3596; x_wconf 89' lang='lat' dir='ltr'><strong>sed</strong></span> <span class='ocrx_word' id='word_1_116' title='bbox 1028 3534 1066 3594; x_wconf 93' lang='lat' dir='ltr'><strong>ad</strong></span> <span class='ocrx_word' id='word_1_117' title='bbox 1097 3533 1259 3616; x_wconf 79' lang='lat' dir='ltr'><strong>liturgiam</strong></span> <span class='ocrx_word' id='word_1_118' title='bbox 1287 3534 1393 3597; x_wconf 77' lang='lat' dir='ltr'><strong>iacobi</strong></span> <span class='ocrx_word' id='word_1_119' title='bbox 1421 3552 1499 3615; x_wconf 89' lang='lat' dir='ltr'><strong>quae</strong></span> <span class='ocrx_word' id='word_1_120' title='bbox 1527 3534 1658 3596; x_wconf 89' lang='lat' dir='ltr'><strong>omnium</strong></span> <span class='ocrx_word' id='word_1_121' title='bbox 1686 3535 1893 3599; x_wconf 76' lang='lat' dir='ltr'><strong>vetustissima</strong></span> <span class='ocrx_word' id='word_1_122' title='bbox 1920 3537 1977 3599; x_wconf 82' lang='lat' dir='ltr'><strong>vi-</strong></span> 
     </span>
     <span class='ocr_line' id='line_1_18' title="bbox 594 3630 1975 3716; baseline 0.003 -21"><span class='ocrx_word' id='word_1_123' title='bbox 594 3635 698 3697; x_wconf 87' lang='lat' dir='ltr'><strong>detur:</strong></span> <span class='ocrx_word' id='word_1_124' title='bbox 730 3641 790 3695; x_wconf 90' lang='lat' dir='ltr'><strong>tum</strong></span> <span class='ocrx_word' id='word_1_125' title='bbox 814 3631 895 3712; x_wconf 93' lang='lat' dir='ltr'><strong>quod</strong></span> <span class='ocrx_word' id='word_1_126' title='bbox 918 3630 1053 3694; x_wconf 87' lang='lat' dir='ltr'><strong>Graecae</strong></span> <span class='ocrx_word' id='word_1_127' title='bbox 1076 3632 1211 3713; x_wconf 89' lang='lat' dir='ltr'><strong>ejusdem</strong></span> <span class='ocrx_word' id='word_1_128' title='bbox 1240 3633 1317 3696; x_wconf 89' lang='lat' dir='ltr'><strong>tituli</strong></span> <span class='ocrx_word' id='word_1_129' title='bbox 1339 3651 1414 3714; x_wconf 90' lang='lat' dir='ltr'><strong>prae</strong></span> <span class='ocrx_word' id='word_1_130' title='bbox 1435 3632 1560 3713; x_wconf 90' lang='lat' dir='ltr'><strong>reliquis</strong></span> <span class='ocrx_word' id='word_1_131' title='bbox 1583 3632 1687 3697; x_wconf 79' lang='lat' dir='ltr'><strong>sinitis</strong></span> <span class='ocrx_word' id='word_1_132' title='bbox 1709 3633 1767 3713; x_wconf 90' lang='lat' dir='ltr'><strong>sit,</strong></span> <span class='ocrx_word' id='word_1_133' title='bbox 1795 3641 1859 3696; x_wconf 84' lang='lat' dir='ltr'><strong>tum</strong></span> <span class='ocrx_word' id='word_1_134' title='bbox 1887 3636 1975 3716; x_wconf 84' lang='lat' dir='ltr'><strong>quod</strong></span> 
     </span>
     <span class='ocr_line' id='line_1_19' title="bbox 595 3730 1973 3816; baseline 0.003 -21"><span class='ocrx_word' id='word_1_135' title='bbox 595 3733 669 3795; x_wconf 89' lang='lat' dir='ltr'><strong>alias</strong></span> <span class='ocrx_word' id='word_1_136' title='bbox 692 3731 883 3811; x_wconf 82' lang='lat' dir='ltr'><strong>simplicitate</strong></span> <span class='ocrx_word' id='word_1_137' title='bbox 905 3737 1048 3810; x_wconf 86' lang='lat' dir='ltr'><strong>superet,</strong></span> <span class='ocrx_word' id='word_1_138' title='bbox 1079 3749 1157 3812; x_wconf 88' lang='lat' dir='ltr'><strong>quae</strong></span> <span class='ocrx_word' id='word_1_139' title='bbox 1186 3749 1246 3795; x_wconf 90' lang='lat' dir='ltr'><strong>non</strong></span> <span class='ocrx_word' id='word_1_140' title='bbox 1275 3732 1353 3795; x_wconf 81' lang='lat' dir='ltr'><strong>leuis</strong></span> <span class='ocrx_word' id='word_1_141' title='bbox 1376 3740 1424 3794; x_wconf 89' lang='lat' dir='ltr'><strong>est</strong></span> <span class='ocrx_word' id='word_1_142' title='bbox 1445 3732 1630 3812; x_wconf 77' lang='lat' dir='ltr'><strong>antiquitatis</strong></span> <span class='ocrx_word' id='word_1_143' title='bbox 1652 3737 1749 3796; x_wconf 88' lang='lat' dir='ltr'><strong>nota..</strong></span> <span class='ocrx_word' id='word_1_144' title='bbox 1780 3730 1849 3797; x_wconf 82' lang='lat' dir='ltr'><strong>cm</strong></span> <span class='ocrx_word' id='word_1_145' title='bbox 1873 3751 1973 3816; x_wconf 88' lang='lat' dir='ltr'><strong>porro</strong></span> 
     </span>
     <span class='ocr_line' id='line_1_20' title="bbox 594 3828 1972 3914; baseline 0.003 -21"><span class='ocrx_word' id='word_1_146' title='bbox 594 3832 682 3911; x_wconf 82' lang='lat' dir='ltr'><strong>Xysli</strong></span> <span class='ocrx_word' id='word_1_147' title='bbox 703 3830 835 3908; x_wconf 87' lang='lat' dir='ltr'><strong>nomine,</strong></span> <span class='ocrx_word' id='word_1_148' title='bbox 858 3828 1015 3892; x_wconf 86' lang='lat' dir='ltr'><strong>Jacobitae</strong></span> <span class='ocrx_word' id='word_1_149' title='bbox 1037 3828 1203 3912; x_wconf 85' lang='lat' dir='ltr'><strong>Liturgiam</strong></span> <span class='ocrx_word' id='word_1_150' title='bbox 1227 3831 1365 3908; x_wconf 84' lang='lat' dir='ltr'><strong>habeant,</strong></span> <span class='ocrx_word' id='word_1_151' title='bbox 1390 3849 1481 3894; x_wconf 88' lang='lat' dir='ltr'><strong>cansa</strong></span> <span class='ocrx_word' id='word_1_152' title='bbox 1503 3831 1562 3896; x_wconf 88' lang='lat' dir='ltr'><strong>alia</strong></span> <span class='ocrx_word' id='word_1_153' title='bbox 1583 3830 1636 3893; x_wconf 83' lang='lat' dir='ltr'><strong>vix</strong></span> <span class='ocrx_word' id='word_1_154' title='bbox 1649 3832 1795 3911; x_wconf 83' lang='lat' dir='ltr'><strong>occurrit,</strong></span> <span class='ocrx_word' id='word_1_155' title='bbox 1817 3847 1907 3914; x_wconf 80' lang='lat' dir='ltr'><strong>quam</strong></span> <span class='ocrx_word' id='word_1_156' title='bbox 1931 3851 1972 3897; x_wconf 84' lang='lat' dir='ltr'><strong>ea</strong></span> 
     </span>
     <span class='ocr_line' id='line_1_21' title="bbox 593 3927 1972 4013; baseline 0.004 -22"><span class='ocrx_word' id='word_1_157' title='bbox 593 3938 720 4010; x_wconf 86' lang='lat' dir='ltr'><strong>propter</strong></span> <span class='ocrx_word' id='word_1_158' title='bbox 743 3947 830 4009; x_wconf 91' lang='lat' dir='ltr'><strong>quam</strong></span> <span class='ocrx_word' id='word_1_159' title='bbox 849 3927 930 3991; x_wconf 85' lang='lat' dir='ltr'><strong>lulio</strong></span> <span class='ocrx_word' id='word_1_160' title='bbox 953 3930 1053 4010; x_wconf 86' lang='lat' dir='ltr'><strong>Papae</strong></span> <span class='ocrx_word' id='word_1_161' title='bbox 1076 3930 1163 3992; x_wconf 90' lang='lat' dir='ltr'><strong>aliam</strong></span> <span class='ocrx_word' id='word_1_162' title='bbox 1186 3930 1427 4011; x_wconf 88' lang='lat' dir='ltr'><strong>adscripserunt:</strong></span> <span class='ocrx_word' id='word_1_163' title='bbox 1449 3948 1559 4011; x_wconf 90' lang='lat' dir='ltr'><strong>nempe</strong></span> <span class='ocrx_word' id='word_1_164' title='bbox 1580 3930 1662 4012; x_wconf 91' lang='lat' dir='ltr'><strong>quod</strong></span> <span class='ocrx_word' id='word_1_165' title='bbox 1684 3931 1972 4013; x_wconf 69' lang='lat' dir='ltr'><strong>metentes-quss-</strong></span> 
     </span>
     <span class='ocr_line' id='line_1_22' title="bbox 595 4026 1972 4112; baseline 0.002 -22"><span class='ocrx_word' id='word_1_166' title='bbox 595 4029 662 4091; x_wconf 94' lang='lat' dir='ltr'><strong>dam</strong></span> <span class='ocrx_word' id='word_1_167' title='bbox 697 4047 737 4089; x_wconf 90' lang='lat' dir='ltr'><strong>ex</strong></span> <span class='ocrx_word' id='word_1_168' title='bbox 766 4026 1040 4109; x_wconf 80' lang='lat' dir='ltr'><strong>pseudepigrapnis</strong></span> <span class='ocrx_word' id='word_1_169' title='bbox 1062 4030 1279 4091; x_wconf 88' lang='lat' dir='ltr'><strong>transtulerunt</strong></span> <span class='ocrx_word' id='word_1_170' title='bbox 1306 4031 1336 4091; x_wconf 94' lang='lat' dir='ltr'><strong>in</strong></span> <span class='ocrx_word' id='word_1_171' title='bbox 1360 4029 1554 4093; x_wconf 89' lang='lat' dir='ltr'><strong>Collectanea</strong></span> <span class='ocrx_word' id='word_1_172' title='bbox 1577 4046 1650 4107; x_wconf 87' lang='lat' dir='ltr'><strong>sua,</strong></span> <span class='ocrx_word' id='word_1_173' title='bbox 1680 4048 1722 4094; x_wconf 91' lang='lat' dir='ltr'><strong>ex</strong></span> <span class='ocrx_word' id='word_1_174' title='bbox 1749 4030 1860 4112; x_wconf 78' lang='lat' dir='ltr'><strong>qnilttu</strong></span> <span class='ocrx_word' id='word_1_175' title='bbox 1881 4048 1972 4095; x_wconf 88' lang='lat' dir='ltr'><strong>com-</strong></span> 
     </span>
     <span class='ocr_line' id='line_1_23' title="bbox 594 4126 1971 4211; baseline 0.003 -22"><span class='ocrx_word' id='word_1_176' title='bbox 594 4126 698 4189; x_wconf 88' lang='lat' dir='ltr'><strong>modas</strong></span> <span class='ocrx_word' id='word_1_177' title='bbox 722 4127 835 4208; x_wconf 89' lang='lat' dir='ltr'><strong>aliquot</strong></span> <span class='ocrx_word' id='word_1_178' title='bbox 857 4128 920 4189; x_wconf 91' lang='lat' dir='ltr'><strong>suis</strong></span> <span class='ocrx_word' id='word_1_179' title='bbox 943 4128 1110 4204; x_wconf 87' lang='lat' dir='ltr'><strong>erroribus,</strong></span> <span class='ocrx_word' id='word_1_180' title='bbox 1135 4127 1374 4191; x_wconf 83' lang='lat' dir='ltr'><strong>maimadvertere</strong></span> <span class='ocrx_word' id='word_1_181' title='bbox 1396 4128 1453 4191; x_wconf 88' lang='lat' dir='ltr'><strong>sibi</strong></span> <span class='ocrx_word' id='word_1_182' title='bbox 1476 4130 1635 4193; x_wconf 88' lang='lat' dir='ltr'><strong>visisunt.</strong></span> <span class='ocrx_word' id='word_1_183' title='bbox 1680 4128 1767 4193; x_wconf 82' lang='lat' dir='ltr'><strong>Nulla</strong></span> <span class='ocrx_word' id='word_1_184' title='bbox 1790 4146 1866 4193; x_wconf 87' lang='lat' dir='ltr'><strong>sane</strong></span> <span class='ocrx_word' id='word_1_185' title='bbox 1887 4128 1971 4211; x_wconf 90' lang='lat' dir='ltr'><strong>apud</strong></span> 
     </span>
     <span class='ocr_line' id='line_1_24' title="bbox 594 4225 1971 4311; baseline 0.003 -23"><span class='ocrx_word' id='word_1_186' title='bbox 594 4228 667 4289; x_wconf 87' lang='lat' dir='ltr'><strong>alias</strong></span> <span class='ocrx_word' id='word_1_187' title='bbox 690 4225 843 4287; x_wconf 87' lang='lat' dir='ltr'><strong>Ecclesias</strong></span> <span class='ocrx_word' id='word_1_188' title='bbox 866 4227 1019 4306; x_wconf 89' lang='lat' dir='ltr'><strong>reperitur</strong></span> <span class='ocrx_word' id='word_1_189' title='bbox 1029 4226 1164 4307; x_wconf 79' lang='lat' dir='ltr'><strong>Liturgia</strong></span> <span class='ocrx_word' id='word_1_190' title='bbox 1185 4226 1273 4308; x_wconf 83' lang='lat' dir='ltr'><strong>Xysti</strong></span> <span class='ocrx_word' id='word_1_191' title='bbox 1295 4228 1426 4303; x_wconf 90' lang='lat' dir='ltr'><strong>nomine,</strong></span> <span class='ocrx_word' id='word_1_192' title='bbox 1450 4247 1490 4290; x_wconf 90' lang='lat' dir='ltr'><strong>ex</strong></span> <span class='ocrx_word' id='word_1_193' title='bbox 1511 4244 1570 4309; x_wconf 93' lang='lat' dir='ltr'><strong>qua</strong></span> <span class='ocrx_word' id='word_1_194' title='bbox 1593 4228 1722 4310; x_wconf 87' lang='lat' dir='ltr'><strong>exprimi</strong></span> <span class='ocrx_word' id='word_1_195' title='bbox 1742 4228 1800 4292; x_wconf 84' lang='lat' dir='ltr'><strong>ista</strong></span> <span class='ocrx_word' id='word_1_196' title='bbox 1821 4230 1971 4311; x_wconf 81' lang='lat' dir='ltr'><strong>potnerit,</strong></span> 
     </span>
     <span class='ocr_line' id='line_1_25' title="bbox 594 4323 1972 4408; baseline 0 -19"><span class='ocrx_word' id='word_1_197' title='bbox 594 4334 645 4389; x_wconf 91' lang='lat' dir='ltr'><strong>aut</strong></span> <span class='ocrx_word' id='word_1_198' title='bbox 667 4325 703 4387; x_wconf 92' lang='lat' dir='ltr'><strong>ad</strong></span> <span class='ocrx_word' id='word_1_199' title='bbox 728 4325 794 4406; x_wconf 87' lang='lat' dir='ltr'><strong>ejus</strong></span> <span class='ocrx_word' id='word_1_200' title='bbox 819 4323 945 4387; x_wconf 88' lang='lat' dir='ltr'><strong>sormam</strong></span> <span class='ocrx_word' id='word_1_201' title='bbox 967 4324 1075 4408; x_wconf 81' lang='lat' dir='ltr'><strong>silingi.</strong></span> <span class='ocrx_word' id='word_1_202' title='bbox 1120 4325 1168 4388; x_wconf 81' lang='lat' dir='ltr'><strong>Ad</strong></span> <span class='ocrx_word' id='word_1_203' title='bbox 1191 4326 1354 4389; x_wconf 88' lang='lat' dir='ltr'><strong>llaronitas</strong></span> <span class='ocrx_word' id='word_1_204' title='bbox 1385 4326 1540 4406; x_wconf 88' lang='lat' dir='ltr'><strong>pertinere</strong></span> <span class='ocrx_word' id='word_1_205' title='bbox 1569 4326 1739 4391; x_wconf 89' lang='lat' dir='ltr'><strong>nullatenus</strong></span> <span class='ocrx_word' id='word_1_206' title='bbox 1767 4325 1972 4391; x_wconf 74' lang='lat' dir='ltr'><strong>existimanda</strong></span> 
     </span>
     <span class='ocr_line' id='line_1_26' title="bbox 595 4424 1972 4506; baseline 0.001 -19"><span class='ocrx_word' id='word_1_207' title='bbox 595 4433 652 4500; x_wconf 87' lang='lat' dir='ltr'><strong>est,</strong></span> <span class='ocrx_word' id='word_1_208' title='bbox 676 4424 812 4504; x_wconf 88' lang='lat' dir='ltr'><strong>quamvis</strong></span> <span class='ocrx_word' id='word_1_209' title='bbox 835 4425 866 4485; x_wconf 94' lang='lat' dir='ltr'><strong>in</strong></span> <span class='ocrx_word' id='word_1_210' title='bbox 889 4424 1002 4504; x_wconf 87' lang='lat' dir='ltr'><strong>aliquot</strong></span> <span class='ocrx_word' id='word_1_211' title='bbox 1024 4424 1239 4489; x_wconf 86' lang='lat' dir='ltr'><strong>recentissimis</strong></span> <span class='ocrx_word' id='word_1_212' title='bbox 1266 4424 1490 4506; x_wconf 83' lang='lat' dir='ltr'><strong>exemplaribus</strong></span> <span class='ocrx_word' id='word_1_213' title='bbox 1511 4441 1623 4488; x_wconf 88' lang='lat' dir='ltr'><strong>nomen</strong></span> <span class='ocrx_word' id='word_1_214' title='bbox 1645 4426 1741 4490; x_wconf 87' lang='lat' dir='ltr'><strong>saneti</strong></span> <span class='ocrx_word' id='word_1_215' title='bbox 1761 4425 1896 4490; x_wconf 72' lang='lat' dir='ltr'><strong>amona</strong></span> <span class='ocrx_word' id='word_1_216' title='bbox 1920 4425 1972 4489; x_wconf 93' lang='lat' dir='ltr'><strong>le-</strong></span> 
     </span>
     <span class='ocr_line' id='line_1_27' title="bbox 593 4521 1972 4607; baseline 0.001 -22"><span class='ocrx_word' id='word_1_217' title='bbox 593 4531 685 4605; x_wconf 81' lang='lat' dir='ltr'><strong>gatur</strong></span> <span class='ocrx_word' id='word_1_218' title='bbox 707 4521 875 4604; x_wconf 89' lang='lat' dir='ltr'><strong>praecipuo</strong></span> <span class='ocrx_word' id='word_1_219' title='bbox 897 4523 927 4584; x_wconf 94' lang='lat' dir='ltr'><strong>in</strong></span> <span class='ocrx_word' id='word_1_220' title='bbox 949 4522 1105 4605; x_wconf 82' lang='lat' dir='ltr'><strong>Diptychis</strong></span> <span class='ocrx_word' id='word_1_221' title='bbox 1127 4523 1206 4601; x_wconf 88' lang='lat' dir='ltr'><strong>loco,</strong></span> <span class='ocrx_word' id='word_1_222' title='bbox 1229 4524 1372 4604; x_wconf 87' lang='lat' dir='ltr'><strong>adjuncto</strong></span> <span class='ocrx_word' id='word_1_223' title='bbox 1385 4522 1498 4607; x_wconf 80' lang='lat' dir='ltr'><strong>elogio,</strong></span> <span class='ocrx_word' id='word_1_224' title='bbox 1521 4524 1602 4604; x_wconf 94' lang='lat' dir='ltr'><strong>quod</strong></span> <span class='ocrx_word' id='word_1_225' title='bbox 1625 4524 1858 4590; x_wconf 74' lang='lat' dir='ltr'><strong>laudecenses</strong></span> <span class='ocrx_word' id='word_1_226' title='bbox 1879 4539 1972 4587; x_wconf 85' lang='lat' dir='ltr'><strong>eom-</strong></span> 
     </span>
     <span class='ocr_line' id='line_1_28' title="bbox 595 4620 1973 4706; baseline 0.002 -23"><span class='ocrx_word' id='word_1_227' title='bbox 595 4624 747 4704; x_wconf 89' lang='lat' dir='ltr'><strong>plectitur,</strong></span> <span class='ocrx_word' id='word_1_228' title='bbox 772 4629 940 4702; x_wconf 81' lang='lat' dir='ltr'><strong>perpetuae</strong></span> <span class='ocrx_word' id='word_1_229' title='bbox 963 4639 1029 4683; x_wconf 89' lang='lat' dir='ltr'><strong>cum</strong></span> <span class='ocrx_word' id='word_1_230' title='bbox 1052 4620 1185 4685; x_wconf 89' lang='lat' dir='ltr'><strong>Romana</strong></span> <span class='ocrx_word' id='word_1_231' title='bbox 1206 4622 1345 4685; x_wconf 84' lang='lat' dir='ltr'><strong>Ecclesia</strong></span> <span class='ocrx_word' id='word_1_232' title='bbox 1368 4624 1595 4704; x_wconf 86' lang='lat' dir='ltr'><strong>conjunctionis</strong></span> <span class='ocrx_word' id='word_1_233' title='bbox 1624 4622 1737 4686; x_wconf 83' lang='lat' dir='ltr'><strong>Addita-</strong></span> <span class='ocrx_word' id='word_1_234' title='bbox 1756 4624 1869 4706; x_wconf 81' lang='lat' dir='ltr'><strong>quippe</strong></span> <span class='ocrx_word' id='word_1_235' title='bbox 1889 4620 1973 4687; x_wconf 81' lang='lat' dir='ltr'><strong>haec</strong></span> 
     </span>
     <span class='ocr_line' id='line_1_29' title="bbox 595 4718 1973 4803; baseline 0.003 -21"><span class='ocrx_word' id='word_1_236' title='bbox 595 4720 690 4783; x_wconf 84' lang='lat' dir='ltr'><strong>luisse</strong></span> <span class='ocrx_word' id='word_1_237' title='bbox 714 4719 751 4782; x_wconf 92' lang='lat' dir='ltr'><strong>ab</strong></span> <span class='ocrx_word' id='word_1_238' title='bbox 775 4718 942 4783; x_wconf 89' lang='lat' dir='ltr'><strong>hominibus</strong></span> <span class='ocrx_word' id='word_1_239' title='bbox 964 4722 1081 4800; x_wconf 91' lang='lat' dir='ltr'><strong>patriae</strong></span> <span class='ocrx_word' id='word_1_240' title='bbox 1104 4737 1178 4783; x_wconf 91' lang='lat' dir='ltr'><strong>suae</strong></span> <span class='ocrx_word' id='word_1_241' title='bbox 1201 4722 1367 4783; x_wconf 89' lang='lat' dir='ltr'><strong>amantibus</strong></span> <span class='ocrx_word' id='word_1_242' title='bbox 1388 4721 1577 4785; x_wconf 82' lang='lat' dir='ltr'><strong>manifestum</strong></span> <span class='ocrx_word' id='word_1_243' title='bbox 1599 4730 1663 4784; x_wconf 89' lang='lat' dir='ltr'><strong>est:</strong></span> <span class='ocrx_word' id='word_1_244' title='bbox 1685 4731 1716 4785; x_wconf 84' lang='lat' dir='ltr'><strong>et</strong></span> <span class='ocrx_word' id='word_1_245' title='bbox 1726 4720 1844 4786; x_wconf 83' lang='lat' dir='ltr'><strong>Romae</strong></span> <span class='ocrx_word' id='word_1_246' title='bbox 1861 4739 1973 4803; x_wconf 68' lang='lat' dir='ltr'><strong>pwum</strong></span> 
     </span>
     <span class='ocr_line' id='line_1_30' title="bbox 594 4815 1972 4903; baseline 0.002 -22"><span class='ocrx_word' id='word_1_247' title='bbox 594 4819 723 4901; x_wconf 89' lang='lat' dir='ltr'><strong>probata</strong></span> <span class='ocrx_word' id='word_1_248' title='bbox 746 4818 878 4893; x_wconf 88' lang='lat' dir='ltr'><strong>luerunt,</strong></span> <span class='ocrx_word' id='word_1_249' title='bbox 901 4835 969 4879; x_wconf 88' lang='lat' dir='ltr'><strong>cum</strong></span> <span class='ocrx_word' id='word_1_250' title='bbox 991 4837 1031 4879; x_wconf 86' lang='lat' dir='ltr'><strong>ex</strong></span> <span class='ocrx_word' id='word_1_251' title='bbox 1053 4820 1121 4899; x_wconf 92' lang='lat' dir='ltr'><strong>ipso</strong></span> <span class='ocrx_word' id='word_1_252' title='bbox 1134 4817 1289 4902; x_wconf 84' lang='lat' dir='ltr'><strong>Litnrgiae</strong></span> <span class='ocrx_word' id='word_1_253' title='bbox 1313 4828 1460 4883; x_wconf 89' lang='lat' dir='ltr'><strong>contextu</strong></span> <span class='ocrx_word' id='word_1_254' title='bbox 1480 4821 1599 4883; x_wconf 81' lang='lat' dir='ltr'><strong>sublata</strong></span> <span class='ocrx_word' id='word_1_255' title='bbox 1621 4815 1743 4900; x_wconf 85' lang='lat' dir='ltr'><strong>luerint,</strong></span> <span class='ocrx_word' id='word_1_256' title='bbox 1766 4827 1798 4884; x_wconf 86' lang='lat' dir='ltr'><strong>ot</strong></span> <span class='ocrx_word' id='word_1_257' title='bbox 1818 4818 1972 4903; x_wconf 74' lang='lat' dir='ltr'><strong>praefatio</strong></span> 
     </span>
     <span class='ocr_line' id='line_1_31' title="bbox 595 4917 1973 5001; baseline 0.002 -22"><span class='ocrx_word' id='word_1_258' title='bbox 595 4917 701 4979; x_wconf 87' lang='lat' dir='ltr'><strong>Latine</strong></span> <span class='ocrx_word' id='word_1_259' title='bbox 724 4918 849 4998; x_wconf 90' lang='lat' dir='ltr'><strong>scripta,</strong></span> <span class='ocrx_word' id='word_1_260' title='bbox 873 4934 951 4998; x_wconf 84' lang='lat' dir='ltr'><strong>quae</strong></span> <span class='ocrx_word' id='word_1_261' title='bbox 972 4918 1105 4981; x_wconf 88' lang='lat' dir='ltr'><strong>llaronis</strong></span> <span class='ocrx_word' id='word_1_262' title='bbox 1127 4917 1264 4981; x_wconf 87' lang='lat' dir='ltr'><strong>laudibus</strong></span> <span class='ocrx_word' id='word_1_263' title='bbox 1280 4918 1400 4999; x_wconf 88' lang='lat' dir='ltr'><strong>plenior</strong></span> <span class='ocrx_word' id='word_1_264' title='bbox 1422 4925 1497 4997; x_wconf 87' lang='lat' dir='ltr'><strong>erat,</strong></span> <span class='ocrx_word' id='word_1_265' title='bbox 1521 4920 1635 4999; x_wconf 86' lang='lat' dir='ltr'><strong>pariter</strong></span> <span class='ocrx_word' id='word_1_266' title='bbox 1656 4926 1807 5001; x_wconf 84' lang='lat' dir='ltr'><strong>expuncta</strong></span> <span class='ocrx_word' id='word_1_267' title='bbox 1813 4937 1825 4996; x_wconf 89' lang='lat'>;</span> <span class='ocrx_word' id='word_1_268' title='bbox 1845 4933 1919 4981; x_wconf 75' lang='lat' dir='ltr'><strong>aaut</strong></span> <span class='ocrx_word' id='word_1_269' title='bbox 1939 4919 1973 4982; x_wconf 84' lang='lat' dir='ltr'><strong>ia</strong></span> 
     </span>
     <span class='ocr_line' id='line_1_32' title="bbox 596 5016 1974 5101; baseline 0.001 -22"><span class='ocrx_word' id='word_1_270' title='bbox 596 5018 785 5097; x_wconf 85' lang='lat' dir='ltr'><strong>paucissimis</strong></span> <span class='ocrx_word' id='word_1_271' title='bbox 809 5016 1032 5095; x_wconf 86' lang='lat' dir='ltr'><strong>exemplaribus</strong></span> <span class='ocrx_word' id='word_1_272' title='bbox 1055 5018 1215 5097; x_wconf 88' lang='lat' dir='ltr'><strong>reperitur.</strong></span> <span class='ocrx_word' id='word_1_273' title='bbox 1265 5016 1430 5081; x_wconf 88' lang='lat' dir='ltr'><strong>Enimvero</strong></span> <span class='ocrx_word' id='word_1_274' title='bbox 1453 5018 1480 5081; x_wconf 93' lang='lat' dir='ltr'><strong>si</strong></span> <span class='ocrx_word' id='word_1_275' title='bbox 1501 5017 1607 5099; x_wconf 88' lang='lat' dir='ltr'><strong>quales</strong></span> <span class='ocrx_word' id='word_1_276' title='bbox 1636 5019 1767 5101; x_wconf 85' lang='lat' dir='ltr'><strong>majores</strong></span> <span class='ocrx_word' id='word_1_277' title='bbox 1795 5033 1869 5081; x_wconf 77' lang='lat' dir='ltr'><strong>mos</strong></span> <span class='ocrx_word' id='word_1_278' title='bbox 1899 5016 1974 5081; x_wconf 80' lang='lat' dir='ltr'><strong>lla-</strong></span> 
     </span>
     <span class='ocr_line' id='line_1_33' title="bbox 593 5113 1974 5199; baseline 0.004 -24"><span class='ocrx_word' id='word_1_279' title='bbox 593 5116 712 5176; x_wconf 87' lang='lat' dir='ltr'><strong>ronitae</strong></span> <span class='ocrx_word' id='word_1_280' title='bbox 734 5114 923 5176; x_wconf 88' lang='lat' dir='ltr'><strong>recentiores</strong></span> <span class='ocrx_word' id='word_1_281' title='bbox 947 5113 1042 5178; x_wconf 87' lang='lat' dir='ltr'><strong>luisse</strong></span> <span class='ocrx_word' id='word_1_282' title='bbox 1055 5115 1170 5195; x_wconf 87' lang='lat' dir='ltr'><strong>volunt,</strong></span> <span class='ocrx_word' id='word_1_283' title='bbox 1192 5116 1269 5180; x_wconf 88' lang='lat' dir='ltr'><strong>tales</strong></span> <span class='ocrx_word' id='word_1_284' title='bbox 1286 5117 1469 5193; x_wconf 81' lang='lat' dir='ltr'><strong>extitissent,</strong></span> <span class='ocrx_word' id='word_1_285' title='bbox 1489 5118 1630 5199; x_wconf 90' lang='lat' dir='ltr'><strong>perpetui</strong></span> <span class='ocrx_word' id='word_1_286' title='bbox 1639 5119 1756 5183; x_wconf 89' lang='lat' dir='ltr'><strong>scilicet</strong></span> <span class='ocrx_word' id='word_1_287' title='bbox 1764 5116 1974 5181; x_wconf 69' lang='lat' dir='ltr'><strong>semitutum</strong></span> 
     </span>
     <span class='ocr_line' id='line_1_34' title="bbox 595 5212 1974 5298; baseline 0.007 -25"><span class='ocrx_word' id='word_1_288' title='bbox 595 5220 625 5273; x_wconf 94' lang='lat' dir='ltr'><strong>et</strong></span> <span class='ocrx_word' id='word_1_289' title='bbox 648 5213 895 5274; x_wconf 87' lang='lat' dir='ltr'><strong>Nestorianorum</strong></span> <span class='ocrx_word' id='word_1_290' title='bbox 922 5212 1168 5297; x_wconf 82' lang='lat' dir='ltr'><strong>impugnatores,</strong></span> <span class='ocrx_word' id='word_1_291' title='bbox 1198 5214 1474 5298; x_wconf 78' lang='lat' dir='ltr'><strong>orthodoxaequae</strong></span> <span class='ocrx_word' id='word_1_292' title='bbox 1503 5217 1574 5281; x_wconf 87' lang='lat' dir='ltr'><strong>fidei</strong></span> <span class='ocrx_word' id='word_1_293' title='bbox 1604 5216 1783 5281; x_wconf 81' lang='lat' dir='ltr'><strong>defensores</strong></span> <span class='ocrx_word' id='word_1_294' title='bbox 1811 5217 1974 5282; x_wconf 74' lang='lat' dir='ltr'><strong>aoerrtru:</strong></span> 
     </span>
    </p>
   </div>
   <div class='ocr_carea' id='block_1_6' title="bbox 0 0 2580 6534">
    <p class='ocr_par' dir='ltr' id='par_1_6' title="bbox 0 0 2580 6534">
     <span class='ocr_line' id='line_1_35' title="bbox 0 0 2580 6534; baseline 0 0"><span class='ocrx_word' id='word_1_295' title='bbox 0 0 2580 6534; x_wconf 95' lang='lat' dir='ltr'><strong> </strong></span> 
     </span>
    </p>
   </div>
  </div>
 </body>
</html>
