5150 6534
724 823 774 898 Vl
1150 831 1653 912 DISSERTATIO

761 1131 786 1206 s
828 1016 965 1088 Joannis
1006 1016 1247 1111 Evangelistae
1278 1019 1401 1092 ibidem
1440 1020 1545 1093 edita:
1591 1043 1677 1115 quae
1713 1031 1807 1095 extat
1840 1026 1875 1094 in
1909 1022 2091 1100 Codicibus

725 1132 760 1204 M
788 1132 813 1205 S

828 1248 1013 1320 Duodecim
1038 1247 1292 1344 Apostolorum:
1319 1246 1440 1320 ibidem
1466 1261 1500 1321 et
1524 1253 1558 1322 in
1584 1251 1827 1349 Manuscriptis.

829 1364 906 1435 Julii
932 1366 1046 1458 Papae
1072 1362 1214 1436 Romani
1240 1363 1328 1436 edita
1354 1375 1389 1437 et
1413 1368 1447 1436 in
1475 1366 1580 1439 Codd.
1606 1366 1849 1464 Manuscriptis.

828 1479 990 1551 Eustatbii
1015 1480 1213 1552 Antiocboni
1239 1484 1272 1552 in
1300 1481 1443 1552 editione
1470 1481 1634 1573 Romana,
1661 1489 1753 1555 etin
1779 1483 1878 1557 MSS.

720 1591 723 1596 ’
829 1594 864 1668 S.
891 1595 1031 1668 loannis
1059 1593 1291 1691 Chrysostomi
1318 1597 1496 1670 secundum
1529 1598 1714 1672 Romanam
1740 1601 1935 1691 editionem,
1971 1602 2090 1675 sedin

727 1710 905 1785 Codicibus
931 1711 1177 1807 Manuscriptis,
1202 1713 1342 1785 loannis
1369 1713 1487 1785 dicitur
1513 1714 1711 1809 simpliciter.

827 1828 904 1900 Alia
931 1832 1036 1899 sancti
1061 1828 1199 1900 loannis
1224 1832 1258 1899 in
1286 1828 1391 1902 Codd.
1418 1830 1660 1924 Manusoriptis.

826 1943 978 2015 Marutae
1002 1944 1237 2038 Metropolitae
1264 1944 1421 2034 Orientis,
1447 1949 1482 2016 in
1509 1945 1652 2017 editione
1679 1946 1775 2019 Rom.
1804 1958 1838 2018 et
1863 1950 1897 2019 in
1922 1946 2021 2019 MSS.

828 2058 944 2154 Cprilli
970 2061 1190 2133 Alexandrini
1216 2061 1317 2151 edita,
1343 2072 1377 2132 et
1402 2065 1436 2132 in
1463 2060 1567 2133 Codd.
1594 2060 1837 2157 Manuscriptis.

828 2174 975 2247 'lbomao
1002 2176 1235 2249 Heracleensis
1261 2176 1421 2272 Episcopi
1447 2176 1620 2249 Jacobitae
1646 2182 1680 2248 in
1705 2178 1950 2273 Manuscriptis.

826 2289 932 2365 MosIs
957 2290 1151 2388 Baroepbae
1178 2292 1327 2384 ejusdem
1355 2297 1410 2386 qui
1437 2293 1479 2364 de
1504 2291 1665 2366 Paradiso
1694 2298 1827 2388 scripsit
1852 2295 1940 2367 MS³.

826 2408 1008 2479 Doclomm
1035 2409 1232 2480 Sanctorum
1265 2432 1285 2479 a
1316 2408 1446 2480 loaone
1478 2409 1603 2501 Magno
1638 2410 1827 2482 Patriarcba
1862 2433 1909 2483 ex
1943 2410 2085 2485 diversis

723 2521 796 2594 aliis
824 2528 1028 2595 concinnata.
1081 2526 1118 2596 br
1146 2523 1251 2596 Codd.
1279 2522 1377 2596 MSS.

825 2637 999 2711 Philoxeni
1024 2640 1183 2736 Episcopi
1209 2639 1448 2733 Hierapolitani
1475 2642 1562 2714 MS³.

825 2753 946 2826 Severi
980 2754 1179 2828 Antiocheui
1211 2741 1255 2827 in‘
1278 2758 1383 2829 variis
1417 2756 1597 2830 Codicibus
1629 2756 1727 2830 MSS.
1765 2782 1902 2854 quorum
1937 2761 2085 2833 nonnulli

722 2868 897 2942 Timotheo
923 2871 1050 2945 Aeluro
1077 2871 1327 2945 Alexandrinae
1354 2873 1443 2947 sedis
1470 2876 1618 2946 invasori
1644 2897 1719 2947 eam
1745 2876 1930 2949 attribuunt.

824 2985 978 3059 Dioscori
1004 2988 1224 3062 Alexandrini
1250 2990 1284 3059 in
1310 2986 1408 3060 MSS.

826 3101 947 3173 Jacobi
973 3103 1129 3176 Baradati
1155 3102 1242 3175 MS&

822 3217 941 3290 Jacobi
967 3219 1170 3312 Sorugensis
1197 3229 1231 3291 et
1255 3220 1475 3294 Botnanensis
1501 3220 1660 3317 Episcopi
1686 3221 1774 3293 MSa.

823 3333 943 3407 tacobi
969 3335 1133 3407 Edesscni
1159 3337 1247 3407 Msr.

823 3454 961 3526 Joannis
987 3451 1199 3523 Patriarcbae
1225 3449 1401 3522 Acoemeti
1428 3449 1502 3520 dicti
1528 3449 1615 3522 MSa.

824 3570 962 3641 loannis
990 3571 1189 3659 cognomine
1216 3566 1273 3637 lilii
1299 3565 1433 3638 Maadni
1459 3566 1546 3638 MSt.
1666 3615 1669 3626 ·

824 3684 979 3777 Gregorii
1007 3682 1168 3755 Catholici
1196 3683 1353 3771 Orientis,
1379 3680 1588 3773 Abulfaragii
1613 3684 1700 3756 MSs.

823 3802 980 3873 Dioscori
1005 3799 1165 3895 Episcopi
1191 3797 1448 3893 Gordyaeorum
1473 3797 1561 3869 MSt.

823 3918 962 3989 loannis
988 3916 1147 4012 Episcopi
1173 3915 1372 3987 Basorensis
1398 3913 1485 3985 MSt.

822 4034 940 4123 ignatii
965 4031 1177 4105 Patriarcbae
1209 4028 1427 4120 Antiocheui,
1463 4034 1518 4124 qui
1549 4031 1643 4102 ahter
1670 4030 1853 4127 appellatus
1880 4043 1932 4104 est
1957 4034 2084 4131 loseph

719 4151 803 4221 lulius
831 4147 953 4220 Wabib
982 4148 1070 4219 MS³.

823 4264 994 4336 Michaelis
1027 4263 1241 4335 Patriarcbae
1276 4266 1476 4340 Antiocheui
1517 4264 1711 4355 Jacobitae,
1750 4266 1805 4358 qui
1843 4264 1980 4337 sedebat
2021 4266 2081 4340 sub

720 4383 818 4454 linem
845 4381 1028 4453 duodecimi
1055 4381 1179 4453 saeculi
1204 4381 1292 4453 MS⁸.
1536 4464 1539 4469 1

823 4497 967 4569 Malbaei
992 4498 1154 4586 Pastoris,
1179 4499 1213 4568 in
1239 4498 1384 4571 editione
1409 4499 1561 4570 Romana
1588 4508 1622 4569 et
1648 4500 1681 4568 in
1701 4494 1800 4568 MSS.

823 4614 963 4686 Joannis
991 4616 1161 4686 Barsusan
1187 4614 1287 4704 edita,
1315 4613 1376 4687 sed
1402 4615 1546 4686 nondum
1571 4623 1705 4708 reperta
1731 4616 1765 4685 in
1791 4612 1960 4686 codicibus
1986 4613 2083 4685 MSS.

720 4729 758 4800 ln
784 4729 893 4802 multis
920 4728 1166 4826 exemplaribus
1183 4729 1358 4802 Romanae
1384 4730 1551 4819 editionis,
1575 4737 1769 4801 transverso
1786 4728 1914 4801 calamo
1942 4729 2085 4800 deletum

722 4856 774 4917 est
799 4849 871 4938 ejus
897 4869 1031 4936 nomen,
1058 4849 1242 4917 eratenim
1269 4846 1325 4918 ille
1353 4849 1554 4920 certissimus
1581 4846 1776 4917 hacreticus.

823 4964 923 5058 Xysti
956 4964 1069 5057 Papae
1095 4962 1255 5053 Romani,
1296 4962 1401 5034 edita:
1428 4962 1488 5035 sed
1519 4966 1564 5033 ita
1596 4972 1633 5034 ut
1663 4986 1683 5034 a
1710 4960 1879 5034 codicibus
1906 4960 1986 5032 SS.
2013 4982 2080 5031 non

720 5076 840 5152 leviter
867 5079 1001 5151 dillerat

824 5195 1008 5267 Duodecim
1032 5193 1269 5289 Apostolorum
1297 5198 1430 5266 nomine
1457 5194 1522 5266 alia
1548 5216 1679 5289 quoque
1706 5195 1849 5265 occurrit
1878 5196 1913 5264 in
1940 5192 2081 5265 Codici-

702 5308 784 5386 -bus
810 5309 907 5383 MSS.
935 5333 1073 5406 quorum
1099 5310 1198 5407 aliqui
1224 5333 1299 5382 eam
1325 5310 1440 5384 Lucae
1466 5309 1703 5404 Evangelistae
1728 5308 1880 5382 tribuunt.
