5150 6534
591 805 693 882 384·
1096 809 1456 887 LITURGIA

692 995 854 1090 Populus.
908 996 1174 1087 Misericordiae,
1201 1006 1264 1069 etc.

691 1111 876 1186 Sacerdos.
932 1113 1063 1186 Caritas
1090 1112 1155 1184 Dei
1180 1112 1309 1203 Patris,
1337 1123 1400 1184 etc.

694 1228 854 1321 Populus.
908 1228 1051 1301 Etcum
1079 1231 1195 1324 spiritu
1221 1238 1290 1300 tuo.

693 1344 876 1416 Sacerdos.
931 1345 1069 1417 Sursum
1097 1344 1209 1417 corda.

695 1460 857 1553 Popotas.
910 1459 1080 1532 Habemus
1108 1461 1150 1532 ad
1175 1462 1361 1533 Dominum.

697 1576 881 1647 Sacerdos.
935 1574 1069 1648 Gratias
1097 1598 1235 1669 agamus
1262 1576 1348 1647 Deo.

696 1692 856 1785 Pop-abrs.
909 1693 1054 1783 Dignum
1081 1700 1114 1762 et
1136 1695 1260 1783 justum
1287 1702 1348 1763 est.

697 1805 871 1878 Sacerdos
904 1808 1094 1879 tacttnatas.
1148 1807 1291 1880 Domine
1325 1804 1467 1877 timende
1497 1808 1552 1900 qui
1577 1804 1776 1897 glorificaris
1802 1807 1838 1876 in
1866 1804 1966 1878 coelo

593 1927 685 1995 etin
713 1933 814 2011 terra,
843 1946 916 1994 cum
944 1923 1029 1994 Filio
1056 1932 1112 1995 tuo
1140 1926 1310 2014 unigenito
1338 1933 1371 1994 et
1398 1921 1522 2016 Spiritu
1549 1932 1675 1993 sancto.

695 2039 846 2109 Elecmm
871 2062 996 2109 nocem.
1051 2039 1182 2110 Mentes
1208 2036 1382 2133 perfectae
1409 2048 1442 2108 et
1469 2037 1604 2109 ordines
1632 2035 1835 2132 spirituales,
1862 2057 1965 2108 mun-

593 2155 702 2250 doque
729 2157 931 2249 superiores,
958 2157 991 2224 iu
1019 2163 1135 2226 sancto
1163 2165 1353 2226 sanctorum
1381 2163 1451 2241 tuo,
1478 2151 1682 2224 sanctificant
1701 2153 1845 2245 gloriam
1863 2159 1966 2241 mam,

594 2274 648 2365 qui
675 2273 885 2342 incessanter
911 2268 1109 2361 glorificant,
1136 2271 1291 2357 clamant,
1317 2265 1544 2341 vociferantur
1571 2277 1604 2338 et
1621 2268 1750 2341 dicunt.

695 2386 859 2478 Populus.
912 2386 1073 2476 SanctuS,
1100 2386 1261 2472 Sanctus,
1288 2386 1443 2457 Sanctus.

697 2501 872 2572 Sacerdos
887 2503 1077 2573 inclinatas.
1115 2503 1365 2575 Convenienter
1382 2501 1561 2574 secundum
1582 2498 1842 2572 misericordiam
1864 2509 1965 2587 tuam,

592 2620 684 2691 Deus
711 2616 823 2706 Pater,
850 2615 1024 2690 nobiscum
1050 2617 1262 2713 dispensasti,
1290 2626 1324 2688 et
1350 2619 1465 2688 misisti
1492 2614 1588 2689 nobis
1615 2619 1818 2708 unigenitum
1844 2614 1964 2687 Filium
2010 2617 2016 2624 “

592 2743 700 2822 tuum,
733 2735 787 2827 qui
814 2735 922 2804 unitus
950 2744 1003 2804 est
1028 2732 1124 2805 nobis
1152 2733 1333 2806 secundum
1360 2736 1488 2822 omnia,
1522 2741 1666 2828 excepto
1693 2743 1855 2827 peccato,
1884 2741 1966 2802 tan-

594 2872 691 2945 quam
720 2850 847 2922 scilicet
874 2849 915 2920 ad
943 2850 1095 2938 salutem,
1123 2861 1156 2921 et
1182 2853 1283 2920 vitam
1311 2860 1468 2921 nostram.

700 2966 850 3040 Elcaons
876 2989 1001 3036 ¹rocem
1052 2965 1144 3037 Vere
1171 2976 1206 3036 et
1231 2976 1324 3035 certe
1352 2968 1481 3060 accepit
1506 2964 1645 3038 formam
1673 2967 1776 3054 servi,
1802 2968 1899 3036 utin
1926 2986 1967 3035 ea

593 3082 785 3181 perficeret,
819 3105 905 3177 quae
930 3081 1040 3153 sutura
1068 3093 1163 3153 crant
1191 3081 1231 3153 ad
1260 3082 1416 3170 salutem,
1450 3084 1618 3176 vitamque
1651 3080 1748 3154 nobis
1780 3091 1965 3176 praestan-

593 3199 688 3284 dam,
719 3192 733 3230 ²
761 3198 903 3294 Accepit
928 3221 1049 3294 panem
1076 3208 1108 3268 ct
1134 3201 1260 3287 uinum,
1286 3198 1459 3269 benedixit
1483 3190 1516 3287 b,
1543 3197 1763 3270 sanctificavit
1787 3204 1821 3285 †,
1852 3195 1966 3288 fregit,

594 3321 614 3395 †
642 3312 795 3407 deditque
822 3314 996 3409 Apostolis
1025 3317 1093 3385 suis
1122 3312 1252 3384 dicens:
1280 3317 1432 3409 accipite,
1459 3317 1594 3402 utimini,
1626 3317 1729 3384 etita
1756 3311 1868 3385 facite.
1924 3311 1969 3384 Et

594 3453 669 3501 cum
695 3431 759 3501 hoc
787 3433 996 3526 acceperitiS,
1025 3430 1150 3500 credite
1170 3438 1204 3499 et
1224 3434 1306 3500 certi
1327 3439 1446 3518 estote,
1475 3430 1563 3524 quod
1582 3451 1704 3525 corpus
1724 3451 1832 3500 meum
1855 3429 1969 3518 editis,

595 3557 628 3617 et
668 3549 862 3638 sanguinem
898 3544 1007 3616 bibitis
1050 3549 1082 3615 in
1119 3549 1312 3617 memoriam
1351 3548 1465 3618 mortis
1501 3569 1598 3618 meae
1637 3545 1817 3632 iacientes,
1857 3544 1970 3616 donec

595 3664 736 3730 veniam.

700 3775 861 3867 Popatas.
917 3777 1033 3848 Mortis
1062 3788 1146 3847 tuae.

700 3890 884 3962 Sacerdos.
939 3891 1088 3962 Maxime
1115 3896 1213 3962 etiam
1251 3915 1338 3963 nunc
1380 3897 1571 3965 memoriam
1607 3898 1735 3985 agimus
1770 3913 1888 3961 coram
1925 3899 1972 3978 te,

597 4009 740 4078 omnium
768 3988 880 4079 earum
908 4030 1018 4079 rerum
1055 4031 1136 4103 quas
1171 4013 1275 4081 nostri
1309 4032 1410 4080 causa
1445 4013 1602 4102 gessisti,
1639 4033 1659 4081 0
1687 4005 1835 4079 Verbum
1861 4008 1973 4093 Deus,

597 4144 682 4218 quae
709 4146 729 4193 a
756 4125 925 4196 nativitate
954 4136 1008 4195 tua
1034 4133 1153 4216 gestae
1188 4136 1282 4196 sunt:
1319 4125 1478 4220 Baptismi
1515 4129 1579 4215 tui,
1615 4125 1798 4220 passioniS,
1837 4127 1974 4210 mortis,

597 4237 800 4333 sepulturae,
828 4242 1082 4311 resurrectionis
1109 4251 1206 4329 tuae,
1234 4251 1267 4311 et
1295 4243 1500 4314 ascensionis
1528 4245 1560 4313 in
1594 4241 1742 4327 coelum,
1775 4241 1973 4311 sessionis-

599 4376 663 4448 que
697 4354 738 4424 ad
765 4354 939 4426 dexteram
966 4359 1146 4448 majestatis
1172 4355 1237 4426 Dei
1262 4359 1388 4445 Patris,
1425 4358 1654 4453 adventusque
1688 4359 1733 4427 tui
1767 4354 1911 4427 secundi
1941 4367 1976 4428 et

598 4469 764 4542 terribilis.
807 4469 991 4564 Propterea
1017 4468 1171 4542 Ecclesia
1198 4481 1253 4542 tua
1280 4481 1314 4542 et
1339 4495 1427 4565 grex
1453 4485 1527 4546 tuus
1555 4473 1752 4568 deprecatur
1778 4481 1824 4559 te,
1853 4480 1889 4541 et
1912 4494 1978 4568 per

598 4597 631 4656 te
659 4596 693 4657 et
719 4596 827 4656 tecum
853 4587 984 4657 Patrem
1012 4596 1101 4657 tuum
1129 4585 1253 4658 dicens.

703 4702 864 4795 Populus.
918 4702 1091 4773 Miserere.

703 4817 886 4889 Sacerdos.
939 4818 1011 4889 Nos
1039 4840 1180 4912 quoque.

704 4933 863 5025 Populos.
917 4932 967 5003 Te
994 4930 1226 5024 glorificamus.

705 5048 891 5119 Diaconos.
947 5048 1054 5133 Quam
1081 5048 1224 5120 timenda
1251 5061 1303 5122 est
1329 5049 1412 5122 haec
1438 5050 1530 5123 hora.

705 5163 879 5235 Sacerdos
907 5163 1097 5233 inebriatus.
1149 5162 1296 5237 Gratiam
1323 5166 1465 5263 Spiritus
1492 5170 1556 5255 tui,
1590 5165 1684 5239 Deus
1710 5164 1831 5254 Pater,
1869 5170 1931 5261 qui
1960 5191 1981 5238 a

605 5288 636 5349 te
663 5278 824 5374 procedit,
852 5290 885 5349 et
912 5277 968 5351 tibi
995 5274 1284 5355 consubstantialis
1313 5294 1375 5374 est,
1402 5285 1638 5378 unigenitoque
1664 5282 1749 5355 Filio
1776 5291 1854 5374 tuo,
1883 5286 1983 5355 mitte
