5150 6534
735 834 817 910 XVI
1159 835 1664 916 otssttnrntto

737 1022 921 1096 cohitarum
947 1024 1020 1096 illas
1046 1023 1235 1117 liturgias,
1263 1018 1404 1098 Graecis
1430 1022 1625 1115 vulgaribus
1657 1019 1823 1095 verbatim
1857 1043 1927 1093 non
1957 1044 2108 1119 respon-

737 1137 840 1227 disse,
868 1138 958 1234 quod
982 1138 1124 1211 libenter
1150 1143 1381 1230 agnoscimus:
1413 1138 1513 1232 idque
1541 1136 1583 1209 de
1608 1137 1729 1209 Jacohi
1755 1144 1789 1208 et
1813 1136 1920 1208 Marci
1946 1135 2107 1232 Liturgiis

736 1252 877 1325 Graecis
903 1238 1095 1325 Balsamoni
1122 1257 1230 1325 visum
1258 1264 1311 1325 εει
1336 1252 1510 1342 sufficere,
1547 1251 1590 1324 ad
1625 1273 1685 1323 eas
1712 1250 1951 1346 explodendas
2003 1254 2108 1327 Atei

736 1371 809 1463 quis
840 1368 917 1439 inde
950 1368 1068 1440 confici
1102 1371 1270 1441 existimat
1302 1367 1530 1439 lacohitarum
1561 1365 1731 1457 Litargias
1766 1366 1928 1437 recedere
1957 1391 1977 1438 a
2004 1391 2105 1442 com-

734 1486 824 1554 muni
849 1482 1004 1556 Ecclesia
1030 1487 1120 1555 circa
1145 1481 1374 1555 Eucharistiae
1400 1481 1519 1571 fidem,
1552 1492 1586 1553 et
1616 1484 1688 1573 ejus
1715 1480 1964 1553 consecrandae
1998 1483 2106 1557 disei-

734 1597 878 1691 plinam,
912 1597 1169 1686 consuetudine,
1207 1618 1418 1691 magnopere
1443 1596 1566 1667 fallitur
1576 1622 1592 1667 ε,
1618 1595 1761 1668 ethaeo
1787 1596 1990 1669 calumniosa
2015 1621 2106 1671 con-

731 1713 861 1801 Jectura
888 1711 961 1783 aliis
989 1735 1085 1806 quam
1112 1714 1282 1808 Anonymi
1315 1714 1512 1784 testimoniis
1542 1709 1738 1795 stabilienda
1769 1710 1866 1783 foret
1916 1710 2003 1783 Nam
2029 1714 2106 1810 Sy-

733 1828 844 1897 riacas
870 1848 945 1896 eum
961 1826 1109 1917 vidisse,
1130 1835 1267 1898 nonest
1288 1826 1492 1916 verisimile,
1513 1847 1589 1896 cum
1612 1847 1659 1897 ax
1676 1824 1809 1917 vudgari
1830 1826 1996 1898 auditione
2014 1827 2104 1900 illum

732 1938 823 2033 loqui
844 1943 924 2012 satis
946 1941 1157 2033 intelligatur.
1189 1941 1270 2013 Inde
1291 1962 1376 2013 vero
1405 1943 1598 2013 existimare
1622 1944 1785 2035 quispiam
1811 1945 1933 2035 poterit
1952 1939 2103 2018 Graecas

734 2053 822 2146 apud
838 2054 1010 2128 Jaoohitas
1028 2056 1106 2128 olim
1122 2060 1275 2128 extitisse
1290 2053 1472 2148 liturgias,
1487 2065 1521 2126 ει
1534 2054 1568 2126 id
1580 2054 1697 2149 procul
1711 2054 1810 2127 dubio
1822 2055 1892 2127 luit.
1918 2056 2004 2127 Nam
2026 2068 2104 2137 ante
2226 2092 2231 2100 ·

731 2166 973 2242 Mahamedana
989 2181 1139 2265 tempora
1161 2174 1325 2243 maximas
1347 2172 1380 2240 irr
1396 2169 1527 2241 Graeca
1542 2168 1696 2241 Ecclesia
1714 2168 1828 2242 turbas
1846 2172 2104 2266 hlonophysitae

733 2285 979 2373 excitaverunt,
992 2296 1026 2358 ει
1040 2283 1283 2356 Antiochenam
1302 2282 1490 2357 Ecclesiam
1508 2306 1575 2356 non
1595 2285 1700 2359 semel
1721 2297 1981 2379 occupaverunt,
2003 2296 2103 2383 atque

731 2400 818 2469 inter
840 2397 971 2470 illorum
989 2399 1119 2472 Heroas
1134 2402 1334 2494 praecipuus
1347 2398 1509 2471 Severus.
1532 2399 1566 2470 ls
1582 2397 1744 2494 permulta
1762 2402 1907 2494 scripsit,
1922 2410 1956 2471 et
1972 2399 2104 2474 Graece

732 2512 874 2607 quidem,
888 2524 1048 2607 erantque
1063 2513 1265 2587 iaEcclesiis
1281 2521 1316 2584 ει
1327 2515 1360 2583 in
1371 2512 1553 2585 Coenohiis
1568 2523 1754 2586 sectatores
1771 2513 1858 2585 illius
1872 2519 2019 2588 maximo
2033 2539 2102 2588 nu-

730 2648 844 2717 mero,
871 2637 937 2697 tum
965 2628 1022 2698 illo
1049 2633 1247 2724 superstite,
1273 2637 1342 2699 tum
1367 2629 1582 2721 sequentihus
1608 2631 1763 2723 proxime
1789 2628 1942 2703 saecuhs.
1984 2631 2032 2703 At
2057 2632 2105 2704 illi

732 2739 864 2813 Graece
889 2764 988 2816 sacra
1014 2742 1200 2833 iaciebant,
1227 2742 1288 2815 sed
1314 2741 1484 2834 Litargias
1499 2765 1608 2816 novas
1627 2746 1876 2839 composuisse,
1903 2767 2002 2818 nemo
2016 2749 2103 2819 inter

728 2854 805 2927 illos
842 2861 896 2950 qui
930 2857 1173 2930 vehementiori
1215 2857 1291 2962 stilo
1325 2856 1490 2931 adversus
1528 2880 1589 2930 eos
1629 2869 1880 2953 pugnaverunt,
1919 2866 2102 2934 memoriae

728 2969 881 3064 prodidit.
933 2971 1119 3067 Utehantur
1145 2971 1273 3045 scilicet
1297 2971 1361 3045 illis
1380 2972 1474 3067 'quae
1509 2977 1674 3046 communi
1706 2997 1770 3046 usu
1802 2984 1959 3068 receptae
1993 2988 2099 3068 erant,

653 3086 655 3092 ’
728 3105 839 3178 neque
866 3086 908 3157 de
934 3087 998 3159 illis
1024 3089 1090 3160 ulla
1118 3099 1191 3160 erat
1217 3091 1466 3178 controversia,
1494 3088 1585 3183 quod
1611 3111 1657 3161 ex
1674 3090 1839 3183 Syrorum
1858 3089 2015 3185 exemplo
2033 3090 2100 3163 de-

728 3212 939 3274 monstratur.
991 3203 1041 3275 llli
1067 3207 1155 3276 enim
1181 3214 1217 3275 ut
1238 3206 1309 3295 jam
1345 3203 1465 3277 dictum
1500 3204 1561 3273 fuit
1592 3226 1666 3275 oum
1699 3206 1784 3274 inter
1817 3224 1897 3275 suos
1931 3216 2101 3299 receptam

726 3314 847 3388 Jacobi
871 3318 1054 3411 Litargiam
1081 3318 1261 3422 haherent,
1289 3341 1330 3390 ea
1364 3339 1497 3413 semper
1532 3317 1575 3389 ad
1607 3316 1692 3389 haec
1724 3339 1830 3411 usque
1863 3327 2017 3413 tempora
2048 3322 2102 3391 usi

728 3442 819 3521 sunt,
846 3455 985 3527 eamque
1011 3444 1048 3506 ut
1074 3430 1212 3504 aliarum
1237 3435 1429 3527 primarium
1455 3431 1630 3527 exemplar
1655 3442 1888 3504 servaverunt.
1934 3433 1983 3504 lta
2011 3455 2102 3527 quo-

729 3566 794 3637 quc
828 3546 991 3641 Aegyptii
1026 3546 1233 3637 Orthodoxi,
1274 3569 1349 3619 cum
1393 3546 1573 3620 secundum
1606 3545 1791 3639 Litargiam
1824 3546 2101 3638 Alexandrinam,

729 3682 816 3753 quae
848 3661 974 3734 idcirco
1008 3662 1114 3734 Marci
1141 3663 1306 3758 appellata
1341 3674 1412 3753 est,
1446 3684 1544 3735 sacra
1579 3661 1755 3751 facerent,
1789 3684 1864 3733 eam
1899 3663 2103 3733 retinuerunt

727 3797 789 3868 per
816 3798 921 3848 annos
947 3777 1122 3872 plusquam
1148 3787 1337 3867 trecentos,
1372 3778 1479 3850 donee
1507 3799 1582 3848 eam
1607 3777 1821 3850 Patriarohae
1856 3776 2100 3849 Constantino-

725 3891 862 3984 politani
890 3891 1118 3964 aboleverunt
1145 3891 1219 3963 Nec
1244 3892 1320 3965 illos
1347 3893 1507 3966 movebat
1532 3891 1759 3965 Jacohitarum
1786 3894 1905 3985 quiea
1924 3891 2100 3963 utebantur

726 4007 936 4101 exemplum,
961 4030 1070 4101 neque
1097 4010 1182 4079 enim
1216 4005 1258 4078 de
1289 4005 1519 4080 Eucharistiae
1550 4006 1615 4077 lide
1655 4016 1711 4078 aut
1743 4009 1816 4098 ejus
1850 4005 2101 4078 consecrandae

726 4118 897 4216 disciplina
924 4124 1156 4195 controversia
1182 4124 1268 4193 inter
1290 4121 1505 4195 Orthodoxos
1532 4132 1567 4192 ει
1593 4121 1790 4193 Haereticos
1818 4131 1902 4195 erat.
1954 4120 2099 4193 lacebi-

725 4244 781 4306 tae
816 4260 948 4331 quoque
981 4237 1128 4309 nonnulli
1163 4234 1296 4310 Graece
1330 4260 1427 4311 sacra
1465 4236 1636 4326 fecerunt,
1670 4236 1727 4307 uhi
1765 4234 1926 4330 Copticae
1964 4235 2098 4328 linguae

723 4371 804 4422 usus
831 4374 898 4423 non
925 4364 1016 4444 erat,
1043 4374 1159 4424 omnes
1186 4351 1305 4424 eadem
1330 4352 1448 4423 forma
1501 4350 1619 4423 Serius
1645 4352 1746 4442 igitur
1773 4352 1904 4421 omnino
1921 4350 2099 4424 Jacohitae

724 4464 804 4560 Syri
842 4466 995 4539 videntur
1026 4476 1076 4539 tot
1100 4472 1307 4540 recentiores
1338 4457 1508 4559 Litur'gias
1548 4463 1712 4555 edidisse,
1745 4487 1854 4559 neque
1891 4475 1967 4535 ante
2000 4488 2098 4559 quam

727 4579 859 4652 Graeca
877 4580 989 4673 lingua
1004 4585 1134 4676 penihrs
1157 4586 1191 4653 in
1214 4581 1324 4656 multis
1346 4583 1528 4678 provinciis
1549 4578 1787 4652 intercidisset:
1814 4602 1924 4673 neque
1942 4579 1976 4650 id
1997 4579 2097 4651 fece-

725 4704 801 4765 runt
836 4696 1017 4767 innovandi
1050 4696 1180 4786 studio,
1220 4720 1294 4769 cum
1331 4717 1539 4769 communem
1581 4694 1668 4789 apud
1703 4694 1920 4768 Orthodoxos
1956 4693 2099 4767 lormam

725 4829 842 4882 omnes
870 4816 1105 4905 exprimerent.

452 4939 546 4992 norm·
572 4944 713 4994 commune
828 4926 981 4998 XXVlll.
1034 4924 1079 4998 Ut
1103 4924 1193 4997 illam
1219 4930 1334 5019 paucis
1359 4934 1670 5021 repraesentemus,
1706 4922 1956 4997 observandum
1988 4925 2095 5016 primo

401 5023 581 5094 liturgiarum.

725 5050 778 5111 est
803 5038 988 5132 Litargiam
1013 5040 1209 5135 Syriacam,
1241 5050 1278 5111 ut
1303 5041 1449 5135 reliquas
1482 5060 1597 5112 omnes
1635 5038 1823 5111 Orientales
1857 5045 1902 5108 et·
1922 5033 2096 5107 Occiden-

723 5152 809 5225 tales
845 5154 971 5227 duabus
1011 5152 1160 5250 partibus
1196 5166 1372 5244 constare;
1407 5176 1545 5249 quarum
1589 5156 1695 5248 prima
1737 5152 1989 5246 praeparatoria
2031 5158 2095 5237 est,

725 5266 830 5340 altera
858 5289 943 5361 quae
972 5266 1101 5341 Canoni
1127 5277 1245 5344 nostro
1270 5268 1470 5365 respondet,
1495 5270 1632 5365 proprie
1665 5265 1861 5358 Aaophora
1895 5262 2094 5359 appellatur,
