5150 6534
912 832 1047 908 arsnn
1073 829 1128 906 ux·
1147 831 1330 911 uastam
1356 833 1532 910 nourr
1557 834 1672 911 unsn.
1896 834 1971 910 sao
2003 936 2005 938 .

706 1016 891 1090 Saomdos.
943 1016 988 1089 Et
1012 1038 1074 1090 nos
1108 1019 1221 1089 miseri
1252 1028 1452 1116 peccatores
1488 1023 1661 1094 consecuti
1692 1023 1833 1115 gratiam
1869 1032 1971 1114 tuam,

603 1135 731 1225 gratias
758 1137 886 1226 agimus
913 1131 972 1205 tihi
998 1132 1040 1204 de
1067 1132 1217 1206 omnibns
1244 1145 1280 1207 et
1304 1157 1367 1230 pro
1394 1135 1557 1208 omnibus.

707 1250 870 1343 Populus.
922 1249 973 1322 Te
999 1247 1188 1339 laudamus,
1214 1248 1273 1323 tibi
1299 1249 1542 1338 benedicimus,
1578 1263 1612 1324 te
1638 1251 1835 1344 adoramus,
1862 1253 1971 1329 obse-

604 1387 803 1461 cramusque
829 1366 972 1438 Domine
998 1364 1105 1455 Deus,
1131 1376 1166 1436 ut
1190 1389 1311 1461 parcas
1337 1366 1434 1439 nobis
1462 1369 1718 1462 miserearisque
1744 1371 1860 1441 nostri.

706 1481 894 1553 Diaconas.
949 1480 1055 1565 Quam
1082 1480 1275 1554 veneranda
1302 1493 1354 1555 est
1379 1481 1462 1554 bora
1489 1485 1571 1573 ista,
1591 1491 1637 1590 ¹et
1667 1482 1732 1556 boo
1758 1492 1885 1581 tempus
1913 1485 1970 1556 di-

602 1595 786 1688 lectissimi,
813 1621 887 1669 cum
920 1599 1062 1692 Spiritus
1089 1600 1189 1670 vivus
1217 1607 1250 1668 et
1276 1608 1409 1671 sanctus
1437 1621 1457 1669 e
1484 1601 1648 1695 supremis
1675 1600 1846 1673 coelorum
1873 1600 1969 1673 sedi-

602 1709 664 1785 bus
692 1712 873 1801 descendit,
901 1723 999 1808 atque
1024 1711 1170 1804 incubat,
1197 1726 1374 1809 manetque
1396 1735 1498 1810 super
1517 1713 1603 1786 hanc
1622 1713 1862 1788 Eucharistiam
1881 1740 1969 1813 pro-

602 1833 757 1926 positam,
785 1852 926 1925 eamque
951 1840 1136 1902 consecrat.
1189 1831 1306 1903 Tacite
1332 1831 1431 1923 igitur
1457 1840 1490 1902 et
1516 1842 1713 1905 reverenter
1740 1842 1844 1902 orate.

808 2207 984 2279 Sacerdos
1008 2207 1200 2279 inclinatas.
1253 2209 1433 2280 invocatio
1459 2208 1612 2302 Spiritus
1636 2212 1757 2281 sancti.

705 2409 890 2506 Propterea
916 2411 1059 2482 Domine
1086 2422 1120 2482 et
1145 2433 1209 2482 nos
1229 2412 1342 2482 miseri
1365 2420 1398 2482 et
1418 2412 1586 2507 peregrini
1605 2420 1703 2506 atque
1726 2409 1857 2484 inutiles
1876 2414 1971 2485 servi

602 2529 665 2617 tui,
700 2548 783 2622 quos
811 2526 963 2619 dignatus
991 2549 1028 2599 es
1058 2527 1267 2599 administros
1295 2548 1372 2598 esse
1399 2536 1689 2600 sacrosanctorum
1722 2529 1970 2623 mysteriorum,

602 2643 861 2737 passionumque
887 2632 1009 2715 Christi
1035 2647 1094 2734 tui,
1120 2666 1187 2715 non
1213 2643 1344 2738 quidem
1371 2654 1510 2739 propter
1531 2646 1689 2735 justitiam
1716 2652 1883 2716 nostram:
1911 2645 1969 2714 ni-

601 2756 644 2830 bil
678 2762 765 2829 enim
795 2758 875 2831 boni
910 2762 1039 2851 egimus
1073 2783 1173 2855 super
1206 2769 1346 2848 terram,
1372 2759 1433 2831 sed
1459 2782 1521 2855 per
1545 2758 1804 2832 misericordiam
1834 2770 1868 2832 et
1893 2757 1969 2831 cle-

604 2876 758 2946 mentiam
786 2883 887 2963 tuam,
914 2898 997 2969 quas
1026 2876 1146 2948 allatim
1173 2873 1313 2948 effudisti
1340 2898 1440 2971 super
1466 2897 1541 2964 noe,
1569 2897 1641 2946 cum
1668 2874 1787 2947 fiducia
1809 2880 1877 2969 jam
1905 2900 1970 2947 ac-

602 2988 767 3075 cedimus,
798 2999 834 3062 ut
860 2995 1090 3084 contingamus
1118 2990 1222 3062 altare
1247 3001 1336 3063 tuum
1365 3001 1522 3064 sanctum.
1575 2989 1619 3062 Et
1652 2994 1707 3086 qui
1733 2994 1968 3087 proposuimus

602 3116 718 3203 typum
743 3108 896 3201 corporis
924 3118 956 3178 et
983 3110 1153 3200 sanguinis
1180 3106 1302 3179 Christi
1330 3111 1393 3197 tui3
1430 3105 1606 3179 adoramus
1643 3130 1684 3178 ac
1711 3105 1877 3202 supplices
1903 3129 1969 3178 ro-

601 3242 719 3315 gamus
746 3230 796 3309 te,
823 3246 884 3319 per
909 3222 1064 3294 honitatis
1092 3231 1168 3293 tuae
1195 3221 1452 3315 benignitatem:
1479 3224 1594 3293 veniat
1620 3232 1759 3309 sanctus·
1781 3232 1855 3295 tuus
1882 3222 1968 3318 Spi-

600 3340 683 3409 ritus
710 3360 917 3434 supernae,
945 3347 978 3408 et
1004 3337 1215 3434 superhaec
1242 3362 1329 3433 quaa
1356 3340 1588 3435 proposuimus
1616 3338 1719 3427 dona,
1747 3362 1788 3410 ac
1815 3336 1968 3410 sanctifi-

605 3463 660 3525 cet
684 3456 777 3549 ipsa,
804 3454 1004 3547 sublataque
1030 3475 1115 3523 ooce
1140 3452 1283 3525 Domine
1310 3456 1522 3527 exaudime.

708 3569 868 3663 Populus.
921 3568 1027 3665 Kyrie
1056 3569 1194 3641 eleison.

706 3685 890 3758 Sacerdos.
943 3683 987 3755 Et
1013 3684 1133 3757 elliciat
1158 3708 1279 3781 panem
1311 3686 1426 3775 istum,
1460 3707 1581 3781 corpus
1618 3686 1799 3778 gloriosum
1835 3685 1970 3760 Domini

602 3785 718 3874 nostri
733 3802 816 3873 lesu
843 3800 987 3890 Christi,
1019 3823 1141 3896 corpus
1169 3802 1335 3889 coeleste,
1367 3823 1489 3896 corpus
1524 3804 1615 3873 vitae
1647 3802 1810 3890 efficiens,
1845 3825 1969 3900 corpus

600 3918 795 4012 pretiosum,
821 3920 853 3986 in
882 3919 1105 4011 expiationem
1133 3915 1303 4013 culparum
1330 3926 1363 3988 et
1388 3918 1620 3990 remissionem
1645 3927 1878 4014 peccatorum,
1907 3923 1967 3990 vi-

600 4038 732 4128 tamque
759 4040 929 4104 aeternam
955 4022 996 4104 iis
1024 4035 1078 4127 qui
1106 4035 1278 4127 accipiunt.

703 4148 865 4242 Populus.
918 4148 1039 4221 Amen.

705 4262 889 4335 Sacerdos.
941 4264 985 4336 Et
1010 4263 1146 4337 calicem
1173 4263 1274 4352 bunc,
1310 4268 1504 4357 sanguinem
1536 4268 1718 4361 pretiosum
1744 4264 1877 4337 Domini
1902 4265 1967 4336 Dei

601 4383 772 4473 regnantis
800 4404 902 4476 snper
928 4385 1039 4454 omnia
1064 4380 1150 4451 lesu
1174 4377 1315 4471 Christi,
1342 4384 1537 4471 sanguinem
1563 4380 1794 4470 redimentem,
1823 4381 1967 4473 sangui-
2013 4471 2015 4474 Υ

599 4516 677 4567 nem
703 4498 792 4568 vitae
819 4497 1024 4586 efficientem,
1051 4496 1246 4587 sanguinem
1273 4498 1474 4591 expiantem,
1500 4499 1556 4591 qui
1573 4497 1695 4569 ellusus
1715 4505 1767 4568 est
1791 4518 1853 4592 pro
1881 4494 1966 4566 red-

603 4614 770 4709 emptione
804 4623 838 4684 et
870 4616 939 4683 vita
973 4611 1101 4699 mundi,
1140 4615 1174 4682 in
1209 4614 1432 4707 expiationem
1467 4611 1636 4707 culparum
1671 4623 1705 4685 et
1738 4613 1966 4684 remissionem

600 4739 828 4824 peecatorum,
855 4731 1023 4822 vitamque
1050 4738 1220 4798 aeternam
1245 4729 1285 4800 iis
1312 4729 1367 4821 (pri
1394 4730 1565 4824 accipiunt

704 4844 866 4937 Populus.
918 4846 1037 4918 Arnen.

704 4959 888 5032 Sacerdos.
922 4960 994 5033 Nos
1022 4968 1129 5031 autem
1158 4962 1213 5054 qui
1239 4957 1282 5030 de
1308 4982 1374 5031 uno
1401 4982 1489 5055 pane
1514 4961 1622 5051 vitae,
1645 4971 1679 5031 et
1704 4958 1809 5032 calice
1826 4957 1965 5031 redem-

603 5078 726 5173 ptionis
753 5079 959 5173 accepimus,
987 5098 1051 5171 qno
1078 5079 1164 5147 inter
1189 5097 1253 5148 nos
1280 5074 1478 5168 adunemur,
1506 5075 1644 5169 dignare
1670 5078 1966 5148 communicatione

604 5189 746 5288 Spiritus
774 5196 895 5265 sancti:
922 5214 1031 5288 neque
1058 5202 1206 5263 nostrum
1233 5193 1406 5287 quisquam
1432 5194 1465 5262 in
1491 5191 1797 5264 condemnationem
1819 5195 1870 5265 sui
1889 5190 1966 5264 edat

604 5319 659 5381 aut
684 5306 793 5400 bibat,
825 5318 962 5405 propter
993 5306 1227 5382 multitudinem
1252 5317 1467 5406 peccatorum
1492 5317 1697 5396 nostrorum3
1733 5305 1794 5380 sed
1828 5308 1965 5380 miseri-

1670 5421 1718 5496 72
1739 5421 1759 5458 ⁴*
