5150 6534
595 829 671 904 ιιι
909 824 1591 935 ¹onsnsvun1onns

593 1012 774 1093 pronunciat
794 1010 909 1091 abnuet
930 1010 1086 1073 eradonas
1107 1010 1351 1091 praeparator’ns
1373 1008 1413 1071 ad
1434 1010 1683 1076 comunionem.
1726 1008 1970 1094 laAagyptiaao

594 1112 654 1174 ritu
675 1109 827 1175 Sacerdos
848 1106 1010 1172 celebrans
1031 1108 1101 1171 loco
1123 1125 1184 1172 nou
1204 1127 1241 1171 se
1262 1115 1364 1171 moret
1369 1129 1381 1184 ;
1403 1107 1474 1170 dun
1494 1108 1602 1173 amno
1622 1110 1790 1172 meum
1809 1110 1970 1176 ordiom

593 1217 716 1274 secreto
737 1209 855 1272 recitet.
881 1206 968 1280 ome
988 1214 1088 1270 amon
1109 1206 1256 1289 particula
1277 1218 1377 1276 tr'tm
1398 1208 1467 1269 sire
1487 1219 1613 1277 rmum
1635 1208 1790 1271 Gnaeo
1810 1207 1879 1270 sire
1899 1209 1971 1272 Ga-

595 1317 715 1370 murm
736 1314 877 1378 vocatur:
900 1322 937 1366 ea
959 1311 1007 1367 est
1027 1324 1117 1385 quarn
1138 1304 1340 1368 Alexandrini
1354 1305 1465 1369 Gracci
1480 1293 1675 1386 Σιωυδικόν,
1697 1305 1758 1370 boc
1777 1304 1971 1370 aldcam-

594 1394 684 1470 ιικόν
703 1406 814 1488 supple
834 1401 932 1482 σῶμα
951 1403 1085 1467 Arabico
1105 1403 1275 1467 sorbentes
1298 1404 1478 1479 ladodicorr,
1506 1405 1557 1468 vel
1584 1404 1748 1468 labodicos
1768 1413 1899 1482 rocam,
1927 1404 1971 1469 da

596 1504 903 1586 duavocesnperios
913 1501 1059 1565 diximus:
1080 1501 1263 1583 Nequenua
1283 1502 1350 1565 sola
1372 1504 1468 1585 major
1489 1522 1565 1585 prae
1587 1503 1665 1580 aliis,
1686 1502 1973 1585 qnoecbrabalur,

597 1610 629 1667 et
649 1604 763 1684 populo
783 1601 937 1666 adoranda
959 1600 1186 1676 ostendebatur,
1207 1620 1248 1663 ex
1270 1620 1330 1682 qna
1351 1602 1440 1663 etiam
1456 1601 1535 1664 calix
1549 1602 1737 1683 signabatur,
1759 1598 1973 1683 nandoque.

596 1700 845 1779 conmunicabat,
867 1699 923 1761 sed
945 1698 1022 1761 aliae
1043 1701 1189 1762 minores:
1211 1701 1252 1761 ita
1274 1708 1434 1775 rocantm,
1456 1718 1525 1762 nam
1545 1700 1627 1762 illam
1647 1716 1756 1761 rocem
1774 1698 1886 1780 ptmali
1906 1716 1973 1762 ιι·-

596 1820 683 1864 mero
704 1799 824 1864 Arabes
846 1806 1004 1878 usurpant,
1028 1806 1060 1860 ιι
1081 1797 1140 1860 boc
1161 1797 1231 1860 loco
1253 1798 1324 1879 Syn'
1344 1798 1480 1862 alteram.

682 1900 760 1961 Dum
789 1897 988 1968 communicat
1017 1896 1168 1960 Sacerdos
1196 1896 1268 1959 dicit
1297 1899 1483 1972 orationem,
1512 1914 1602 1977 quam
1631 1913 1738 1973 nemo,
1765 1896 1824 1959 nisi
1850 1895 1974 1966 rcthus

597 1999 874 2062 lransmutationem
901 1994 1026 2058 firmiter
1055 1995 1174 2071 credat,
1202 1997 1301 2075 possit
1329 1996 1542 2076 pronunciare.
1586 1994 1622 2057 ln
1647 1995 1776 2057 sumtis
1802 1993 1972 2060 Codicibu

596 2115 658 2159 uon
668 2096 863 2177 reperiuntur
875 2095 1029 2157 orationes
1043 2093 1167 2169 similes,
1189 2092 1271 2174 quod
1292 2094 1331 2156 ad
1353 2093 1505 2175 publicum
1528 2096 1636 2172 miuus,
1658 2112 1747 2175 quan
1769 2091 1972 2175 sopiantu-

596 2195 770 2259 Sacerdotis
798 2193 940 2275 mysteria
968 2194 1019 2274 pie
1048 2193 1240 2272 suscipientis
1263 2192 1397 2255 Odicium
1424 2194 1613 2274 pertineant:
1641 2211 1743 2275 neque
1770 2194 1849 2257 euim
1877 2191 1977 2258 alitur

596 2313 685 2375 qnam
693 2295 832 2375 privatim
845 2294 1020 2369 recitantur,
1036 2299 1068 2354 et
1081 2292 1190 2355 casola
1198 2293 1315 2358 ratione
1324 2293 1354 2354 in
1362 2294 1430 2374 ipsa
1436 2310 1525 2354 sacra
1533 2293 1653 2355 actione
1660 2294 1759 2356 locum
1767 2308 1829 2355 nou
1843 2289 1975 2366 habeut„

596 2394 667 2456 utin
679 2393 803 2455 Graecis
813 2391 965 2475 biturgiis‚
981 2390 1153 2454 autLatinis
1166 2390 1349 2470 missalibus,
1371 2411 1429 2454 nac
1451 2392 1566 2454 idcirco
1588 2394 1666 2472 perit
1676 2392 1795 2455 illarmu
1809 2391 1973 2456 autentu.

595 2492 670 2555 Nam
692 2495 723 2554 iu
744 2490 836 2554 Libro
857 2491 1014 2553 llinisterii
1035 2490 1191 2553 Diacouici
1214 2491 1360 2571 Syrorum
1380 2490 1596 2569 lacebitarum,
1617 2499 1649 2553 et
1671 2493 1702 2554 iu
1717 2486 1973 2554 Nestoriauor'um

597 2591 708 2654 Officiis
734 2597 766 2652 nt
795 2590 827 2651 in
855 2607 894 2653 co
920 2589 1002 2671 quod
1029 2589 1139 2652 Gracci
1166 2597 1277 2651 vocant
1305 2580 1522 2652 Ἀκολουθίαν
1547 2587 1609 2674 τῆς
1629 2577 1727 2671 cirico
1745 2573 1976 2672 μετιλὴψιως

595 2689 698 2752 iliaco
719 2688 1066 2751 oocrocComoumiom'r
1087 2695 1117 2749 et
1139 2688 1252 2768 passim
1274 2687 1356 2765 alibi,
1379 2688 1456 2750 tates
1479 2689 1634 2751 orationes
1655 2695 1830 2750 occurrunt
1857 2686 1974 2752 uicem

595 2788 726 2852 tortasse
748 2786 898 2851 nonnulli:
918 2789 1107 2849 recentiores
1129 2804 1198 2848 cum
1219 2788 1295 2862 siut,
1322 2788 1513 2850 autoritatem
1534 2786 1651 2849 illarum
1672 2775 1893 2863 nuum‘cssa,
1914 2785 1975 2852 rel

595 2887 792 2951 mediocrem:
814 2894 847 2970 at
868 2886 958 2947 etiam
979 2886 1006 2948 si
1028 2886 1069 2947 ita
1090 2884 1181 2960 foret,
1204 2886 1311 2948 saltem
1332 2886 1410 2964 illas,
1433 2885 1640 2948 Ecclesiamm
1654 2885 1735 2966 apud
1756 2903 1834 2966 quas
1854 2886 1887 2948 in
1908 2902 1974 2950 usu

594 2985 728 3064 luerunt,
755 2992 884 3065 suntque
906 2986 1077 3063 etiamnum,
1098 2985 1187 3047 tidem
1209 2993 1446 3066 repraesentare
1467 2985 1575 3068 negari
1596 3000 1659 3046 nou
1680 2991 1803 3067 posset,
1824 2982 1907 3065 quod
1930 2983 1974 3052 nd

596 3084 714 3148 Claudii
741 3083 941 3147 divinationes
969 3081 1151 3146 refellendas
1180 3082 1300 3145 abunde
1327 3083 1443 3146 sudlcit.
1489 3083 1550 3147 Sed
1577 3083 1697 3146 novitas
1718 3081 1770 3146 illa
1790 3089 1975 3161 sexcentos,

593 3191 627 3245 ut
654 3184 819 3261 minimum,
848 3200 945 3245 annos
971 3191 1113 3263 superat:
1141 3201 1209 3245 cum
1239 3183 1318 3245 inter
1346 3201 1456 3264 preces
1478 3182 1548 3245 illas
1575 3200 1635 3244 una
1656 3183 1697 3245 sit
1717 3199 1795 3262 quae
1818 3179 1972 3264 Dionysio

593 3281 740 3345 barsalibi
769 3283 924 3359 tn'bnitur3
954 3282 1078 3345 visebat
1107 3290 1206 3346 antem
1232 3281 1284 3344 illc
1314 3299 1381 3343 cum
1408 3282 1517 3343 Franci
1539 3281 1756 3362 Hierosolymis
1781 3279 1972 3363 reprobant3

594 3389 625 3444 et
646 3382 725 3444 illim
747 3384 854 3444 aetatis
869 3381 1106 3462 comparatione,
1129 3398 1234 3444 onrnes
1255 3380 1498 3444 Reformatorum
1520 3380 1657 3442 doctrina
1678 3387 1711 3442 et
1732 3378 1889 3460 disciplina
1911 3398 1973 3444 re-

595 3481 785 3543 centissimae
807 3488 885 3543 suut.
915 3479 989 3541 Eam
1011 3497 1133 3559 quoqne
1155 3481 1324 3560 reperimus
1345 3480 1376 3540 in
1399 3480 1492 3541 vanis
1514 3479 1671 3541 codicibus
1693 3478 1877 3559 adscriptam
1896 3493 1973 3542 cun

599 3579 714 3641 autoris
737 3578 853 3660 elogio,
875 3577 955 3640 unde
978 3578 1115 3640 omnibns
1136 3578 1293 3657 probolam
1314 3576 1394 3639 illam
1417 3577 1512 3640 luisse
1533 3583 1662 3641 constal.
1694 3576 1830 3640 Alteram
1841 3575 1974 3640 inseruit

594 3677 652 3757 ipsi
674 3675 828 3759 liturgiae
849 3675 1016 3738 Dioscorus
1039 3674 1267 3756 Gordyaeorum
1288 3675 1471 3757 Episcopus,
1494 3694 1591 3757 aeque
1610 3674 1837 3757 significantem
1857 3673 1971 3756 Neque

593 3773 671 3837 baec
693 3793 711 3835 a
731 3773 845 3837 Latinis
868 3775 1008 3855 accipere
1028 3773 1184 3837 lacobitae
1207 3774 1276 3856 Syri
1298 3783 1478 3855 potuerunt,
1505 3775 1625 3856 quando
1652 3774 1773 3856 quidem
1793 3773 1871 3838 tales
1891 3792 1971 3839 ora-

594 3876 694 3938 tiones
716 3891 776 3936 non
798 3872 958 3949 habemus,
981 3890 1039 3935 uec
1062 3871 1121 3936 ullu
1143 3872 1223 3936 inter
1245 3875 1315 3937 illos
1338 3883 1369 3936 et
1391 3883 1514 3937 nostros
1536 3864 1672 3936 homines
1698 3872 1757 3935 illis
1779 3872 1969 3955 temporibus

595 3974 763 4038 communio
786 3979 836 4035 aut
858 3965 987 4035 societas
1010 3972 1194 4049 intercessit,
1217 3981 1250 4036 ut
1272 3973 1342 4035 alibi
1364 3975 1438 4036 satis
1459 3973 1619 4053 probatum
1641 3980 1698 4036 est.

680 4074 790 4136 Postea
813 4073 844 4133 in
865 4070 979 4134 Codice
1001 4061 1195 4147 Colbertino,
1217 4073 1355 4153 sequitur
1377 4073 1592 4154 blystericrum
1622 4069 1812 4145 distributio,
1838 4069 1877 4131 de
1905 4085 1969 4149 qua

594 4172 799 4248 caeremonia,
827 4178 862 4232 ut
883 4170 1055 4248 notissima,
1083 4169 1155 4231 nihil
1178 4171 1374 4254 singulariter
1395 4171 1630 4252 praescribitur:
1658 4168 1752 4232 verba
1775 4175 1887 4232 tantum
1909 4185 1969 4230 rc-

594 4268 748 4347 feruntur,
771 4287 849 4350 quae
871 4269 1021 4332 Sacerdos
1044 4267 1203 4331 celebrans
1226 4277 1297 4331 tunc
1319 4272 1508 4351 pronunciat.
1553 4270 1598 4332 lbi
1620 4271 1720 4332 statim
1747 4268 1882 4331 occurm
1903 4283 1969 4330 vox

595 4367 664 4444 illa,
694 4367 733 4428 dc
762 4385 820 4447 qua
849 4366 976 4429 dumus
1010 4379 1133 4436 trn'ltm
1164 4367 1349 4446 Gomonrm,
1383 4388 1461 4449 quae
1489 4369 1652 4449 perspicue
1673 4374 1779 4431 sacras
1800 4362 1969 4447 perticatas

596 4462 745 4528 hocloco
767 4465 925 4549 significat.
969 4464 1043 4527 Nam
1066 4464 1212 4529 Barsalibi
1234 4470 1308 4530 satis
1331 4486 1397 4531 eam
1419 4467 1570 4547 explicat,
1597 4467 1667 4530 dum
1689 4468 1729 4542 ita
1751 4471 1841 4527 vocat
1866 4463 1970 4544 parti·

596 4564 692 4626 culam
715 4581 793 4644 qrme
816 4563 902 4626 calici
924 4555 1104 4627 immittitur!
1133 4565 1206 4627 alias
1236 4584 1315 4646 quae
1347 4567 1385 4628 ad
1412 4568 1651 4628 communionem
1678 4561 1968 4627 Ecclesiasticorum

594 4662 709 4743 primae
732 4662 885 4745 dignitatis
907 4671 1102 4725 reservantur
1124 4671 1154 4726 et
1176 4666 1308 4727 minores
1330 4683 1408 4745 quae
1431 4665 1616 4746 praebentur
1632 4662 1748 4725 Laicis:
1769 4661 1969 4741 Margarita

595 4779 716 4842 quoque
738 4767 843 4838 vocat,
866 4778 943 4841 quae
964 4780 1027 4824 vox
1049 4780 1152 4825 sacras
1174 4764 1337 4844 particulas
1366 4763 1534 4845 significat,
1564 4770 1693 4844 utraque
1717 4778 1774 4842 per
1801 4756 1969 4838 bletapbo-

596 4879 669 4922 ram.
713 4861 781 4922 Vox
810 4858 935 4939 Syriaca
965 4871 1088 4930 altum
1111 4860 1258 4941 duplicem
1291 4862 1451 4944 originem,
1482 4870 1640 4941 utramque
1659 4860 1729 4923 stilo
1747 4857 1967 4923 Ecclesiastico

595 4958 787 5034 familiarem,
810 4957 922 5020 habere
943 4966 1055 5038 potest.
1099 4960 1185 5022 Prior
1207 4970 1254 5023 est
1275 4960 1495 5041 simplicissima
1525 4958 1655 5021 deducta
1683 4958 1800 5021 scilicet
1826 4976 1844 5030 a
1865 4954 1968 5020 rerba

595 5069 675 5137 tm,
699 5057 797 5137 quod,
825 5064 859 5118 ut
886 5057 1051 5135 Hebudes,
1084 5057 1127 5119 ita
1149 5058 1238 5120 etiam
1261 5059 1386 5141 Syrisce
1408 5059 1558 5139 significat
1580 5058 1659 5119 inter
1690 5057 1765 5135 alia,
1793 5054 1968 5131 obsolve-c,

534 5184 540 5196 ¹
594 5174 818 5229 corroummorc,
844 5156 998 5233 perficere.
1049 5156 1094 5217 Eo
1131 5156 1302 5238 significatu
1340 5157 1505 5219 Gomourto
1537 5155 1616 5217 idem
1651 5157 1710 5218 erit
1747 5172 1783 5217 ac
1813 5154 1969 5221 Graecum

593 5245 748 5328 :rumore
768 5250 819 5317 vel
841 5243 970 5338 τελετή,
992 5253 1100 5336 quibus
1121 5253 1249 5318 vocibus
1272 5254 1382 5318 Graeci
1405 5255 1598 5320 Sacramenta
1620 5270 1718 5317 novae
1741 5252 1838 5335 legis,
1866 5268 1969 5332 prae-
