5150 6534
1894 853 1971 928 419

598 1063 663 1155 ll
722 1061 1103 1155 lllbltdlhll
1164 1063 1519 1156 boououuu
1578 1061 1974 1161 stholouuu

948 1262 1626 1382 observaris.
2010 1238 2017 1256 ’

700 1485 813 1564 Erras
838 1496 912 1558 haee
933 1497 1069 1579 Liturgia
1091 1500 1121 1558 in
1145 1497 1282 1559 omnibus
1305 1496 1438 1558 melioris
1462 1506 1553 1558 notae
1575 1497 1780 1564 Jacobitarurn
1796 1499 1972 1580 codicibus,

602 1600 808 1683 Seguierianis
831 1609 861 1662 et
878 1600 1071 1675 Colbbrtinis,
1094 1610 1126 1662 ut
1148 1602 1186 1663 de
1210 1620 1246 1662 ca
1270 1599 1397 1661 dubitari
1419 1603 1479 1661 non
1504 1601 1611 1679 possit,
1635 1602 1705 1681 quin
1729 1605 1807 1682 apud
1830 1605 1899 1669 illos
1922 1610 1972 1668 vi-

602 1708 676 1781 geat
696 1709 727 1762 et
749 1699 861 1779 ubique
883 1701 1009 1779 probata
1032 1702 1079 1765 sit.
1125 1703 1259 1763 Vocatur
1286 1707 1384 1761 autem
1407 1699 1568 1760 Doctorum
1592 1708 1781 1779 sanctorum,
1811 1705 1879 1783 qrria
1909 1713 1972 1768 tota

602 1807 745 1862 contexta
767 1806 814 1860 est
837 1818 876 1861 ex
899 1798 963 1861 aliis
987 1799 1145 1880 liturgiis,
1170 1817 1297 1880 quorum
1319 1805 1442 1859 autores
1466 1797 1661 1878 perhibentur
1684 1807 1734 1860 aut
1757 1803 1851 1863 sancti
1874 1806 1972 1866 nomi-

601 1897 749 1959 natissimi
771 1898 801 1958 in
825 1897 945 1978 antiqua
967 1897 1105 1959 Ecclesia
1128 1904 1197 1958 ante
1220 1914 1337 1958 omnem
1359 1895 1548 1957 schismatum
1571 1900 1757 1960 memoriam:
1787 1910 1838 1961 aut
1861 1921 1973 1965 recen-

602 1997 709 2072 tiores,
732 1997 782 2077 qui
806 1996 843 2057 ob
867 1996 1072 2059 defensionem
1095 1996 1144 2058 vel
1166 1995 1387 2077 professionem
1410 1993 1685 2076 blonophysitarum
1708 1997 1873 2078 doctrinae,
1896 2001 1972 2062 lama

602 2096 683 2158 inter
713 2114 767 2157 eos
798 2095 937 2157 celebres
967 2104 1045 2157 sunt.
1091 2095 1201 2156 Extant
1230 2101 1328 2155 autem
1352 2110 1455 2154 omnes
1478 2093 1547 2154 illac
1570 2094 1733 2176 liturgiae,
1757 2101 1891 2177 quamvis
1915 2102 1974 2162 nli-

602 2194 723 2276 quando
739 2194 891 2256 orationes
916 2214 956 2255 ex
971 2194 1028 2255 illis
1049 2194 1208 2274 decerptas
1231 2193 1368 2273 reperire
1389 2211 1448 2253 non
1472 2192 1559 2254 facile
1583 2195 1631 2268 sit,
1654 2193 1783 2258 sortasse
1806 2217 1846 2259 ex
1868 2217 1973 2278 parum

603 2301 744 2371 accurata
773 2294 987 2372 exemplarium
1011 2293 1225 2373 descriptione,
1257 2293 1286 2353 in
1318 2310 1376 2372 qua
1399 2291 1673 2372 indiligentissimos
1697 2314 1767 2356 esse
1790 2295 1971 2378 Orientales,

604 2393 703 2455 sciunt
717 2394 766 2473 qui
779 2393 901 2455 codices
917 2392 1025 2453 multos
1038 2399 1252 2454 tractaverunt.
1287 2391 1508 2453 Adscribuntur
1521 2393 1682 2471 unicuique
1695 2396 1822 2456 orationi
1836 2402 1972 2458 autorum

602 2494 732 2568 nomina,
757 2501 787 2555 et
810 2489 851 2553 illi
874 2502 954 2554 sunt.
981 2492 1113 2553 lacobus
1136 2492 1241 2553 Frater
1262 2491 1396 2552 Domini:
1419 2492 1550 2576 loannes
1572 2491 1782 2575 Evangelista:
1805 2495 1972 2557 Duodecim

603 2590 756 2672 Apostoli:
803 2590 957 2653 Clemens:
1002 2591 1098 2653 lulius
1121 2591 1285 2652 Rornauus:
1332 2590 1497 2671 Gregorius
1522 2590 1709 2672 Theologus:
1740 2592 1871 2672 Cyrillus
1894 2594 1972 2657 Ale-

605 2690 780 2766 xandrinus,
804 2689 936 2772 ignatius
959 2691 1090 2770 blartyr,
1114 2690 1294 2751 Philoxenus
1317 2688 1573 2769 llioropolitauus:
1618 2689 1794 2770 Dionysius:
1839 2694 1971 2756 loannes

605 2790 719 2869 absque
741 2790 877 2866 nomine,
906 2789 1080 2851 Eleazarus.
1125 2789 1274 2862 Omnium,
1304 2789 1329 2848 si
1359 2806 1448 2848 unum
1472 2788 1658 2871 Theologum
1682 2792 1862 2871 excipimus,
1892 2793 1973 2873 quod

605 2887 645 2949 de
676 2885 825 2968 Gregorio
859 2888 1051 2950 Nazianzeno
1082 2889 1206 2969 intelligi
1242 2886 1350 2963 debet,
1389 2887 1558 2948 nominibus
1589 2896 1781 2966 praenotatas
1816 2891 1972 2954 Jacobitae

601 2985 726 3048 totidem
748 2986 899 3068 Liturgias
922 2996 1108 3067 agnoscunt,
1132 2988 1217 3047 istam
1239 3005 1300 3048 non
1324 2986 1407 3046 item:
1431 2985 1485 3048 scd
1510 2986 1589 3065 quod
1613 3005 1653 3047 ex
1675 2989 1837 3051 veterrimo
1860 2989 1973 3052 Codice

603 3088 778 3152 Colbertino
803 3086 975 3148 didicimus:
1006 3105 1082 3167 quae
1111 3085 1220 3148 Basilio
1248 3085 1405 3160 tribuitur,
1429 3104 1463 3145 ea
1487 3085 1604 3160 scilicet
1627 3104 1715 3166 quarn
1737 3088 1848 3149 blasius
1873 3090 1972 3150 intor-

601 3196 738 3269 pretatus
766 3193 827 3261 est,
865 3186 968 3246 eadem
1000 3165 1149 3264 Gregorio
1179 3201 1300 3264 quoque
1330 3186 1511 3264 conjunctim
1541 3185 1729 3247 adscribitur.
1774 3187 1847 3248 Nam
1878 3188 1972 3251 multa

602 3287 720 3350 duobus
754 3285 811 3346 illis
839 3284 997 3346 Ecclesiae
1026 3283 1182 3345 luminibus
1211 3283 1369 3366 Responsa
1400 3283 1437 3344 de
1466 3283 1538 3346 Jurc
1567 3284 1720 3365 variisque
1744 3287 1970 3365 quaestionibus

600 3383 841 3458 EcclesiasticiS,
872 3383 1035 3445 attribuero
1069 3384 1185 3460 solent,
1215 3391 1248 3444 ut
1278 3382 1387 3445 sactum
1417 3393 1463 3445 est
1486 3384 1523 3445 de
1551 3387 1606 3446 ista
1630 3385 1781 3466 Liturgia,
1812 3385 1971 3464 quamdiu

564 3521 567 3530 ·
601 3482 713 3545 frustra
737 3483 901 3564 quaesitam
924 3484 952 3542 in
976 3481 1026 3544 illo
1051 3483 1170 3544 tandem
1193 3481 1307 3544 Codico
1330 3486 1505 3562 reperimus.
1539 3484 1699 3546 Clementis
1722 3502 1842 3564 quoque
1866 3483 1972 3545 Litur-

601 3584 682 3666 giam
703 3582 825 3659 habent,
849 3582 983 3662 quamvis
1007 3599 1044 3643 eo
1067 3583 1152 3644 titulo
1177 3582 1257 3643 nulla
1287 3583 1402 3645 Graeca
1427 3591 1519 3644 extet.
1563 3584 1625 3654 Eos
1649 3590 1747 3644 autem
1770 3601 1874 3644 omncs
1897 3590 1972 3644 tan-

603 3698 692 3760 quam
722 3689 816 3743 testes
846 3689 876 3741 et
906 3680 1078 3742 laudatores
1109 3681 1177 3742 fidei
1200 3700 1272 3743 suae
1296 3682 1429 3763 allegare
1452 3683 1709 3744 familiarissimum
1734 3693 1780 3743 est
1802 3683 1972 3763 praecipuis

602 3780 683 3841 inter
704 3779 857 3842 Jacobitas
881 3779 1063 3862 Theologis,
1086 3789 1118 3842 ut
1140 3780 1208 3841 alibi
1232 3782 1436 3860 exposuimus,

695 3877 828 3941 loannes
840 3878 1010 3940 Patriaroha
1025 3898 1112 3958 quem
1136 3897 1274 3961 magnum
1298 3880 1461 3960 appellant,
1484 3881 1618 3959 quisnam
1642 3899 1681 3940 ex
1704 3880 1768 3941 aliis
1792 3883 1842 3961 qui
1865 3882 1972 3942 eodem

602 3980 724 4042 nomine
754 3978 873 4040 suenmt
906 3985 936 4039 et
964 3978 993 4038 in
1023 3978 1128 4039 eadem
1151 3978 1311 4059 dignitate,
1341 3979 1442 4040 dicere
1464 3996 1524 4040 non
1547 3996 1716 4059 possumus.
1762 3980 1970 4061 Antiquiorcm

603 4075 703 4138 multis
727 4076 791 4137 aliis
814 4075 899 4137 istius
922 4077 1048 4137 nominis
1071 4075 1163 4138 luisse
1186 4077 1318 4156 suspicio
1341 4076 1434 4154 soret,
1459 4097 1497 4139 ex
1520 4095 1558 4138 eo
1582 4079 1662 4157 quod
1685 4079 1835 4161 Liturgias
1857 4097 1971 4140 recen·
2086 4129 2088 4133 .

604 4178 724 4254 tiorum,
748 4182 779 4237 ut
801 4175 906 4236 Jacobi
920 4175 1077 4251 Edesseni,
1099 4176 1193 4237 Musis
1212 4176 1396 4256 Barcephae,
1421 4185 1452 4237 et
1466 4177 1658 4258 reliquorum,
1683 4179 1766 4257 Syris
1789 4177 1970 4256 notissimas,

605 4275 638 4336 in
667 4291 752 4336 suam
781 4292 841 4335 nou
869 4274 1063 4337 transtulerit.
1108 4275 1165 4337 Sed
1195 4276 1272 4336 hanc
1301 4277 1502 4356 conjecturam
1533 4278 1641 4337 evertit
1666 4276 1804 4338 Eleazari
1826 4277 1971 4359 Liturgia,

603 4392 647 4436 ox
667 4391 728 4454 qua
750 4373 824 4435 duas
848 4374 1000 4435 orationes
1030 4376 1197 4454 excerpsit:
1228 4375 1253 4435 is
1282 4383 1381 4437 autern
1409 4384 1442 4437 ut
1470 4375 1507 4436 ad
1537 4375 1615 4436 illam
1645 4375 1886 4438 observavimus:
1917 4375 1971 4437 luit

605 4472 776 4552 Episcopus
798 4470 1020 4555 BagdadensiS,
1052 4472 1109 4534 alio
1139 4474 1257 4534 nomine
1280 4474 1460 4537 Philoxenus
1484 4474 1667 4554 appellatus,
1697 4482 1729 4536 ut
1752 4474 1906 4535 didicimus
1930 4494 1970 4535 ex

604 4570 717 4633 Codice
740 4569 948 4654 Seguieriano,
972 4572 1056 4651 cujus
1081 4572 1227 4634 beneficio
1251 4576 1365 4635 veteris
1388 4574 1543 4635 Philoxeni
1565 4581 1595 4635 et
1618 4574 1701 4634 istius
1725 4572 1876 4655 liturgias
1901 4573 1968 4633 dis·
2047 4642 2049 4645 ¹

603 4669 762 4747 tinximus,
794 4688 871 4749 quac
894 4670 922 4730 in
947 4671 1037 4733 variis
1062 4672 1284 4751 exemplaribus
1308 4672 1392 4733 alteri
1415 4671 1456 4733 illi
1471 4671 1696 4752 hieropolitano
1719 4674 1897 4734 tribuuntur.
1920 4669 1969 4730 An

603 4768 737 4832 loannes
759 4768 847 4849 hujus
870 4767 1024 4850 Liturgiae
1047 4769 1212 4848 ordinator,
1236 4772 1261 4830 is
1283 4772 1322 4832 sit
1345 4772 1394 4851 qui
1417 4771 1597 4852 Apologiam
1621 4771 1695 4832 ritus
1719 4771 1864 4852 Syrorum
1886 4770 1968 4831 circa

603 4867 867 4947 praeparationem
888 4869 973 4948 panis
996 4867 1194 4930 Eucharistiei
1217 4887 1283 4929 cum
1306 4869 1464 4948 fermento,
1487 4870 1551 4932 sale
1573 4876 1604 4931 et
1627 4869 1695 4931 oleo
1718 4871 1889 4950 scripserit,
1919 4866 1968 4928 af-

603 4967 723 5028 iirmare
745 4983 806 5026 non
829 4984 997 5046 possumus

691 5063 724 5126 ln
747 5067 803 5126 ista
827 5074 924 5127 autern
947 5065 1080 5146 liturgia
1103 5065 1174 5126 nihil
1198 5066 1309 5148 legitur
1331 5068 1411 5147 quod
1433 5068 1576 5151 singulari
1597 5064 1808 5128 observatione
1821 5066 1967 5149 indigeat,

604 5172 655 5228 aut
678 5163 757 5244 quod
780 5165 859 5226 notis
883 5165 955 5225 alias
979 5165 1158 5243 explicatum
1182 5181 1243 5227 non
1265 5164 1364 5229 luerit.

656 5464 742 5506 tomus
758 5463 782 5505 11.
