5150 6534
845 843 897 918 lb*
929 841 1221 918 LITUllGlAS
1255 840 1529 918 Sl'ltlACAS.
1822 844 1872 914 65

498 1027 584 1091 istius
605 1028 751 1088 mistionis
773 1025 932 1102 inuentor,
961 1045 977 1087 a
1008 1024 1201 1087 Glaristodulo
1224 1026 1429 1104 reprehensus
1459 1033 1520 1100 est,
1554 1025 1609 1087 sed
1643 1024 1681 1086 ad
1712 1044 1780 1087 eum
1803 1033 1874 1088 tan-

499 1145 588 1208 quam
610 1127 819 1206 Sprianorum,
844 1124 901 1185 lroc
924 1131 972 1186 est
995 1123 1140 1205 Syrorum
1162 1123 1366 1186 Jacobitarunr
1398 1142 1569 1203 supremum
1599 1125 1769 1186 Antistitern
1794 1143 1873 1204 que-

499 1227 562 1289 rela
585 1223 702 1302 deluta,
726 1226 863 1305 quaru'si
885 1225 1007 1285 vivente
1030 1223 1126 1285 altero
1150 1223 1304 1304 neglexit,
1330 1230 1436 1303 postea
1467 1232 1499 1284 ut
1521 1223 1562 1284 illi
1583 1223 1771 1284 satisfaceret
1794 1242 1872 1303 ope-

499 1345 563 1387 ram
586 1323 723 1402 dedisse,
747 1325 856 1404 probat
878 1341 914 1384 ea
939 1340 1026 1402 quara
1050 1323 1177 1384 diximus
1200 1322 1361 1404 Apologia.
1407 1321 1439 1381 lu
1458 1322 1507 1382 illa
1528 1330 1662 1384 autorem
1678 1342 1712 1384 se
1725 1323 1872 1385 inustionis

499 1426 578 1488 illius
601 1441 662 1485 non
685 1425 841 1504 agnoscit,
865 1442 964 1503 aeque
987 1423 1150 1484 uerisimile
1173 1431 1220 1482 est
1242 1429 1313 1482 tunc
1338 1421 1415 1481 illam
1439 1421 1557 1482 nouiter
1581 1419 1674 1483 fnisse
1698 1424 1872 1500 institutum,

500 1523 555 1586 sed
579 1524 768 1604 displicuisse
792 1523 1002 1598 Clrristodnlo,
1027 1521 1106 1601 ‹prrod
1130 1521 1289 1582 Arebiuter
1314 1520 1363 1580 illc
1387 1539 1450 1580 rem
1473 1538 1581 1580 nouam
1596 1527 1781 1599 attentasset,
1806 1540 1873 1583 curn

501 1623 652 1696 Oblatum,
690 1640 775 1684 mora
812 1622 848 1682 ub
880 1621 1019 1682 Ecclesia
1053 1619 1259 1681 Alexandrina
1295 1619 1416 1680 diuerso
1450 1627 1672 1698 praeparatam,
1704 1620 1870 1684 obtulisset.

500 1721 658 1783 Habebam
681 1724 792 1803 quippe
815 1721 883 1802 Syri
906 1720 1060 1781 Jacobitue
1083 1720 1113 1780 in
1135 1717 1278 1798 Aegypto
1300 1719 1422 1778 stabiliti
1445 1718 1597 1780 Ecclesius
1622 1737 1695 1779 suae
1719 1722 1819 1800 gentis
1843 1729 1873 1783 et

502 1831 605 1884 sectae
627 1823 785 1900 proprias,
809 1823 838 1881 in
863 1821 969 1900 quibus
994 1837 1080 1880 succa
1104 1837 1159 1879 suo
1182 1819 1240 1878 ritu
1265 1817 1428 1892 faciebant,
1451 1817 1634 1891 sinentibus,
1659 1825 1709 1879 aut
1731 1818 1872 1880 dissimu-

501 1921 631 1983 lantibus
654 1919 833 1982 Patriarcbis
858 1919 1081 1992 Alexandrinis
1105 1917 1184 1996 ‹prrod
1209 1917 1247 1977 ob
1271 1918 1377 1978 Severi
1392 1916 1572 1977 Autioebeni
1589 1919 1770 1992 memmium,
1794 1919 1873 1979 narl-

501 2027 563 2079 tum
585 2019 781 2080 Antioebcnis
806 2018 989 2092 tribuerent,
1012 2019 1061 2096 (pri
1085 2015 1261 2095 frequenter
1283 2017 1312 2076 in
1329 2016 1517 2096 Aegyptum,
1541 2014 1591 2075 nbi
1615 2016 1750 2095 sepultus
1765 2015 1872 2096 fuerat,

501 2117 659 2196 religionis
683 2136 773 2178 cuasa
798 2117 1014 2178 eoruaaubant.
1060 2114 1243 2190 lutrarabant
1273 2132 1394 2193 qaoque
1426 2113 1563 2176 fortassis
1586 2115 1783 2177 Alexandrini
1812 2117 1873 2178 Pa-

503 2217 643 2277 riurcbac
665 2216 791 2277 aliorum
818 2215 1020 2276 larenbiturran
1045 2214 1239 2292 disciplinam,
1263 2223 1295 2275 at
1318 2233 1358 2274 ex
1381 2214 1438 2274 alio
1463 2214 1611 2274 llistoriue
1635 2214 1702 2277 loeo
1726 2219 1871 2292 aunarsci-

501 2335 577 2377 mus.
622 2315 696 2376 Nara
720 2315 886 2396 Gregorius
910 2315 1028 2395 (puidam
1051 2313 1251 2374 Anaeuorum
1275 2313 1457 2387 Putriarcbn,
1482 2315 1510 2373 iu
1528 2313 1700 2393 Aegyptum
1724 2333 1790 2375 cunr
1815 2336 1872 2378 re·
1937 2313 2000 2365 1¹³3!-
2027 2313 2099 2367 Pan.
2124 2313 2198 2366 alles.

500 2416 613 2490 nisset,
636 2433 731 2494 saque
759 2415 961 2476 Jacolriturma
991 2413 1077 2474 fidem
1108 2413 1241 2490 profiteri
1265 2420 1392 2474 testatus
1423 2412 1543 2489 fuisset,
1574 2420 1711 2491 tunqaarn
1742 2412 1778 2474 ud
1809 2433 1873 2476 rern
1901 2417 1926 2467 Ρ·
1946 2400 2007 2450 ⁴⁶⁰·
2026 2400 2087 2451 ⁴⁹2·

500 2531 626 2592 novam,
650 2513 768 2592 sibique
791 2515 875 2592 prius
899 2514 1110 2591 incompertum
1132 2513 1351 2591 obstupuerunt
1367 2511 1520 2591 Aegyptii.
1555 2511 1635 2573 Fieri
1655 2513 1745 2592 igitur
1768 2515 1875 2592 potuit,

501 2621 533 2674 ut
557 2612 627 2692 qrrid
651 2614 680 2672 in
706 2611 852 2672 Ecclesiis
873 2611 1068 2691 Syrianormn
1091 2611 1218 2688 illorum,
1237 2612 1318 2670 eirca
1341 2609 1514 2671 Oblaturam
1533 2614 1795 2691 praeparationem
1817 2614 1877 2674 ob-

502 2718 693 2789 servaretur,
724 2709 922 2772 Alexandrini
945 2710 1136 2772 l‘atriarcbae
1158 2711 1342 2793 imitamini,
1373 2729 1439 2769 eum
1463 2711 1492 2770 iu
1524 2711 1590 2771 illos
1614 2713 1782 2790 precarium
1807 2722 1876 2776 tan-

502 2811 674 2887 tummodo,
697 2812 776 2871 sicut
799 2811 829 2871 in
851 2813 1016 2884 Armenos;
1040 2828 1101 2870 nou
1124 2809 1244 2890 plenum
1267 2816 1298 2868 et
1322 2808 1507 2888 absolutum,
1539 2818 1571 2870 ut
1594 2829 1670 2892 erga
1700 2811 1876 2892 Aethiopes,

499 2912 550 2992 jus
574 2909 732 2971 bulmreut.
778 2909 896 2989 Quippe
921 2909 1040 2989 syriani
1063 2908 1104 2969 illi
1128 2917 1158 2970 et
1180 2908 1304 2968 Armeni
1341 2926 1399 2969 non
1430 2917 1528 2969 turua
1557 2909 1753 2986 Patriarebis,
1787 2930 1877 2990 quum

503 3029 522 3072 a
549 3010 660 3070 Viziris
691 3015 722 3070 et
750 3007 880 3070 Sullanis
919 3009 1130 3084 obtinuerunt,
1170 3014 1200 3067 ut
1231 3023 1301 3066 suus
1337 3006 1393 3066 sibi
1423 3007 1577 3068 Ecclesius
1607 3007 1720 3070 babere
1754 3009 1875 3073 liceret:

502 3108 667 3170 sufficiebat
690 3108 769 3168 enim
792 3125 862 3168 esse
885 3109 914 3168 in
939 3108 1047 3168 Aalico
1071 3106 1235 3166 ministerio
1259 3103 1391 3165 scribam
1416 3105 1553 3184 aliapreru,
1579 3116 1628 3168 aut
1652 3106 1799 3168 llcdieum
1819 3110 1877 3170 ad-

504 3225 629 3282 venum,
652 3208 704 3286 qui
726 3205 898 3268 facilitatem
922 3225 938 3267 a
961 3205 1147 3286 principibus
1171 3203 1351 3282 postularet:
1383 3205 1432 3265 illu
1461 3205 1512 3264 rix
1540 3223 1668 3285 unquam
1698 3208 1876 3285 negabatur.

503 3307 626 3368 Armeni
650 3306 769 3367 l'iziros
793 3306 905 3384 aliquot
927 3324 999 3366 suae
1023 3307 1122 3384 peritis
1147 3304 1329 3378 balmcruat,
1358 3311 1389 3363 ut
1420 3303 1611 3380 Beluuauan,
1636 3304 1876 3370 bedec-(lema-
1941 3315 2002 3363 lua.
2030 3312 2102 3364 Pan.
2126 3310 2199 3362 altas.

503 3405 573 3466 lium
598 3413 629 3466 ct
651 3403 743 3481 alioS,
768 3423 785 3464 a
809 3404 917 3484 ‹pribus
941 3423 999 3465 noa
1025 3404 1113 3464 analo
1137 3411 1168 3464 nt
1190 3401 1344 3464 Ecclesius
1373 3404 1512 3481 proprias
1541 3403 1702 3476 baberent,
1734 3404 1875 3469 obtinue-
1904 3418 1930 3467 t’·
1950 3399 2011 3449 ⁵⁰⁶·
2031 3408 2052 3449 a
2071 3415 2120 3464 ⁵⁶t·

502 3512 588 3577 runt;
612 3503 667 3564 sed
691 3504 804 3583 aliquas
827 3505 899 3582 ipsis
924 3503 1050 3581 Coptitis
1074 3504 1259 3582 eripuerant.
1305 3503 1416 3562 Verum
1441 3501 1515 3562 baec
1539 3502 1607 3564 alibi
1631 3502 1726 3564 fusius
1751 3511 1876 3569 tractata

505 3611 587 3664 suat:
610 3602 649 3663 de
671 3603 823 3684 Apologia
844 3602 969 3663 loannis
992 3602 1071 3662 illias
1094 3601 1273 3662 Antioclreni
1300 3601 1361 3680 jum
1384 3618 1480 3681 panea
1505 3602 1631 3663 dicenda
1654 3612 1734 3665 suat.

571 3700 635 3762 'lle
658 3699 793 3781 Azymis,
817 3709 848 3762 et
871 3702 1054 3762 necessitate
1082 3701 1168 3779 panis
1198 3699 1365 3760 fermentati
1389 3703 1521 3761 eorrtinet
1545 3721 1579 3763 ea
1603 3719 1681 3781 quae
1711 3721 1727 3762 a
1752 3701 1875 3766 Graecis
1905 3716 2202 3788 beAzpnisquidhaee

505 3800 656 3879 sequioris
680 3800 757 3875 aeri,
781 3817 842 3861 non
865 3803 961 3860 nrirrus
994 3799 1129 3879 prolixe,
1160 3816 1247 3877 qttuut
1277 3797 1402 3859 futiliter
1432 3801 1570 3878 exposita
1601 3809 1686 3876 suut,
1718 3803 1748 3862 in
1779 3804 2020 3873 narltisltpntapra
2038 3809 2175 3860 cumaeae,

506 3900 653 3961 aduersus
683 3896 806 3959 Latinos
829 3899 965 3977 seriptis,
1001 3898 1088 3958 editis
1119 3904 1149 3957 et
1177 3899 1396 3976 rrraanseriptis.
1442 3897 1633 3961 collectanea
1662 3908 1731 3960 suut
1761 3903 1878 3963 scilieet

505 3999 694 4060 diversorum
716 4015 824 4058 sacrae
853 3999 1027 4075 Scripturae
1058 3997 1192 4057 locorum
1223 3997 1369 4058 adversus
1400 3995 1542 4058 luduicus
1571 4000 1661 4076 ritas,
1694 4008 1723 4060 et
1751 4000 1876 4080 Azpruu,

505 4095 695 4159 dissimulatis
720 4096 788 4173 iltis,
814 4115 892 4176 quae
915 4099 945 4158 in
968 4097 1086 4158 illoram
1111 4096 1399 4157 corunaaalutionem
1423 4096 1459 4155 ab
1475 4097 1637 4159 flamberto
1660 4098 1771 4177 Spirae
1794 4099 1877 4162 (latir-

506 4196 593 4258 didae
617 4203 647 4256 et
669 4196 813 4256 similibus
837 4196 1023 4257 Graecorum
1047 4195 1273 4256 accusatoribus
1310 4194 1428 4273 olrjeetu
1452 4195 1580 4273 fixerant,
1604 4215 1700 4276 aeque
1730 4199 1877 4278 imperite.

505 4294 718 4375 Adjanguutur
741 4296 910 4357 testimonia
935 4295 1074 4376 Gregorii
1092 4294 1285 4370 Naziuazeui,
1310 4292 1432 4354 Joarrnis
1446 4294 1665 4374 Clrrpsustorai,
1681 4297 1877 4377 llionysiiquc

507 4393 714 4470 Atheniensis
739 4411 817 4472 quac
838 4393 911 4454 nibil
934 4393 970 4454 ad
994 4412 1057 4456 rem
1081 4392 1202 4456 faciunt.
1227 4392 1318 4453 Extat
1341 4393 1378 4453 de
1402 4393 1507 4454 exulem
1530 4403 1708 4474 arpraneato
1731 4397 1879 4476 prolixior

507 4493 668 4573 disputatio
691 4491 823 4554 Arabico
846 4495 958 4573 scriptu
982 4495 1010 4553 in
1036 4493 1148 4555 Codice
1177 4494 1333 4565 Vaticano,
1362 4500 1431 4571 post
1454 4492 1656 4564 Quaestiones
1685 4503 1714 4555 et
1738 4494 1878 4575 Respon-

507 4592 610 4654 sioncs
633 4591 734 4654 varias
758 4593 839 4653 circu
862 4591 1095 4668 Eaelruristiam,
1126 4609 1203 4671 quae
1227 4592 1366 4653 «licuntur
1395 4591 1491 4653 factae
1518 4595 1680 4653 securrabaa
1711 4595 1879 4655 ‹loeta-fuum

505 4688 664 4751 Ecclesiae
687 4688 840 4768 Copticoe,
876 4693 1010 4771 quumvis
1042 4712 1081 4753 cx
1112 4690 1289 4753 Ortbodoxo
1319 4693 1419 4773 potius
1449 4691 1548 4770 aliquo
1579 4695 1728 4772 scriptore
1759 4695 1877 4755 Graeco

506 4789 668 4850 translatae
692 4789 859 4852 rideantur.
905 4789 980 4848 Nam
1004 4791 1082 4851 inter
1117 4793 1284 4852 testimonia
1315 4791 1393 4851 cirea
1424 4790 1631 4852 Eucharistiae
1659 4791 1763 4866 fidem,
1794 4790 1879 4851 refe-

505 4893 613 4946 runtur
636 4887 737 4950 ultima
760 4889 859 4967 capitu
883 4886 950 4948 libri
972 4888 1097 4950 loannis
1122 4889 1299 4951 llaruaseeni
1323 4889 1360 4949 de
1383 4890 1456 4950 l'ide
1481 4890 1665 4951 (lrtbodoxu.
1700 4890 1747 4950 Aa
1771 4890 1878 4969 dispu-

505 4983 580 5046 tatio
604 4984 641 5046 de
655 4986 780 5066 Azpmis
803 4986 840 5048 ad
864 4995 999 5049 autorem
1023 4991 1112 5050 totius
1128 4990 1241 5068 operis,
1265 4996 1315 5049 aaut
1329 4988 1365 5048 ad
1379 4989 1504 5049 alterum
1527 4990 1695 5069 quernpiarn
1719 4987 1878 5050 referenda

457 5097 463 5108 ·
506 5083 562 5158 sit,
594 5085 665 5145 sciri
699 5087 751 5146 vix
785 5093 893 5165 potest.
949 5086 1065 5148 Dicitur
1094 5097 1192 5149 aruem
1223 5086 1299 5148 baeu
1330 5087 1593 5167 Cormtuutinopoli
1623 5106 1678 5166 pro
1709 5087 1879 5149 Patriarcba

508 5181 666 5257 bliebuele,
690 5201 768 5245 anno
791 5185 958 5247 Alexandri
980 5184 1179 5250 bleccaxv.
1202 5187 1366 5265 Martyrum
1384 5185 1523 5250 DCC-LX.
1541 5186 1670 5262 lleuirae
1685 5187 1877 5250 CCCCXLV.

507 5283 558 5360 qui
581 5299 675 5344 aurius
698 5285 865 5363 respondet
887 5301 966 5347 anno
987 5284 1015 5346 J.
1035 5284 1069 5348 C.
1086 5284 1188 5347 llLlll.
1212 5293 1244 5346 ut
1267 5284 1343 5345 alter
1362 5285 1539 5360 Alexandri,
1562 5302 1618 5347 seu
1641 5284 1878 5367 Seleucidarunr,
