5150 6534
329 3877 413 3945 Artas.
432 3897 456 3930 n
475 3881 536 3933 aar.

629 812 706 888 aro
994 783 997 796 '
1194 818 1425 897 uorlr

628 1007 689 1060 tam
711 999 767 1061 sub
791 998 987 1064 Constantino
1013 1018 1125 1085 magno
1153 1002 1270 1065 vixisse
1292 1003 1412 1066 scribit:
1442 1011 1472 1066 at
1500 1004 1531 1066 in
1561 1003 1673 1068 Codice
1698 1023 1786 1085 meo,
1816 1003 1995 1070 emendatus

629 1106 676 1161 est
698 1097 821 1161 alterius
844 1098 988 1163 doctioris
1009 1118 1099 1162 manu
1119 1101 1168 1162 bic
1190 1101 1287 1180 locus,
1310 1109 1342 1164 et
1370 1103 1553 1166 visodonius
1572 1105 1681 1185 junior
1707 1121 1765 1186 pro
1793 1103 1994 1170 Constantino

627 1200 790 1277 repositus.

715 1298 847 1359 Vocatur
876 1304 1013 1359 autema
1036 1298 1161 1362 Socrate
1191 1308 1223 1361 et
1244 1299 1414 1363 sozomeno
1436 1300 1605 1382 Episcopus
1626 1301 1880 1384 Mesopotamiae,
1908 1300 1992 1364 nubo

550 1415 556 1428 ·
604 1395 768 1475 'adjuncto
791 1395 874 1457 urbis
895 1398 1030 1460 nominc:
1053 1417 1069 1459 a
1092 1398 1197 1462 Photio
1211 1400 1380 1479 Episcopus
1398 1399 1651 1479 Sopbarenorum,
1674 1401 1712 1463 ab
1722 1401 1874 1465 Arabibus
1897 1400 1990 1484 vulgo

626 1495 795 1576 Episcopus
817 1494 1013 1574 Miuforelrin:
1041 1498 1071 1558 in
1094 1496 1255 1564 Codicibus
1276 1498 1349 1561 lllss.
1373 1496 1558 1579 quibusdam,
1580 1498 1772 1580 Metropolita
1794 1500 1993 1576 tabiensis,

626 1596 657 1655 in
681 1594 745 1655 aliis
771 1592 943 1656 Cotbolicus
964 1593 1105 1660 Orientis.
1160 1596 1230 1678 Syri
1251 1597 1280 1658 in
1304 1595 1457 1659 Canopum
1479 1599 1680 1660 vetustissima
1709 1598 1898 1663 Collectiono
1920 1599 1991 1662 lle-

625 1693 797 1773 tropolitam
826 1692 989 1771 Mtsroctue
1017 1703 1137 1774 vocant,
1167 1715 1245 1777 quaa
1273 1714 1335 1757 vox
1364 1696 1469 1758 eadem
1497 1704 1545 1759 est
1571 1714 1608 1758 ac
1635 1698 1765 1761 Arabica
1793 1697 1988 1777 nutaretur.

625 1792 779 1872 Torqueat
807 1810 842 1854 se
870 1792 928 1855 viri
955 1792 1117 1856 doctissimi
1148 1795 1187 1856 de
1207 1794 1259 1856 illo
1287 1794 1487 1875 Episcopatu,
1515 1813 1581 1857 cum
1610 1795 1746 1877 plerique
1776 1796 1929 1859 Talin-itam
1958 1804 1990 1860 ct

624 1890 850 1954 blialarekinam
872 1910 968 1972 aeque
991 1893 1132 1975 ignorare
1155 1911 1190 1956 sc
1213 1893 1372 1958 fateantur.
1419 1894 1484 1956 Nec
1513 1888 1609 1956 minor
1637 1896 1773 1976 quaestio
1796 1904 1843 1958 est
1865 1895 1906 1958 ds
1927 1893 1989 1958 So-

625 1990 724 2071 phena
746 1997 778 2051 et
800 1989 976 2071 Sopbarena
996 1993 1124 2073 regione
1148 1993 1231 2073 cujus
1252 1991 1359 2053 limites
1373 1998 1533 2073 postquam
1546 2010 1655 2075 magno
1667 1994 1771 2056 labore
1794 2013 1834 2057 ex
1856 1993 1987 2075 antiquis

626 2088 815 2172 Geograpbis
838 2092 990 2152 constituti
1013 2098 1092 2168 sunt,
1116 2091 1166 2153 ubi
1197 2099 1408 2170 comparantur
1430 2110 1497 2154 cum
1519 2093 1669 2173 sequioris
1691 2092 1759 2155 aevi
1786 2092 1986 2173 scriptoribus

625 2188 759 2265 Graecis,
783 2187 878 2268 Syris,
909 2196 941 2250 et
961 2188 1128 2265 Arabibus,
1162 2190 1356 2271 conjecturae
1383 2208 1480 2271 prope
1508 2209 1612 2254 omnes
1641 2193 1729 2254 etiam
1757 2191 1987 2255 verisimiliores

624 2295 818 2350 evanescunt.
865 2286 945 2348 Talis
968 2291 1045 2351 enim
1069 2307 1126 2369 per
1147 2290 1287 2350 continua
1310 2290 1469 2350 Persarum
1490 2297 1520 2352 et
1542 2290 1742 2352 Romanorum
1763 2290 1854 2365 bella,
1876 2289 1986 2353 deinde

622 2406 680 2467 per
702 2386 836 2450 Arabum
859 2387 1089 2450 dominationem
1111 2389 1233 2451 mutatio
1261 2405 1363 2449 rerum
1390 2388 1469 2450 lacta
1492 2397 1548 2467 est,
1571 2398 1616 2451 tot
1636 2389 1728 2452 urbes
1752 2388 1893 2452 celebres
1914 2388 1987 2452 iun-

623 2486 700 2549 ditns
724 2489 857 2563 excisae,
879 2494 912 2548 ut
934 2486 1006 2549 nibil
1029 2488 1104 2549 certi
1126 2486 1164 2548 de
1187 2505 1288 2548 aarum
1312 2489 1371 2549 situ
1393 2496 1423 2549 et
1446 2489 1565 2571 origine
1587 2488 1723 2550 affirmari
1745 2495 1845 2569 queat.
1879 2486 1987 2567 Neque

621 2587 717 2648 minus
739 2587 869 2649 obnoxia
901 2585 954 2648 tuit
988 2585 1143 2647 mutationi
1172 2585 1452 2648 Ecclesiasticarum
1480 2589 1700 2668 provinciarum
1730 2587 1851 2666 antiqua
1878 2584 1985 2665 torna,

620 2687 798 2765 praesertim
833 2703 872 2748 ex
909 2701 970 2765 quo
996 2685 1168 2746 Nestoriani
1201 2692 1232 2746 et
1266 2685 1421 2748 Jacobitae
1454 2703 1550 2749 novos
1580 2686 1798 2767 Episcopatus,
1825 2702 1985 2765 novasque

619 2784 805 2865 Metropoles
833 2786 1033 2847 instituerunt.
1087 2782 1146 2845 Sed
1175 2783 1212 2844 ad
1240 2784 1385 2846 llarutam
1416 2786 1616 2864 redeundum,
1647 2786 1733 2866 cujus
1760 2779 1875 2848 diiersi
1904 2784 1983 2847 tituli

620 2882 707 2946 facile
729 2885 808 2946 inter
829 2903 864 2946 se
886 2883 1041 2946 conciliari
1063 2890 1199 2963 possunt.

703 2995 885 3075 Episcopum
924 2993 1137 3057 blialarckinae
1172 2992 1252 3054 illum
1293 2991 1386 3055 luisse
1415 3013 1519 3057 onrnes
1555 2995 1762 3056 consentiunt:
1799 3001 1829 3056 at
1863 2995 1914 3057 illa
1944 3014 1983 3059 ex

619 3097 747 3157 omnium
765 3096 945 3172 testimonio,
968 3112 1004 3156 ea
1019 3100 1065 3155 est
1080 3111 1167 3173 quam
1180 3091 1396 3173 Martyropolin
1410 3093 1518 3156 Graeci
1536 3103 1655 3171 vocant,
1679 3095 1758 3174 quod
1780 3110 1891 3157 nomeu
1913 3102 1983 3158 autc

617 3195 752 3257 llarutae
775 3201 909 3274 tempora
933 3209 993 3254 non
1016 3192 1136 3267 babuit,
1165 3209 1231 3253 cum
1254 3210 1295 3253 ex
1317 3192 1467 3254 translatis
1495 3191 1533 3254 ad
1563 3210 1627 3253 eam
1656 3200 1819 3274 martyrum
1847 3193 1982 3275 reliquiis

617 3296 658 3357 ita
679 3293 769 3356 luerit
792 3292 951 3375 appellata.
995 3291 1081 3354 Unde
1105 3291 1183 3371 apud
1206 3291 1400 3353 Nestorianos
1432 3291 1462 3351 in
1485 3309 1612 3372 quorum
1634 3292 1743 3353 Notitia
1766 3292 1981 3357 Ecclesiastico

618 3402 736 3456 sextum
759 3395 837 3455 inter
858 3391 1044 3473 Metropoles
1066 3391 1165 3453 locum
1188 3391 1312 3468 obtinet,
1335 3397 1461 3453 vocatur
1479 3390 1686 3470 Eeit-Game,
1710 3391 1768 3452 boc
1791 3399 1839 3454 est
1861 3391 1981 3455 onna-

572 3538 576 3544 .
617 3496 697 3554 riom
719 3495 784 3555 sive
808 3490 1032 3555 Coemeteriom.
1077 3489 1151 3551 lnde
1179 3488 1310 3551 Arabica
1340 3488 1508 3551 scribentes
1530 3489 1702 3551 Nestoriani
1728 3488 1867 3553 lecerunt
1895 3509 1981 3553 suum

617 3591 759 3671 BaJermt',
783 3600 815 3654 ut
838 3610 877 3653 ex
899 3589 1077 3668 Beitzabda,
1105 3588 1276 3661 Bozubdu;
1306 3607 1347 3650 ex
1375 3583 1603 3663 Beit-'Toumm
1631 3588 1790 3651 Butouma.
1839 3590 1981 3663 Qunnvis

618 3693 695 3752 enim
718 3692 748 3751 in
771 3688 946 3771 quibusdam
976 3689 1147 3751 recentibus
1177 3686 1378 3748 vocabulariis
1401 3686 1572 3767 Beitqorme
1602 3694 1633 3749 et
1660 3686 1845 3765 Miusorebin
1873 3686 1982 3749 distin-

617 3798 757 3872 guantur,
780 3788 888 3849 lactum
911 3788 941 3849 id
971 3786 1173 3849 verisimiliter
1203 3793 1249 3848 est
1284 3805 1324 3848 ex
1347 3794 1484 3847 autorum
1513 3794 1543 3848 et
1572 3787 1770 3865 interpretum
1800 3786 1980 3866 ignorantia.

617 3886 793 3949 blialarelrln
822 3894 921 3949 autem
951 3888 1114 3950 secundum
1142 3885 1326 3963 Abulledae,
1357 3885 1558 3962 Ebu-Sabid‚
1587 3893 1617 3947 et
1647 3886 1771 3947 aliorum
1799 3885 1981 3962 testimonia,

616 3994 706 4065 eaput
728 3993 759 4048 et
781 3985 956 4066 metropolis
979 3994 1046 4048 erat
1074 3985 1250 4066 provinciae
1280 4003 1367 4063 quam
1389 3983 1594 4045 Diarbekiram
1623 3982 1742 4047 Arabes
1769 3992 1897 4059 vocant;
1927 4003 1982 4047 rc-

295 4082 348 4138 tict.
363 4085 496 4155 suntsi-aq.
502 4107 528 4159 p.
538 4087 600 4143 233.
615 4085 714 4166 gionis
737 4085 853 4147 s‘cilicet
875 4103 952 4165 quae
976 4103 993 4146 a
1018 4086 1116 4165 Tigris
1141 4082 1327 4144 Occidentali
1356 4083 1453 4144 latere
1475 4091 1617 4163 protensa
1640 4101 1696 4162 per
1717 4090 1835 4146 montes
1857 4082 1982 4161 Nisibis,

327 4310 412 4378 ΔΜ.
429 4329 454 4364 n.
471 4314 532 4365 266.

613 4182 757 4245 terminos
779 4184 911 4264 planitiei
934 4202 994 4245 non
1017 4181 1192 4245 excedebat.

701 4294 812 4368 Takrit,
835 4294 900 4354 sive
921 4302 954 4355 ut
975 4295 1044 4375 Syri
1066 4293 1200 4356 scribunt
1223 4293 1332 4371 Topn't,
1356 4291 1428 4353 urbs
1451 4310 1511 4353 non
1533 4291 1711 4370 incelebris,
1746 4292 1849 4353 ultima
1870 4292 1982 4358 bleso-

613 4394 762 4474 potamiae
784 4392 908 4472 proprie
931 4392 1038 4467 dietae,
1066 4394 1130 4454 sive
1157 4392 1417 4471 Dior-elpeziret,
1447 4409 1555 4452 versus
1584 4390 1713 4466 lracam,
1744 4409 1802 4471 qua
1826 4410 1866 4453 ex
1890 4393 1981 4473 urbe,

612 4510 722 4574 magno
745 4491 1006 4572 Hierosolymitani
1029 4494 1211 4554 Francorum
1239 4490 1336 4573 Regni
1363 4491 1451 4567 malo,
1473 4490 1584 4570 prodiit
1606 4489 1786 4553 lubidarum
1808 4509 1864 4553 scu
1890 4492 1981 4557 Sala-

612 4591 734 4653 hcddini
755 4589 874 4652 familia.
917 4589 961 4650 Ea
983 4608 1077 4670 porro
1099 4591 1172 4651 urbs
1195 4598 1243 4651 aut
1266 4596 1334 4650 antc
1357 4588 1589 4651 blobamedanos
1610 4607 1671 4651 non
1694 4588 1758 4667 fuit,
1781 4599 1833 4651 aut
1856 4591 1942 4654 aliud
1965 4610 1983 4655 a

614 4691 711 4751 veteri
733 4707 842 4750 nomen
865 4690 990 4768 accepit.
1035 4690 1146 4751 Verum
1169 4690 1199 4749 in
1222 4706 1256 4749 ea
1279 4688 1382 4749 sedem
1405 4705 1489 4748 suam
1513 4690 1665 4750 constituit
1688 4687 1859 4751 Catholicus
1883 4691 1984 4754 Jaco-

612 4788 740 4849 hilarum
764 4789 918 4868 Syrorum,
941 4805 996 4849 seu
1018 4787 1161 4866 Mosrtan,
1186 4788 1236 4867 qui
1256 4786 1448 4848 l’atriarcbali
1471 4787 1654 4864 inleriorem,
1678 4788 1732 4849 sed
1753 4788 1984 4869 Metropolitica

613 4889 755 4968 majorem
789 4887 919 4949 babebat
952 4887 1125 4967 dignitatem
1161 4893 1192 4948 ct
1223 4886 1421 4947 autoritatem.
1478 4886 1619 4947 Historici
1647 4886 1818 4949 Nestoriani
1849 4907 1985 4969 quonam

614 4985 809 5064 meminimus,
833 4986 977 5047 lllarutam
1001 4985 1172 5047 interfuisse
1195 4984 1329 5046 scribunt
1353 4982 1488 5046 Concilio
1512 4983 1842 5066 Constantinopolitano
1865 4992 1985 5069 primo:

614 5092 645 5144 et
668 5083 797 5146 sortasse
819 5101 875 5164 pro
899 5083 1206 5158 Mareustlmideous,
1230 5082 1310 5162 quod
1332 5100 1440 5145 nomen
1463 5083 1575 5167 legitur
1596 5085 1625 5144 in
1639 5084 1751 5147 Latinis
1774 5085 1986 5167 subscriptio·

613 5180 699 5244 nibus
721 5182 859 5245 literatus
888 5182 1101 5263 reponendum.
1146 5181 1257 5243 Amida
1279 5190 1378 5244 autem
1405 5190 1469 5244 erat
1493 5183 1580 5244 etiam
1603 5185 1633 5244 in
1655 5184 1871 5266 Mesopotamia
1904 5204 1984 5267 pro-

613 5279 679 5358 prie
710 5279 798 5345 dicta.
856 5279 928 5342 Cum
966 5299 1059 5361 porro
1096 5288 1222 5343 vocetur
1254 5280 1386 5344 blarutas
1419 5281 1588 5364 Episcopus
1617 5284 1871 5366 Mesopotamiae,
1905 5286 1983 5349 sede
