5150 6534
770 838 835 911 xn
1182 783 1702 923 ‘nrssnnnarro

771 1037 805 1098 et
831 1028 981 1107 codicum
1007 1033 1215 1118 testimonio,
1242 1030 1288 1103 illi
1315 1030 1481 1103 tribuitur:
1509 1040 1543 1103 et
1568 1032 1648 1103 illud
1674 1041 1726 1107 est
1752 1035 1842 1129 quod
1867 1036 1969 1108 edidit
1995 1035 2140 1132 Syriaco

769 1152 815 1213 et
828 1142 947 1216 Latine
974 1142 1083 1217 Guido
1110 1143 1285 1218 Fabricius
1310 1147 1538 1236 Boderianus,
1565 1145 1626 1219 sub
1660 1154 1793 1222 nomine
1826 1151 1949 1224 Severi
1980 1151 2142 1225 Alexan-

770 1254 874 1346 dririi,
908 1262 964 1353 qui
989 1282 1157 1355 nunquam
1189 1259 1261 1333 fuit.
1320 1262 1423 1334 Dedit
1455 1285 1588 1358 quoque
1621 1265 1718 1338 simul
1752 1264 1973 1357 fragmentum
2007 1266 2142 1340 Ordinis

768 1370 912 1463 Missae,
940 1378 1015 1448 sive
1040 1375 1228 1467 Liturgiae,
1255 1377 1316 1449 scd
1344 1375 1387 1447 ab
1415 1399 1458 1449 eo
1492 1400 1590 1473 quem
1624 1378 1761 1452 codices
1793 1384 1898 1453 nostri
1932 1402 2142 1476 repraesen-

768 1496 839 1559 tant
864 1488 964 1561 valde
992 1490 1181 1582 diversum,
1208 1501 1243 1563 et
1269 1491 1312 1563 de
1338 1514 1404 1586 quo
1432 1494 1496 1563 erit
1520 1491 1607 1563 inira
1634 1492 1764 1566 dicendi
1789 1495 1892 1569 locus.
2116 1490 2120 1497 ’

497 1616 563 1678 onia
593 1620 756 1674 variamina
872 1604 963 1677 XXI.
1016 1604 1054 1676 Si
1080 1606 1158 1699 quid
1184 1612 1217 1676 iu
1242 1628 1282 1678 re
1308 1607 1546 1680 obscurissima
1580 1610 1763 1699 conjectari
1795 1631 1990 1704 possumus,
2020 1615 2138 1707 paucis

446 1701 479 1753 ‘¹⁰
496 1704 546 1756 ”¹¹⁸
561 1705 733 1772 judicandum.
767 1717 847 1791 illud
873 1718 1122 1815 explicabimus.
1176 1720 1331 1795 Celebris
1359 1742 1492 1817 semper
1519 1722 1606 1817 apud
1631 1721 1806 1795 Jacobitas
1821 1724 2051 1798 Antiochenos
2064 1726 2138 1820 luit,

767 1846 802 1906 ut
828 1838 927 1906 etiam
953 1837 987 1905 in
1012 1844 1080 1907 tota
1106 1834 1262 1909 Ecclesia
1288 1839 1407 1929 Ignatii
1424 1836 1584 1933 Martyris
1597 1842 1777 1911 memoria:
1803 1839 2023 1912 celeberrima
2036 1840 2141 1935 longe

766 1954 802 2021 in
834 1972 875 2021 ea
908 1951 981 2043 ipsa
1017 1972 1114 2044 quarn
1147 1954 1248 2024 vivus
1282 1960 1430 2023 rexerat.
1481 1953 1521 2023 ln
1552 1950 1744 2025 solennibus
1777 1952 1842 2026 illis
1876 1952 1972 2029 iestis
2002 1967 2140 2053 praeter

767 2086 960 2138 communes
996 2069 1186 2156 orationes,
1219 2070 1255 2137 in
1290 2065 1407 2161 quibus
1435 2067 1478 2138 de
1502 2064 1655 2139 laudibus
1681 2076 1871 2164 sanctorpm
1906 2070 2139 2144 inserebantur

765 2182 885 2270 multa,
911 2173 1069 2273 liturgiis
1096 2180 1256 2253 nonnulla
1282 2181 1380 2272 adjici
1407 2178 1576 2273 solebant,
1604 2180 1670 2253 alio
1698 2191 1809 2254 tamen
1834 2204 1931 2256 more
1958 2172 2061 2280 quam
2079 2188 2136 2282 qui

764 2300 798 2367 in
826 2296 1008 2369 Occidente
1033 2297 1150 2387 viguit.
1202 2292 1437 2369 vetustissima
1464 2300 1586 2392 qnippe
1613 2297 1819 2369 consuetudo
1845 2297 1906 2370 iuit
1930 2303 1965 2370 in
1980 2298 2135 2391 Gothico,

763 2409 994 2499 Illosarabica,
1021 2414 1129 2484 veteri
1157 2409 1346 2499 Gallicana,
1373 2420 1408 2483 et
1434 2411 1506 2483 aliis
1531 2410 1714 2502 Ecclesiis‘,
1740 2420 1776 2483 ut
1803 2435 1877 2484 cum
1904 2415 2136 2487 anniversaria

765 2525 836 2599 dies
863 2531 1053 2611 sanctorum
1079 2525 1328 2615 celebrabatur,
1355 2525 1483 2598 Missae
1508 2527 1665 2620 propriae
1691 2528 1961 2617 assignarentur,
1994 2532 2028 2599 in
2055 2533 2136 2623 qui-

764 2637 827 2710 bus
853 2661 921 2711 non
947 2641 1065 2731 modo,
1090 2653 1127 2713 ut
1152 2644 1185 2712 in
1210 2663 1274 2713 usu
1300 2640 1475 2730 hodierno,
1502 2650 1571 2712 tres
1598 2644 1769 2713 orationes
1796 2652 1912 2714 essent
1929 2642 2047 2736 quibus
2073 2648 2133 2715 in-

765 2766 957 2827 sererentur
982 2755 1113 2829 illorum
1149 2760 1301 2848 nomina,
1343 2756 1404 2829 scd
1436 2755 1669 2830 Praelatinncs
1711 2764 1801 2827 totae
1826 2779 1934 2852 prope
1965 2768 2060 2829 erant
2094 2758 2137 2829 de

762 2870 892 2941 illorum
919 2868 1091 2958 laudibus,
1118 2881 1152 2942 et
1177 2876 1355 2967 praecipua
1381 2871 1512 2943 illorum
1539 2882 1636 2962 gesta
1663 2873 1704 2943 iis
1731 2871 1880 2942 breviter
1906 2871 2134 2967 exponeban-

763 2993 824 3054 tur.
877 2984 970 3056 Idem
994 2988 1030 3056 in
1056 2984 1193 3058 Oriente
1219 2985 1343 3058 lactum
1367 2986 1489 3074 luisse,
1517 3009 1564 3057 ex
1591 3008 1657 3081 quo
1683 2983 1837 3058 Ecclesia
1864 3009 1926 3082 per
1950 2987 2134 3059 Nestoria-

702 3101 704 3106 '
762 3112 825 3171 nos
853 3108 888 3171 et
911 3100 1086 3174 tacohttas
1114 3103 1220 3173 selssa
1246 3110 1319 3189 est,
1344 3123 1412 3172 non
1439 3099 1655 3172 observatur:
1684 3098 1744 3171 scd
1771 3098 1813 3168 ad
1839 3103 2001 3191 majorem
2033 3102 2133 3173 cele-

760 3214 915 3286 britatem
947 3216 1118 3310 Liturgiae
1154 3214 1342 3307 singulares
1373 3214 1639 3302 destinabantur,
1673 3212 1809 3306 quoda
1838 3212 2133 3288 Nestorianisia-

761 3340 848 3400 ctum
876 3331 1038 3403 videmus.
1091 3330 1142 3403 Illi
1170 3333 1255 3401 enim
1290 3352 1333 3401 eo
1366 3328 1419 3399 die
1451 3350 1517 3421 quo
1544 3328 1678 3398 Patrum
1705 3327 1911 3398 Graecorum
1938 3334 2133 3402 memoriam

762 3454 884 3533 agunt,
909 3454 1042 3515 utuntur
1067 3443 1219 3535 Liturgia
1246 3465 1344 3536 quam
1371 3451 1495 3513 vocant
1520 3442 1686 3513 NestoriI:
1722 3442 1882 3533 singulari
1917 3444 2064 3533 scilicet,
2098 3454 2132 3516 et

762 3580 848 3652 quoe
875 3558 962 3653 apud
987 3558 1063 3631 illos
1091 3558 1189 3630 talem
1215 3556 1342 3629 titulum
1369 3555 1528 3646 obtinuit,
1562 3556 1650 3651 quod
1676 3555 1806 3629 ultimus
1832 3560 1967 3629 Patrum
2000 3559 2132 3632 illorum

761 3695 897 3744 suorum
929 3672 1135 3746 Graecorum
1168 3672 1257 3746 foret
1282 3673 1468 3746 Nestorius
1522 3673 1571 3744 Ita
1603 3671 1749 3743 fortasse
1774 3694 1898 3744 nornen
1924 3676 2056 3769 accepit
2090 3696 2132 3745 ca

760 3810 859 3882 quam
883 3788 1068 3884 Aethiopes
1094 3786 1217 3859 habent
1240 3790 1377 3860 'nomine
1402 3789 1538 3860 Patrum
1562 3786 1803 3873 Nicaenorum,
1837 3789 1914 3879 quia
1940 3789 1975 3857 in
2000 3786 2131 3859 illorum

760 3901 814 3973 die
839 3903 928 3975 festo
955 3902 1206 3975 celebrabatur:
1232 3926 1310 3975 nam
1335 3902 1411 3975 illos
1438 3901 1622 3993 Liturgiam
1643 3904 1832 3995 scripsisse,
1858 3921 1958 3971 nemo
1985 3924 2130 3997 unquam

759 4020 971 4091 existImavit.
1024 4019 1220 4111 Siugulares
1254 4021 1357 4109 igitur
1382 4017 1457 4090 illas
1483 4019 1658 4105 Dioscuri,
1692 4015 1831 4103 Severi,
1865 4014 2061 4106 Philoxeni,
2096 4025 2131 4087 et

759 4135 910 4204 similium
937 4132 1054 4205 diebus
1080 4133 1175 4208 lestis
1208 4131 1411 4218 celebratas,
1445 4133 1527 4224 ipsis
1561 4142 1715 4224 tauquam
1747 4129 1917 4203 autoribus
1950 4129 2130 4203 attribuere

759 4249 988 4345 postmodum,
1016 4247 1168 4343 proclive
1194 4240 1260 4319 luit
1281 4246 1368 4341 apud
1393 4246 1543 4319 homines
1569 4244 1760 4332 illiteratos,
1788 4254 1822 4315 et
1850 4242 1996 4316 Oriticae
2023 4250 2129 4318 omnis

760 4372 928 4455 expertes.
990 4363 1109 4459 Neque
1155 4363 1198 4434 de
1238 4361 1304 4433 hoc
1350 4355 1545 4451 argu'mento
1585 4359 1796 4431 verisimilius
1837 4359 2014 4453 quidquam
2062 4383 2130 4432 oc-

760 4481 871 4548 currit.
1286 4498 1291 4505 ·
1820 4505 1823 4510 ·

486 4597 526 4651 ne
542 4600 592 4652 utu
612 4614 678 4668 quaa
700 4615 744 4651 re·
861 4592 968 4664 XXII.
994 4593 1158 4687 Reliquae
1183 4590 1356 4682 Liturgiae
1377 4599 1512 4660 autores
1527 4585 1650 4657 babent
1664 4587 1782 4682 procul
1800 4586 1921 4678 dubio,
1947 4588 2022 4662 illos
2038 4613 2130 4685 quo-

431 4683 592 4821 ffi‘w'iff'
612 4685 744 4738 aaaron.
756 4732 830 4781 rum
854 4708 1041 4780 nominibus
1069 4708 1293 4799 designantur.
1346 4704 1432 4775 Nam
1457 4702 1621 4774 Iacobum
1647 4701 1873 4793 Edessenum,
1901 4704 2038 4775 alterum
2062 4728 2129 4777 co-

485 4785 537 4822 uun
565 4786 586 4823 τ’
756 4828 914 4918 gnomine
941 4821 1190 4915 Serugensem,
1215 4819 1362 4915 Moysen
1388 4815 1577 4910 Barcepha:
1606 4825 1645 4887 et
1667 4816 1751 4890 alios
1766 4820 1971 4888 recentiores
1995 4839 2129 4891 suarum

599 4970 634 5013 0.
756 4950 892 5013 autores
919 4938 1043 5027 luisse,
1069 4959 1136 5009 non
1164 4946 1216 5010 est
1242 4958 1302 5007 cur
1328 4932 1522 5006 dubitemus.
1575 4931 1783 5005 Jacobiticae
1811 4936 1932 5027 quippe
1953 4931 2129 5004 Ecclesiae

756 5078 798 5126 ea
826 5054 999 5151 disciplina
1024 5053 1103 5142 iuuit,
1130 5062 1165 5123 ut
1191 5048 1352 5147 Episcopi
1379 5071 1540 5123 summam
1566 5051 1600 5119 in
1628 5053 1734 5121 sacris
1754 5047 1877 5120 Officiis
1904 5046 2130 5142 disponendis,

754 5168 976 5263 precibusque
1003 5166 1193 5241 ordinandis
1220 5165 1382 5237 haberent
1408 5166 1634 5253 autoritatem,
1669 5184 1756 5257 quae
1783 5164 1881 5233 etiam
1908 5163 1994 5231 inter
2019 5159 2130 5256 Syros

755 5285 863 5373 major
890 5287 1043 5376 omnino,
1070 5306 1167 5379 quarn
1194 5284 1280 5353 inter
1306 5280 1498 5376 Aegyptios
1524 5278 1594 5351 luit.
1623 5276 1754 5374 Quippe
1778 5274 2028 5350 Alexandrinus
2054 5272 2128 5344 Pa-
