5150 6534
588 868 662 942 582
1092 805 1449 943 birunain

586 1057 704 1127 darum
730 1028 939 1141 nostrarum,
967 1053 1027 1125 sed
1052 1075 1114 1148 per
1140 1055 1280 1144 matiam
1308 1062 1396 1124 mam
1422 1051 1679 1124 inenarrabilem
1705 1048 1874 1124 sanctifica
1890 1072 1955 1123 sa·

588 1172 743 1244 orificium
779 1169 882 1257 istud,
917 1179 951 1241 et
986 1169 1028 1241 da
1062 1191 1125 1265 per
1159 1168 1237 1240 illud
1270 1167 1539 1266 possibilitatem,
1557 1177 1590 1238 et
1622 1168 1803 1252 virtutem,
1840 1169 1887 1237 ita
1920 1175 1956 1239 ut
2089 1250 2093 1259 ¹

587 1287 797 1362 obliviscaris
824 1295 963 1382 peccata
988 1294 1104 1356 nostra
1131 1284 1244 1375 multa,
1272 1287 1385 1379 sisque
1411 1285 1581 1379 propitius,
1609 1304 1683 1355 cum
1710 1278 1955 1352 manifestabe-

585 1406 632 1474 ris
660 1405 692 1472 in
718 1404 784 1475 line
809 1414 1013 1497 temporum,
1039 1405 1072 1472 in
1099 1400 1231 1474 homine
1259 1423 1357 1495 quem
1384 1424 1403 1471 a
1430 1397 1528 1471 nobis
1556 1400 1762 1483 assumsisti,
1795 1400 1956 1468 invenia-

586 1542 726 1613 musque
753 1541 867 1590 coram
894 1530 926 1590 te
954 1521 1094 1610 gratiam
1121 1527 1155 1589 et
1181 1514 1457 1605 misericordiam,
1488 1514 1645 1608 dignique
1672 1513 1849 1585 efficiamur
1874 1511 1955 1584 lau-

587 1634 683 1706 dandi
709 1645 743 1707 te
770 1657 845 1707 cum
871 1633 1021 1706 coetibus
1048 1632 1333 1715 intellectualibus.

871 1908 991 2001 Serpit
1017 1917 1051 1980 et
1076 1909 1162 1979 dicit
1187 1909 1276 1979 lianc
1304 1909 1502 1979 &attonem
1527 1914 1673 1979 secreto.

692 2097 895 2171 Confitemur
921 2097 1064 2170 Domine
1090 2108 1124 2169 et
1149 2099 1241 2171 Deus
1277 2108 1393 2169 noster
1425 2095 1556 2169 divitias
1590 2095 1796 2169 abundantes
1827 2099 1958 2188 gratiae

587 2225 663 2287 tuae
697 2235 781 2305 erga
811 2234 894 2285 nos:
929 2216 976 2286 Et
1008 2218 1237 2308 prosequitur.
1299 2212 1363 2298 Qui
1400 2236 1474 2284 cum
1510 2221 1709 2308 peccatores
1745 2222 1778 2284 et
1815 2210 1957 2283 humiles

587 2351 757 2418 essemus,
784 2339 920 2425 propter
945 2329 1182 2403 multitudinem
1210 2330 1406 2401 clementiae
1433 2337 1509 2400 tuae
1536 2330 1644 2400 fecisti
1663 2351 1726 2401 nos
1749 2328 1869 2420 dignos
1889 2329 1957 2400 ad-

587 2444 791 2516 minIstrandi
816 2448 977 2540 mysteria
1005 2456 1120 2519 sancta
1147 2448 1299 2542 corporis
1327 2456 1361 2516 et
1387 2448 1560 2537 sanguinis
1580 2443 1702 2517 Christi
1720 2447 1776 2515 tui.
1808 2446 1957 2517 Petimus

587 2559 746 2632 auxilium
772 2583 791 2629 a
819 2570 863 2648 te,
890 2560 932 2632 ad
959 2561 1062 2633 robur
1090 2565 1270 2632 animarum
1298 2570 1499 2650 nostrarum,
1525 2572 1560 2633 ut
1585 2565 1619 2632 in
1641 2564 1779 2632 caritate
1794 2559 1957 2657 perlecta,

587 2687 621 2747 et
646 2680 680 2748 in
705 2675 770 2748 tide
796 2699 879 2748 vera
906 2678 1169 2751 administremus
1196 2677 1318 2751 donum
1344 2687 1433 2747 tuum
1460 2699 1544 2769 erga
1570 2699 1644 2750 nos
1679 2677 1808 2748 Canon.
1833 2677 1878 2748 Et
1893 2700 1956 2748 re-

586 2791 733 2864 seremus
760 2792 817 2864 tibi
843 2791 990 2881 laudem,
1017 2792 1176 2886 gloriam,
1204 2792 1450 2867 contessionem
1477 2803 1511 2864 ct
1538 2793 1783 2882 adorationem,
1810 2814 1897 2863 nunc
1924 2803 1959 2863 et

587 2931 739 3004 semper,
767 2919 800 2980 et
826 2912 858 2979 in
887 2908 1023 2981 saecula
1049 2908 1268 2983 saeculorum.

576 3116 579 3121 ,
689 3024 814 3117 Sipnut
839 3048 876 3095 ae
902 3028 998 3118 ripae
1027 3029 1140 3096 erucis
1167 3031 1202 3097 et
1226 3026 1445 3118 respondent.
1498 3026 1619 3097 Amen.

690 3141 738 3211 Et
761 3144 990 3234 prosequitur.
1042 3142 1118 3213 Pax
1144 3139 1328 3214 vobiscum.

690 3259 920 3350 Respondeat.
974 3258 1098 3330 Tecum
1126 3267 1160 3329 et
1185 3281 1260 3329 cum
1287 3259 1402 3354 spiritu
1430 3267 1496 3330 tuo.

690 3373 738 3443 Et
764 3373 848 3443 dant
870 3395 991 3466 pacem
1012 3374 1080 3444 sibi
1105 3377 1248 3444 inuicem
1274 3380 1309 3445 et
1326 3375 1450 3445 dicunt.
1477 3375 1544 3447 Pro
1563 3373 1714 3446 omnibus
1735 3368 1957 3445 ⁹Catholicis.

690 3489 869 3560 Diaconos
895 3490 988 3560 dicit.
1043 3488 1285 3579 Confitcamur,
1312 3510 1492 3582 rogemus,
1526 3501 1560 3561 et
1593 3490 1821 3586 deprecemur.

872 3762 1046 3835 Sacerdos
1072 3765 1157 3834 dicit
1183 3764 1272 3836 hane
1302 3765 1499 3837 Orationem
1524 3772 1668 3837 secreto.

693 3951 836 4023 Domine
862 3954 956 4024 Deus
982 3961 1102 4049 potens
1130 3952 1253 4046 adjuva
1279 3952 1534 4028 inbecillitatem
1562 3978 1686 4042 meam,
1719 3978 1781 4051 per
1807 3953 1962 4026 clemen-

588 4070 668 4139 tiam
694 4076 803 4157 tuam,
830 4077 862 4139 et
888 4091 950 4165 per
976 4068 1172 4161 adjutorium
1199 4073 1330 4161 gratiae
1359 4082 1453 4142 tuae:
1481 4093 1599 4165 meque
1628 4072 1762 4163 dignum
1788 4069 1843 4141 fac
1870 4070 1961 4141 olle-

588 4184 684 4256 rendi
699 4207 814 4257 coram
829 4195 861 4256 te
877 4184 1078 4259 ablationem
1096 4184 1193 4275 hanc,
1210 4197 1364 4280 tanquam
1381 4186 1423 4258 ad
1442 4210 1616 4260 commuue
1634 4191 1777 4260 omnium
1791 4184 1963 4275 auxilium,

464 4330 467 4336 ·
589 4310 623 4372 et
649 4300 691 4373 ad
716 4298 848 4372 laudem
874 4300 1042 4373 Trinitatis
1069 4310 1145 4373 tuae
1171 4303 1283 4391 Pater,
1311 4302 1374 4374 Fili
1401 4313 1434 4374 et
1460 4304 1601 4399 Spiritus
1629 4314 1753 4375 sancte.

734 4574 821 4645 Alia
849 4576 969 4647 Oratio
997 4600 1085 4671 quae
1111 4578 1237 4649 dicitu-r
1264 4582 1367 4649 etiam
1393 4582 1428 4648 ia
1456 4578 1615 4674 Lilurpia
1641 4579 1808 4649 Nestorii.

692 4764 836 4835 Domine
862 4774 896 4835 et
921 4765 1014 4838 Deus
1042 4776 1156 4839 noster
1183 4790 1306 4839 coerce
1333 4770 1552 4859 cogitationes
1578 4790 1684 4858 meaa,
1712 4779 1838 4840 utnon
1866 4790 1958 4839 eva-

588 4886 708 4968 gentur
739 4883 772 4951 in
804 4879 1004 4953 vanitatibus
1039 4881 1150 4954 mundi
1185 4883 1291 4975 hujus.
1351 4885 1495 4955 Domine
1527 4884 1620 4955 Deus
1655 4894 1771 4956 noster
1805 4883 1847 4956 da
1880 4883 1959 4955 mibi

589 5003 625 5063 ut
650 4998 746 5067 uniar
772 4994 939 5069 dilectioni
966 5001 1111 5072 caritatis
1139 5009 1234 5090 tuae,
1261 5003 1411 5093 quamvis
1438 5000 1591 5091 indignus
1625 5003 1697 5072 sim.
1753 5000 1867 5075 Gloria
1898 4997 1958 5071 tibi

593 5106 744 5215 Christe.¹

694 5227 851 5300 Ascende
876 5231 911 5299 in
937 5227 1110 5302 thalamum
1145 5229 1275 5303 luminis
1307 5233 1472 5327 praeclari
1504 5235 1550 5305 tui
1575 5233 1733 5304 Domine:
1765 5234 1892 5304 semina
1925 5233 1959 5302 in

591 5364 646 5413 me
673 5365 788 5415 semen
813 5341 937 5417 bonum
963 5343 1163 5421 humilitatis:
1199 5357 1232 5419 et
1258 5347 1319 5422 sub
1348 5349 1410 5422 alis
1436 5353 1566 5443 gratiae
1593 5360 1668 5427 tuae
1695 5346 1865 5421 absconde
1891 5370 1959 5438 me,
