5150 6534
942 802 984 876 ili
1008 799 1217 879 LlTUllGlAM
1243 800 1273 877 S.
1300 800 1421 877 XYSTl.
1798 801 1873 877 143

494 998 572 1063 qnos
594 979 760 1062 tacebitne,
782 990 925 1064 tanquam
946 982 1106 1047 Ecclesiae
1128 1001 1203 1047 suae
1234 982 1357 1058 lumina,
1379 991 1581 1063 venerantur,
1610 984 1679 1048 illos
1701 983 1871 1051 blaronitae

495 1079 675 1145 anathemati
697 1082 911 1165 subjecissent,
934 1101 992 1146 nec
1015 1100 1121 1146 eorum
1145 1083 1266 1145 nomina
1289 1100 1357 1145 cnm
1379 1081 1495 1144 bonore
1517 1085 1548 1144 in
1569 1082 1719 1165 Diptycba
1742 1084 1868 1148 retulis-

494 1186 572 1244 sent.
617 1179 659 1243 At
682 1182 713 1243 in
735 1198 774 1245 eo
798 1181 991 1263 ipsollissali
1013 1180 1102 1259 libro,
1126 1199 1215 1262 quem
1237 1189 1270 1243 ut
1292 1180 1429 1264 regulam
1446 1180 1649 1245 celebrandae
1661 1182 1869 1247 Eucharistiae

495 1297 565 1342 esse
588 1281 761 1357 voluerunt,
785 1288 949 1344 occurrunt
969 1280 1191 1343 baereticorum
1220 1279 1337 1357 laudes,
1360 1280 1529 1342 nominatur
1556 1282 1587 1343 in
1609 1281 1766 1364 Diptycbis
1788 1283 1870 1345 Bar-

495 1392 595 1438 somas
617 1395 635 1440 a
658 1377 794 1441 Concilio
811 1378 1052 1443 calchedonensi
1064 1378 1229 1457 damnatus,
1253 1377 1434 1458 tandemque
1457 1378 1570 1459 aliquot
1592 1380 1747 1463 liturgiae
1769 1382 1869 1444 locum

493 1474 606 1538 habent
628 1494 706 1556 quae
729 1477 766 1539 ab
789 1477 949 1559 Episcopis
971 1479 1116 1541 lacobitis
1140 1479 1273 1558 scriptae
1296 1475 1433 1555 luerunt,
1466 1485 1517 1539 aut
1539 1478 1771 1559 appellationem
1793 1487 1867 1543 tra-

493 1581 620 1637 xerunt:
644 1594 702 1657 qua
726 1576 764 1639 de
787 1594 822 1640 re
852 1577 924 1640 alibi
951 1579 1063 1641 dictum
1086 1596 1103 1640 a
1126 1578 1212 1640 nobis
1241 1584 1299 1640 est.
1355 1575 1431 1639 Cum
1459 1584 1559 1638 autem
1587 1578 1645 1640 ista
1674 1576 1809 1658 liturgia
1837 1577 1869 1639 in

494 1672 651 1754 plerisque
674 1675 896 1757 exemplaribus
917 1662 1043 1757 primurn
1065 1675 1165 1739 locum
1196 1683 1336 1755 occupet,
1358 1674 1449 1737 multa
1471 1692 1549 1756 quae
1577 1693 1635 1756 per
1657 1675 1867 1755 compendium

447 1776 451 1788 “
496 1773 526 1834 in
548 1773 614 1835 aliis
635 1772 780 1857 liturgiis
802 1775 1011 1858 designantur,
1033 1775 1152 1858 integra
1174 1774 1283 1836 babet:
1307 1781 1337 1835 at
1361 1791 1428 1835 cum
1443 1773 1480 1835 ad
1495 1774 1574 1836 illam
1587 1791 1648 1837 non
1659 1775 1755 1857 magis
1778 1791 1868 1855 quam

495 1871 532 1933 ad
556 1870 688 1949 reliquus
712 1874 893 1955 pertineant,
916 1893 995 1957 quae
1024 1874 1254 1939 observavimus
1285 1872 1324 1935 ad
1346 1873 1427 1936 illam
1448 1874 1545 1936 sancti
1565 1873 1688 1951 iacobi,
1717 1872 1802 1935 velut
1829 1871 1869 1935 ad

495 1971 624 2032 omnium
648 1971 853 2053 praecipuam,
876 1974 1059 2037 sullicienter
1080 1973 1250 2054 explicant,
1280 1972 1423 2054 quidquid
1447 1971 1516 2035 luce
1538 1988 1615 2052 opus
1645 1970 1780 2034 baberet.
1823 1969 1869 2033 lta

493 2068 524 2130 in
547 2069 620 2131 solis
643 2068 700 2132 illis
724 2089 802 2152 quae
824 2073 895 2135 buic
915 2072 1070 2157 Liturgiae
1091 2073 1217 2154 propria
1239 2078 1310 2134 sunt
1335 2071 1564 2135 immorabimur.

953 2367 989 2439 2.
1026 2366 1190 2459 Accipite
1217 2367 1325 2453 edite,
1353 2372 1418 2437 etc.

546 2615 548 2619 v
608 2553 728 2630 Iusmsa
749 2566 808 2630 boc
830 2568 900 2631 loco
921 2567 1025 2631 vitium
1048 2568 1170 2632 codices
1192 2569 1280 2651 hujus
1302 2568 1457 2649 liturgiae
1480 2584 1577 2648 prope
1601 2582 1705 2629 omnes
1729 2582 1868 2646 occupa-

494 2668 548 2746 vit,
571 2685 637 2730 cum
661 2668 834 2733 omittantur
856 2671 951 2734 verba
971 2670 1092 2750 Christi,
1117 2689 1178 2734 non
1203 2674 1300 2734 minus
1325 2670 1362 2733 ad
1384 2670 1646 2732 consecrationem
1660 2669 1757 2749 panis,
1780 2686 1870 2749 quam

495 2765 534 2828 ad
557 2765 667 2828 calicis.
712 2767 799 2840 Quod
822 2786 916 2850 porro
933 2788 936 2792 ’
951 2770 1178 2833 observavimus
1206 2770 1244 2832 ad
1274 2770 1426 2852 Liturgias
1457 2769 1670 2849 paucissimas,
1700 2786 1777 2848 quac
1809 2784 1870 2830 non

495 2864 668 2927 dissimilem
691 2866 851 2930 lectionem
872 2868 1066 2949 praeierunt,
1095 2870 1207 2931 omissa
1235 2868 1285 2930 illa
1313 2867 1407 2929 luisse
1435 2885 1497 2929 non
1526 2873 1585 2929 tam
1615 2873 1700 2929 certo
1730 2867 1868 2943 consilio,

495 2981 584 3045 quam
605 2962 796 3028 librariorum
820 2966 919 3047 culpa,
942 2966 972 3029 id
994 2968 1182 3030 verissimum
1198 2966 1390 3029 arbitramur.
1412 2965 1495 3028 ilaec
1519 2982 1639 3046 quoqne
1662 2974 1766 3029 nostra
1789 2983 1868 3028 con-

491 3063 613 3143 jectura
636 3064 783 3144 probatur
805 3065 929 3128 duorum
953 3067 1107 3145 codicum,
1141 3082 1203 3128 non
1225 3066 1498 3146 antiquissimorum
1521 3062 1659 3145 quidem,
1687 3063 1743 3125 sed
1772 3064 1824 3145 qui
1851 3081 1869 3125 a

494 3161 706 3242 blissionariis,
729 3171 780 3225 aut
801 3163 943 3227 Romanis
965 3166 1143 3228 censoribus
1166 3164 1322 3227 reformati
1351 3180 1413 3224 non
1441 3162 1577 3239 luerunt,
1608 3162 1789 3224 testimonio.
1835 3161 1869 3223 ln

495 3277 556 3322 uno
580 3261 692 3342 quippe
713 3262 833 3324 illorum
855 3262 940 3326 locus
964 3264 1014 3326 ille
1036 3271 1069 3326 ut
1091 3263 1172 3326 illum
1202 3261 1432 3343 interpretando
1463 3261 1680 3341 expressimus,
1705 3276 1740 3320 se
1761 3258 1869 3321 habet:

494 3358 526 3419 in
548 3359 645 3421 altero
669 3361 706 3423 ad
729 3366 896 3443 marginem
917 3362 1012 3425 verba
1042 3380 1120 3443 quae
1150 3360 1276 3424 deerant
1300 3360 1450 3441 adscripta
1473 3366 1552 3422 sunt.
1596 3358 1665 3421 Non
1688 3356 1868 3420 reformatos

495 3474 571 3519 vero
594 3457 687 3522 luisse
710 3461 833 3523 codices
855 3461 941 3540 illos,
971 3460 1080 3542 probat
1108 3462 1218 3522 intacta
1248 3460 1452 3523 invocationis
1480 3459 1609 3538 Spiritus
1638 3459 1734 3520 sancti
1766 3457 1868 3534 lectio,

496 3574 584 3637 quam
606 3564 735 3640 uterque
757 3567 980 3640 repraesentat:
1010 3578 1078 3622 cum
1108 3576 1175 3622 eam
1197 3560 1227 3620 in
1250 3559 1375 3639 reliquis
1398 3557 1558 3639 Liturgiis,
1587 3574 1646 3618 una
1675 3555 1782 3618 iacobi
1810 3574 1870 3617 ex-

496 3664 595 3735 cepta,
615 3651 700 3736 'quod
721 3676 779 3738 per
801 3659 1023 3738 incogitantiam
1047 3657 1196 3720 accidisse
1215 3657 1378 3720 verisimile
1402 3664 1459 3733 est,
1481 3656 1693 3736 interpolatam
1716 3671 1870 3735 agnosca-

496 3772 574 3830 mus,
596 3760 628 3815 ut
650 3753 680 3815 in
703 3754 847 3835 bac-ipsa
868 3755 1027 3832 iecerunt,
1057 3757 1165 3837 quibus
1188 3756 1328 3819 editionis
1352 3774 1425 3818 cura
1448 3755 1608 3818 commissa
1630 3761 1686 3815 est.
1731 3752 1870 3814 Formam

495 3852 659 3914 verborum
683 3851 805 3931 Cbristi,
828 3856 913 3917 utin
936 3855 1018 3933 aliis,
1049 3873 1156 3917 novam
1187 3855 1349 3932 dederunt,
1378 3854 1525 3916 verbatim
1556 3872 1596 3913 ex
1624 3852 1730 3913 Latina
1766 3859 1869 3913 nostra

496 3968 685 4027 conversam,
708 3960 814 4015 contra
835 3954 1050 4033 exemplarium
1073 3955 1202 4017 omnium
1231 3955 1447 4036 anuscumque
1471 3952 1592 4034 linguae
1615 3950 1718 4012 sudem:
1749 3950 1787 4013 dc
1810 3968 1868 4031 qua

497 4049 712 4113 reformatione
736 4050 846 4113 dictum
881 4060 928 4115 est
958 4052 996 4115 ad
1030 4052 1167 4114 eumdem
1196 4052 1303 4114 iacobi
1331 4052 1485 4133 Liturgiac
1515 4050 1623 4112 locum.
1679 4050 1767 4122 Quod
1793 4067 1869 4111 vero

497 4147 596 4210 desint
618 4148 711 4211 verba
741 4149 851 4213 Christi
874 4152 903 4211 in
933 4152 1009 4229 ista,
1037 4158 1069 4212 ut
1098 4151 1129 4213 in
1157 4169 1217 4213 una
1244 4151 1325 4213 Petri
1356 4151 1450 4226 dicta,
1477 4148 1615 4229 Dionysii
1643 4148 1806 4224 Barsalibi,
1837 4155 1869 4209 ct

494 4247 600 4326 paucis
624 4247 700 4324 aliis,
724 4266 764 4309 ex
787 4248 972 4311 Graecorum
995 4252 1138 4329 opinione
1161 4268 1300 4312 manasse
1330 4249 1512 4311 existimavit
1533 4247 1680 4310 Ricardus
1702 4248 1815 4322 Simon,
1839 4253 1870 4308 et

494 4343 563 4407 fuse
585 4345 749 4425 explicavit
771 4346 801 4408 in
823 4347 911 4409 Notis
934 4346 972 4409 ad
993 4346 1181 4410 itinerarium
1210 4348 1321 4409 Montis
1343 4345 1459 4424 libani,
1483 4347 1624 4426 specioso
1647 4346 1783 4426 quidem,
1814 4344 1870 4407 sed

493 4442 605 4505 nullius
623 4443 777 4507 'firmitatis
800 4455 989 4527 argumento.
1027 4445 1102 4509 Nam
1125 4447 1336 4509 cumGraecis
1360 4446 1546 4509 Ortbodoxis
1569 4445 1679 4507 nullam
1703 4463 1720 4506 a
1743 4442 1870 4507 Consilii

495 4541 751 4605 Calchedonensis
785 4551 924 4625 tempore
957 4545 1194 4609 communionem
1226 4545 1382 4608 Jacobitae
1412 4544 1598 4606 babuerunt:
1629 4561 1729 4624 neque
1760 4540 1870 4602 Graeci

494 4637 564 4700 dum
585 4637 807 4703 invocationem
831 4643 959 4723 Spiritus
982 4645 1079 4706 sancti
1101 4662 1167 4706 cum
1197 4643 1322 4725 reliquis
1349 4644 1507 4706 Ecclesiae
1534 4642 1695 4723 precibus,
1725 4640 1767 4719 ad
1792 4656 1870 4702 con·

492 4736 695 4800 secretionem
723 4739 941 4804 elementorum
973 4742 1076 4805 valere
1110 4743 1295 4819 existimant,
1329 4742 1491 4804 verborum
1522 4741 1633 4805 Christi
1654 4742 1713 4802 vim
1744 4747 1776 4801 et
1797 4736 1864 4798 elil-

494 4835 608 4897 caciam
637 4845 766 4919 negant,
797 4842 932 4920 quamvis
960 4840 1202 4922 frequentissima
1236 4843 1276 4905 sit
1306 4842 1528 4925 Theologorum
1557 4840 1761 4903 recentiorum
1788 4835 1863 4897 baec

494 4932 643 4996 adversus
666 4935 735 4998 illos
759 4937 935 5003 criminatio.
970 4940 1055 5013 Quae
1076 4959 1171 5022 porro
1194 4941 1232 5004 ad
1254 4941 1448 5004 deterendam
1471 4958 1628 5003 sacrorum
1649 4938 1766 5001 illorum
1788 4952 1864 4997 ver-

492 5029 601 5096 borum
626 5032 687 5095 vim
717 5041 748 5097 et
776 5035 952 5116 dignitatem
981 5048 1108 5119 possent
1137 5043 1307 5121 pertinere,
1335 5057 1398 5103 non
1426 5028 1585 5102 divinando
1615 5045 1645 5100 et
1675 5034 1713 5097 ad
1739 5034 1867 5096 alienam

431 5134 433 5138 ’
493 5130 673 5194 sententiam
695 5151 732 5195 ea
756 5134 978 5217 detorquendo,
1002 5138 1176 5217 quaerenda
1205 5146 1289 5203 sunt:
1321 5138 1376 5201 sed
1403 5137 1434 5200 in
1468 5139 1589 5218 scriptis
1619 5135 1737 5197 illorum
1766 5149 1867 5215 agno-

493 5228 607 5291 scenda
640 5237 672 5293 et
694 5231 938 5314 demonstranda,
961 5235 1042 5317 quod
1064 5239 1174 5299 nemini
1195 5236 1316 5301 illorum
1337 5239 1389 5318 qui
1409 5237 1544 5300 Graecos
1567 5253 1605 5299 eo
1627 5234 1746 5297 nomine
1768 5233 1869 5313 impu-
