5150 6534
593 837 669 911 394
1093 834 1455 911 tttuttutn

693 1025 843 1095 Elcccca
868 1045 994 1094 ccccm,
1022 1021 1172 1114 Eamque
1198 1023 1231 1091 in
1257 1021 1450 1093 fortitudine
1477 1032 1511 1091 et
1537 1011 1653 1112 'gloria
1684 1041 1771 1114 quae
1786 1027 1819 1089 te
1839 1016 1965 1110 dignae

593 1152 669 1214 sunt
695 1162 917 1228 conservans,
944 1139 1104 1224 Domine,
1132 1141 1231 1207 etiam
1259 1158 1376 1209 omncs
1403 1135 1563 1207 haereses
1596 1139 1765 1230 impietate
1797 1136 1918 1229 plenas
1946 1157 1967 1206 e

592 1257 701 1328 medio
729 1257 814 1328 illius
843 1255 984 1351 depelle,
1012 1266 1046 1324 et
1071 1253 1168 1323 fidem
1196 1253 1424 1324 orthodoxam
1458 1257 1491 1323 in
1527 1274 1568 1322 ea
1600 1253 1820 1336 confirmans,
1855 1261 1889 1322 et
1922 1251 1965 1323 ab

592 1373 738 1466 illisqui
771 1395 844 1442 earn
880 1371 1030 1442 dividunt
1063 1378 1098 1440 ct
1129 1367 1299 1455 lacerant,
1333 1391 1406 1439 eam
1433 1367 1597 1455 liberans,
1630 1372 1664 1438 in
1697 1367 1850 1439 doctrina
1884 1388 1968 1438 vera

594 1510 667 1559 cam
695 1487 885 1575 stabiliens,
918 1496 953 1556 ut
984 1489 1029 1555 ita
1065 1484 1107 1556 ab
1142 1487 1214 1575 ejus
1241 1484 1315 1555 filiis
1341 1483 1506 1555 referatur
1533 1484 1588 1554 tibi
1616 1482 1725 1576 gloria
1753 1493 1787 1555 et
1812 1482 1969 1572 lauS‚.et

593 1605 762 1694 unigenito
789 1602 874 1673 Filio
900 1612 967 1672 tuo.
1618 1627 1620 1631 ·

697 1719 872 1789 Sacerdos
897 1717 1088 1786 inclinatus.
1141 1716 1321 1797 Memento,
1348 1717 1512 1803 nomina
1539 1737 1600 1810 per
1630 1716 1864 1786 miserationes
1892 1723 1969 1786 tuas

594 1834 725 1920 multas,
753 1856 868 1904 enrurn
896 1836 950 1927 qui
979 1832 1136 1924 adjuvant
1169 1829 1356 1901 Ecclesiam
1390 1843 1479 1902 tuam
1506 1842 1677 1918 sanctam
1712 1840 1745 1900 et
1776 1832 1968 1901 communi-

594 1960 672 2020 cant
697 1948 951 2021 necessitatibus
983 1969 1167 2042 pauperum
1199 1957 1232 2017 ct
1265 1948 1475 2035 abbatorum,
1508 1958 1542 2018 et
1576 1946 1698 2041 adjuva
1735 1965 1796 2018 eos
1833 1945 1968 2040 mando

595 2078 627 2136 tc
654 2070 821 2135 invocant.

699 2182 849 2250 Eteonos
883 2201 1009 2249 eccene.
1062 2178 1196 2249 Fideles
1232 2181 1330 2248 etiam
1366 2201 1469 2251 verns
1504 2182 1557 2272 qui
1592 2190 1666 2250 sunt
1700 2183 1732 2250 in
1763 2190 1835 2253 toto
1870 2177 1968 2266 orbe,

595 2318 908 2369 commemoramus:
936 2305 1096 2386 rogantes
1124 2305 1157 2364 ct
1184 2295 1403 2389 deprecantes
1431 2304 1464 2364 te
1491 2294 1650 2382 Domine,
1678 2308 1712 2366 ut
1738 2320 1800 2392 per
1826 2298 1966 2366 miseri-

595 2414 727 2485 cordias
754 2422 787 2482 et
813 2415 953 2502 gratiam
982 2420 1079 2497 tuam,
1107 2410 1181 2482 illos
1209 2415 1345 2497 visites,
1380 2420 1413 2480 et
1446 2410 1635 2481 fortitudine
1667 2411 1792 2483 brachii
1830 2414 1876 2484 tui
1903 2432 1966 2480 eos

595 2530 746 2622 adjuves.
799 2527 853 2600 Ab
882 2526 1036 2598 omnibus
1061 2530 1221 2617 angustiis
1252 2526 1358 2597 libera
1387 2548 1466 2598 eos:
1497 2551 1516 2598 a
1544 2527 1797 2599 necessitatibus
1830 2536 1864 2598 et
1894 2546 1966 2619 cp-

593 2643 821 2740 pressionibus
849 2647 941 2737 cripe
969 2665 1041 2731 eos,
1069 2642 1274 2732 oblationes,
1308 2643 1454 2714 decimas
1487 2655 1520 2714 et
1552 2647 1709 2737 primitias
1737 2655 1853 2715 eorum
1881 2665 1966 2715 sus-

595 2766 669 2854 cipc
701 2759 741 2830 ab
770 2759 857 2847 illis,
885 2758 1092 2851 dexteraque
1120 2769 1174 2829 tua
1202 2758 1330 2829 custodi
1357 2758 1445 2845 illos,
1473 2769 1508 2828 ut
1533 2762 1659 2853 pariter
1690 2762 1878 2831 referamus
1906 2757 1965 2829 tibi
2018 2740 2021 2746 ¹

594 2876 732 2947 laudern.

697 2991 872 3061 Sacerdos
904 2992 1095 3060 inclinatus.
1136 2992 1318 3078 Memento,
1345 2991 1499 3080 Domine,
1526 3015 1588 3085 per
1614 2998 1756 3085 gratiam
1783 3003 1871 3063 tuam
1886 2989 1967 3062 Re-

593 3131 671 3199 gum
697 3107 840 3178 bdelium
867 3111 921 3201 qui
949 3109 990 3177 ad
1018 3116 1050 3178 te
1077 3106 1280 3197 confugiunt,
1309 3117 1341 3176 ct
1367 3106 1557 3179 fortitudine
1583 3108 1710 3180 brachii
1737 3114 1781 3181 tui
1809 3107 1966 3182 cordorta

592 3225 676 3312 illos,
704 3232 738 3294 ct
763 3223 850 3294 bella
877 3223 1094 3295 barbarorum
1121 3221 1162 3292 ab
1191 3221 1266 3309 iltis,
1294 3234 1327 3293 ct
1354 3225 1395 3295 ab
1425 3228 1513 3295 omni
1541 3225 1660 3295 mundo
1689 3225 1828 3319 depelle.

697 3339 847 3410 Electrae
873 3363 997 3410 ccccm.
1052 3340 1170 3410 Omnia
1198 3341 1297 3408 etiam
1325 3361 1430 3430 regna
1459 3363 1544 3433 quae
1571 3344 1710 3436 imperio
1738 3351 1793 3412 tun
1812 3340 1969 3431 subjecta

593 3467 686 3543 sunt,
714 3465 748 3526 ct
774 3476 889 3528 omncs
917 3465 1100 3549 potestates
1128 3477 1214 3548 qrrae
1242 3459 1274 3524 in
1302 3458 1423 3526 virtute
1451 3465 1504 3525 tua
1532 3456 1682 3529 fiduciam
1709 3457 1850 3543 babent7
1887 3455 1969 3526 Re-

593 3595 722 3665 gcsque
749 3571 864 3642 fideles
893 3572 1030 3663 adjuva:
1058 3573 1230 3665 Principes
1259 3570 1474 3643 Ortlrodoxos
1500 3574 1622 3644 virtute
1648 3566 1971 3660 inst.rue,'seditio-

594 3711 717 3780 sosque
752 3695 785 3757 ct
811 3686 956 3757 rebelles
984 3709 1028 3757 ex
1055 3692 1214 3758 universo
1244 3687 1365 3757 rnundo
1393 3710 1587 3783 compesce:
1616 3700 1714 3783 atque
1736 3692 1767 3760 in
1795 3687 1971 3781 tranquil-

595 3805 685 3874 litate
713 3813 746 3873 ct
772 3826 856 3897 pace
883 3825 965 3893 rege
984 3826 1124 3894 gregem
1142 3815 1228 3875 tuum
1246 3805 1460 3898 spiritualem,
1488 3814 1522 3876 ut
1541 3805 1726 3875 reseramus
1745 3803 1800 3874 tibi
1821 3802 1972 3895 gloriam

594 3933 628 3992 ct
654 3919 802 4009 laudem,
830 3930 892 3989 etc.

698 4036 872 4105 Scccrrlos
894 4036 1082 4105 inclinatus.
1123 4035 1303 4121 Memento,
1329 4038 1483 4122 Domine,
1508 4039 1680 4125 genitricis
1710 4037 1868 4125 unigeniti
1890 4035 1973 4106 Filii

595 4156 659 4238 tui,
689 4161 721 4220 et
749 4155 891 4222 omnium
919 4151 1116 4222 Sanctorum
1145 4156 1198 4244 qui
1225 4152 1418 4246 placuerunt
1444 4154 1608 4241 majestati
1637 4162 1722 4221 tuae.

701 4267 850 4337 Elcrcas
881 4288 1004 4336 ccccm.
1059 4267 1124 4336 Per
1152 4276 1184 4335 te
1211 4271 1312 4353 enim,
1341 4270 1500 4354 Domine,
1527 4270 1694 4338 vaticinati
1714 4275 1788 4338 sunt
1806 4266 1971 4361 Prophe-

594 4396 663 4456 tae:
690 4404 752 4478 per
777 4372 952 4453 veritatem
981 4393 1067 4463 tuam
1097 4387 1213 4453 arrnati
1242 4382 1722 4478 suntApostoli1sccundum
1751 4403 1846 4476 spem
1876 4392 1972 4455 tuanr

594 4497 834 4570 dimicaverunt
861 4499 1047 4592 Martyres:
1075 4521 1135 4593 pcr
1162 4503 1332 4569 caritatem
1351 4513 1437 4572 tuam
1457 4504 1611 4571 vicerunt
1629 4497 1875 4571 Confesscres:
1907 4523 1972 4594 per

595 4625 626 4684 te
653 4614 796 4686 illustres
823 4613 900 4684 fracti
928 4627 1001 4686 sunt
1025 4618 1119 4705 justi:
1148 4618 1179 4684 in
1207 4620 1340 4685 nominc
1369 4628 1423 4688 tuo
1441 4615 1655 4710 proiecerunt
1666 4618 1874 4706 jejunantes:
1907 4639 1972 4710 pcr

593 4741 626 4800 te
654 4740 834 4801 coronatae
862 4741 937 4801 sunt
962 4730 1138 4822 Virgines,
1167 4742 1200 4801 et
1226 4731 1349 4802 Sancti.
1405 4733 1454 4803 Te
1482 4732 1697 4803 obsecramus
1732 4742 1765 4801 ct
1791 4730 1971 4824 deprecn-
2017 4727 2019 4732 ’

593 4869 682 4933 rnur,
710 4856 744 4917 ut
772 4847 976 4917 orationibus
1004 4870 1118 4918 corum
1146 4847 1420 4941 acceptabilibus,
1458 4871 1645 4919 mereamur
1677 4856 1800 4917 sertem
1836 4843 1972 4918 habere

595 4985 669 5031 curn
696 4962 775 5049 iltis,
804 4972 836 5031 ct
862 4973 989 5055 partem
1019 4986 1102 5055 quae
1130 4963 1191 5033 illis
1220 4976 1388 5052 servatum
1415 4974 1450 5034 ut
1476 4988 1550 5035 curn
1583 4962 1664 5049 iltis,
1700 4973 1732 5033 ct
1766 4964 1853 5031 inter
1890 4962 1971 5034 illos

593 5075 777 5148 referamus
805 5077 861 5147 tibi
889 5078 1029 5168 gloriam
1058 5088 1090 5148 et
1117 5077 1267 5169 laudem,
1295 5093 1329 5152 ut
1355 5084 1452 5151 etiam
1480 5081 1649 5171 unigenito
1677 5078 1761 5150 Filio
1789 5086 1856 5148 tuo.

696 5193 870 5264 Sacerdos
897 5179 1113 5265 inclinetch
1141 5194 1325 5284 bernano,
1353 5196 1512 5285 Domine,
1539 5195 1722 5266 Doctorum
1745 5191 1970 5265 Ortbudoxae

592 5310 685 5397 lidci,
713 5309 842 5381 illorum
876 5315 930 5403 qui
962 5333 1045 5382 vere
1078 5310 1357 5406 praedicaverunt
1393 5324 1427 5383 et
1460 5313 1643 5384 docuerunt
1670 5310 1825 5406 populum
1862 5318 1972 5399 tuum,
