5150 6534
598 837 676 912 218
1107 838 1469 915 nttunetl

598 1023 812 1113 etilieantem3
839 1026 1035 1117 sanguinem
1060 1022 1194 1094 Domini
1219 1022 1284 1094 Dei
1312 1034 1346 1096 ιι
1371 1022 1561 1097 Salvatoris
1587 1028 1694 1097 nostri
1725 1023 1809 1097 Jesu
1836 1023 1973 1114 ctist,

599 1138 641 1210 ad
667 1144 898 1214 remissionem
924 1148 1158 1235 peecatorum,
1184 1147 1218 1210 et
1243 1142 1347 1211 vitam
1374 1150 1542 1212 aeternam
1569 1142 1829 1236 suscipientium.

700 1255 863 1348 Populus.
915 1255 1035 1327 Amen.
1490 1325 1493 1334 ,

700 1370 885 1442 Sacerdos.
938 1369 1011 1441 Nos
1038 1372 1138 1460 igitur
1164 1368 1311 1441 illatione
1337 1372 1573 1464 mysteriomm
1605 1372 1745 1444 istorum
1778 1381 1972 1443 sanctorum

599 1486 689 1577 digni
717 1486 842 1574 ellecti3
864 1478 902 1557 ¹et
927 1507 989 1580 per
1014 1486 1165 1556 veritatis
1192 1487 1399 1576 agnitionem
1426 1485 1638 1557 illuminatum
1663 1483 1827 1557 babentes
1852 1487 1972 1558 menb's

599 1601 748 1689 oculum,
774 1622 933 1693 rogamus
965 1612 999 1672 et
1033 1599 1268 1686 obsecramus,
1300 1608 1335 1670 ιιι
1368 1603 1528 1694 mysteria
1563 1599 1647 1670 baec
1678 1602 1872 1695 proposita,
1908 1601 1972 1672 siut

598 1716 695 1787 nobis
722 1727 756 1787 ιι
782 1717 838 1788 illa
865 1715 1139 1809 suscipientibus,
1173 1713 1217 1786 ad
1249 1713 1460 1785 excitandam
1495 1713 1702 1806 vigilantiam
1738 1718 1889 1804 animae,
1929 1711 1970 1787 nd
2042 1719 2046 1725 '

599 1834 772 1903 sanitatem
800 1835 973 1928 corporis,
1000 1830 1042 1901 ad
1068 1832 1355 1925 participationem
1382 1852 1499 1901 veram
1526 1830 1713 1926 adoptionis
1739 1829 1902 1918 liorem,
1928 1828 1968 1902 ιιι

598 1949 930 2018 communicationem
956 1944 1099 2039 Spiritus
1126 1948 1248 2032 saneti,
1276 1943 1319 2014 ad
1345 1942 1583 2017 haereditatem
1602 1946 1699 2035 regni
1725 1943 1902 2018 eoelestis:
1928 1943 1967 2018 nl

598 2063 828 2134 remissionem
855 2059 1049 2131 delictorum
1076 2069 1110 2130 ιι
1134 2067 1370 2154 peecatorum,
1397 2062 1474 2154 quia
1502 2059 1644 2131 tedeeet
1669 2057 1802 2132 bonitas
1829 2069 1968 2133 etamor

599 2196 682 2265 erga
710 2173 871 2261 homines,
899 2174 1022 2268 tibique
1048 2172 1189 2265 gloriam
1205 2172 1381 2245 referimus
1396 2185 1431 2246 ιι
1447 2176 1628 2266 gratiarnm
1643 2178 1822 2263 actionem,
1848 2173 1966 2250 simul-

599 2310 663 2381 que
689 2290 858 2379 unigenito
885 2287 970 2360 Filio
997 2299 1072 2377 tuo,
1100 2299 1163 2361 ete.
1928 2293 1935 2300 ’

702 2402 886 2496 Populum
916 2406 1036 2477 Amen.

700 2517 875 2589 Sacerdos
900 2519 1093 2589 inclinatus.
1146 2517 1268 2590 Coram
1297 2529 1331 2590 te
1362 2518 1505 2590 Domine
1537 2516 1774 2610 obsecramus,
1809 2541 1872 2617 per
1906 2519 1966 2593 boe

597 2634 791 2707 sacrificium
818 2633 906 2728 quod
933 2633 1117 2728 perfectum
1143 2644 1178 2705 et
1203 2635 1404 2728 completum
1439 2645 1491 2706 est
1524 2657 1585 2728 per
1616 2635 1772 2730 Spiritum
1808 2645 1964 2724 sanctum,
2052 2673 2055 2682 =

595 2772 658 2844 pro
685 2748 839 2821 Ecclesia
867 2760 921 2819 tua
949 2759 1064 2820 sancta
1093 2747 1263 2821 Catholica
1291 2760 1324 2821 et
1350 2748 1567 2844 Apostoliea,
1599 2760 1634 2821 ιιι
1659 2761 1882 2824 conservetur
1906 2773 1966 2824 sa-

597 2887 678 2935 cnre
705 2874 738 2934 ιι
763 2867 982 2954 inconcusse,
1015 2886 1078 2934 nec
1112 2875 1231 2959 portae
1265 2863 1383 2935 inierni
1418 2864 1638 2958 praevaleant
1672 2865 1852 2939 adversum
1885 2889 1967 2939 eam.

595 2978 640 3050 Et
665 3001 727 3073 pro
754 2978 901 3074 patribus
927 2982 1050 3051 nostris
1078 2983 1201 3052 sanctis
1229 2991 1263 3051 ιι
1295 2978 1481 3052 rectoribus
1515 2984 1657 3066 nostris,
1689 2984 1873 3077 praecipue
1906 3004 1967 3078 pro

594 3094 725 3183 beatis,
751 3094 941 3167 Patriarcha
969 3105 1085 3167 nostro
1113 3095 1153 3165 D.
1180 3095 1221 3167 N.
1249 3105 1283 3167 et
1308 3094 1479 3189 Episcopo
1505 3107 1620 3169 nostro
1646 3096 1687 3168 Ι).
1712 3095 1856 3169 N.-cum
1883 3097 1968 3170 reli·

595 3214 668 3305 quis
694 3209 871 3304 Episcopis
900 3210 1114 3284 Orthedoxis.
1168 3209 1344 3284 conserva
1373 3234 1434 3283 eos
1461 3210 1503 3283 ab
1532 3209 1774 3284 incursionibus
1800 3211 1909 3301 malis,
1935 3223 1970 3285 ιι

595 3350 615 3397 ι
642 3328 776 3421 pascuis
802 3328 1018 3419 perniciosis:
1044 3328 1111 3398 Pro
1139 3325 1368 3398 sacerdotibus
1395 3337 1430 3398 ιι
1455 3329 1632 3412 Diaconis,
1669 3331 1825 3421 omnique
1851 3327 1971 3401 ordine

593 3438 851 3528 Ecclesiastico,
878 3464 1143 3537 unumquemque
1169 3463 1378 3514 conservans
1405 3445 1438 3512 in
1465 3465 1506 3513 ιι
1537 3444 1716 3513 vocatione
1742 3464 1807 3535 qua
1824 3453 1970 3516 vocatus

596 3563 662 3641 est,
690 3554 818 3651 absque
844 3560 997 3643 crimine,
1025 3568 1059 3628 et
1085 3561 1306 3630 accusatione.
1359 3557 1523 3628 Miserere
1550 3559 1649 3627 etiam
1676 3558 1842 3628 tenuitatis
1870 3579 1972 3630 mene

596 3670 776 3742 secundum
804 3672 1078 3760 misericordiam,
1106 3683 1140 3744 et
1165 3671 1385 3758 clementiam,
1412 3693 1521 3765 neque
1539 3670 1636 3742 simul
1662 3670 1784 3766 perdas
1811 3693 1866 3742 me
1892 3693 1972 3744 cnm

594 3785 816 3878 iniquitatibus
842 3790 943 3875 meis,
970 3788 1030 3859 sed
1057 3788 1180 3860 exhibe
1207 3810 1290 3879 erga
1316 3809 1371 3856 me
1399 3786 1578 3886 bonitatem
1597 3798 1695 3871 tuam,
1725 3787 1878 3879 quamvis
1905 3787 1973 3858 sim

595 3900 762 3991 indiguus:
791 3901 887 3973 salva
914 3926 967 3973 ιιιι
994 3903 1174 3974 seeundum
1202 3902 1437 3974 multitudinem
1464 3900 1713 3972 misericordiae
1727 3910 1816 3988 tuae,
1843 3911 1879 3972 ιιι
1905 3923 1974 3996 per

595 4018 704 4086 omnia
731 4016 913 4107 glorificem
941 4029 974 4089 ιι
1002 4017 1153 4089 omnibus
1181 4016 1297 4088 diebus
1324 4020 1414 4088 vitae
1440 4039 1551 4087 meae:
1580 4028 1660 4087 uta
1695 4018 1835 4087 terrenis
1863 4021 1973 4108 cogi-

594 4130 773 4202 tationibus
801 4154 853 4203 me
879 4155 1078 4221 removeas,
1104 4153 1272 4226 purusque
1298 4131 1436 4218 nitidus,
1464 4142 1498 4201 ιι
1524 4130 1652 4224 absque
1679 4129 1807 4201 macula
1824 4134 1905 4218 sim,
1936 4143 1975 4205 et

595 4250 679 4317 sient
705 4246 899 4338 vigilantiae
926 4251 958 4317 in
985 4250 1166 4319 ministerio
1193 4249 1373 4340 requisitae
1390 4249 1558 4332 convenit,
1587 4255 1701 4316 sancte
1718 4256 1855 4317 tractem
1882 4243 1975 4318 baec

596 4363 766 4454 mysteria.
819 4361 886 4434 Pro
913 4363 976 4433 illis
1004 4366 1103 4434 etiam
1130 4365 1184 4456 qui
1212 4362 1415 4433 infirmantur
1441 4383 1603 4454 corpore,
1631 4370 1665 4431 ιι
1691 4363 1816 4451 anima,
1843 4370 1878 4431 ιι
1903 4381 1973 4455 pro

595 4475 659 4546 illis
686 4474 821 4570 reliquis
849 4480 962 4571 quiin
989 4476 1243 4573 purgationibus
1271 4476 1435 4564 timendiS,
1462 4475 1617 4571 periculis
1642 4476 1769 4548 seilicet
1788 4475 1974 4571 exiliisque

595 4600 792 4681 versantur,
818 4601 854 4662 ut
879 4591 942 4665 illis
970 4593 1101 4687 quidem
1128 4597 1318 4679 sanitatem,
1346 4601 1380 4662 ιι
1406 4594 1679 4685 respirationem,
1706 4594 1778 4663 istis
1803 4612 1890 4663 vero
1919 4591 1974 4663 li-

594 4706 760 4778 bertatem
788 4716 822 4778 ιι
848 4706 1075 4779 liberationem
1094 4707 1271 4781 concedas.
1325 4706 1471 4778 Benedic
1498 4708 1598 4778 etiam
1624 4727 1773 4778 coronae
1800 4708 1878 4777 anui
1904 4728 1976 4802 per

594 4819 833 4912 benignitatem
860 4833 968 4911 tuam3
1004 4826 1092 4895 aeris
1127 4845 1259 4918 quoque
1292 4832 1326 4894 et
1357 4824 1499 4893 omnium
1533 4832 1644 4892 terrae
1677 4822 1853 4910 fruetuum,
1880 4843 1975 4917 per-

592 4946 694 5031 petuo
722 4937 912 5009 recordare.

700 5052 860 5146 Populea.
913 5051 1019 5148 Kyrie
1046 5055 1184 5125 eleison.

701 5168 877 5239 Sacerdos
902 5168 1040 5240 elevans
1064 5191 1190 5240 noceam
1242 5168 1286 5240 Et
1317 5190 1484 5242 conserva
1515 5168 1668 5239 Domine
1689 5167 1846 5262 populum
1875 5176 1976 5242 tuum

595 5281 744 5371 fidelem,
771 5293 804 5353 ιι
830 5282 936 5355 libera
961 5305 1024 5355 nos
1051 5283 1091 5357 ab
1120 5282 1272 5357 omnibus
1299 5284 1436 5357 maculis
1463 5293 1498 5356 et
1523 5285 1642 5355 naevis
1668 5285 1819 5378 peccati,
1856 5290 1891 5354 et
1927 5283 1974 5357 ab
