5150 6534
909 860 1045 938 ntsttu
1070 858 1120 936 llll
1145 856 1331 936 mustum
1357 858 1533 936 llllDllElE
1558 858 1672 936 bldSll.
1893 855 1973 935 553

658 1048 663 1056 '
703 1046 865 1141 Populos.
920 1047 1039 1121 Amen.

701 1162 877 1235 Sacerdos
902 1163 1093 1257 inclinatos.
1148 1162 1316 1234 blemento
1343 1161 1444 1233 etiam
1469 1162 1612 1233 Domine
1637 1170 1779 1255 patrum,
1805 1158 1969 1234 bubum-

601 1304 665 1376 qne
690 1290 881 1353 nostrorum
907 1282 963 1373 qui
989 1278 1143 1352 obiemnt
1168 1281 1201 1348 in
1227 1301 1312 1351 vera
1334 1278 1411 1368 lide,
1425 1275 1718 1373 Presbyterum,
1733 1278 1968 1366 Diaconorum‚

599 1396 929 1494 Hypodiaconorum
955 1392 1146 1483 beatorum,
1174 1390 1443 1481 Caenobitarum,
1471 1397 1504 1466 in
1530 1393 1695 1466 caelibatu
1719 1403 1882 1489 perpetuo
1908 1396 1969 1466 vi-

601 1515 759 1602 ventium,
786 1508 983 1601 Laioorum,
1010 1532 1149 1605 quorum
1178 1513 1321 1583 omnium
1349 1520 1383 1582 tu
1409 1531 1580 1582 numerum
1606 1511 1698 1582 solus
1723 1513 1830 1600 nosti,
1856 1512 1970 1605 potis-

602 1633 716 1703 simum
744 1650 829 1700 vero
858 1629 912 1722 qui
934 1630 1004 1720 jam
1030 1630 1248 1699 nominantur.

706 1744 753 1816 Et
784 1742 920 1815 subluto
951 1766 1046 1814 uoce.
1115 1739 1277 1815 Conditor
1312 1763 1488 1838 corporum
1524 1751 1557 1813 et
1596 1744 1796 1830 animarum,
1813 1741 1969 1832 Domine,

601 1870 767 1933 memento
796 1859 838 1932 ad
866 1882 956 1931 aram
984 1868 1074 1931 tuam
1100 1858 1301 1946 coelestem,
1337 1880 1452 1930 eorum
1486 1860 1631 1930 omnium
1663 1861 1718 1953 qui
1752 1857 1970 1931 decesserunt

585 1956 644 2049 ¹de
669 1975 734 2050 hoc
760 1975 881 2049 mundo
910 1997 1122 2060 aerumnoso,
1148 1984 1370 2069 recreatoque
1397 1994 1458 2046 eos
1484 1977 1516 2046 in
1544 1971 1759 2046 tabernaculo
1784 1982 1841 2046 tuo
1863 1975 1969 2046 omnis

603 2092 733 2166 decoris
761 2092 871 2190 pleno.
906 2092 1064 2185 Trajicito
1093 2112 1153 2162 eos
1181 2100 1271 2161 trans
1298 2094 1488 2161 mansiones
1514 2093 1663 2162 cruciatu
1688 2086 1885 2178 horrendas,
1912 2098 1970 2160 at-

603 2232 667 2305 que
693 2212 727 2280 in
754 2206 975 2280 tabernaculis
1008 2206 1274 2278 luculentissimis
1310 2203 1475 2277 collocato
1511 2208 1614 2301 ipsos.
1671 2204 1763 2278 Erue
1795 2208 1888 2301 ipsos
1924 2228 1970 2276 ex

603 2323 750 2398 tenebris
778 2334 812 2396 et
826 2323 980 2416 caligine,
1009 2332 1107 2418 atque
1134 2347 1179 2394 ex
1206 2320 1417 2395 tribulatIone
1443 2320 1626 2415 doloreque
1650 2325 1760 2419 eripe3
1786 2331 1971 2418 appareat-

604 2464 668 2538 que
695 2443 777 2537 ipsis
803 2438 913 2512 vultus
940 2449 1014 2511 tuus
1041 2439 1214 2535 pacificus:
1250 2460 1359 2532 neque
1385 2440 1488 2510 intres
1515 2460 1589 2508 cum
1622 2439 1704 2533 ipsis
1736 2441 1770 2508 in
1800 2439 1971 2530 judicium,

603 2566 659 2629 aut
685 2578 796 2629 acrem
824 2558 1051 2650 quaestionem
1079 2553 1204 2626 habeas
1232 2554 1273 2624 de
1302 2565 1375 2626 ncta
1408 2557 1487 2627 vita.
1547 2551 1616 2625 Sed
1651 2555 1725 2625 sive
1756 2552 1863 2627 verbo
1896 2556 1971 2628 sive

604 2696 708 2771 opera
741 2674 976 2768 peccaverint,
1009 2680 1124 2766 utpote
1155 2669 1307 2742 homines
1334 2693 1435 2742 carne
1462 2667 1580 2757 induti,
1607 2671 1782 2760 remittito,
1811 2669 1970 2744 aboletu-

604 2812 668 2885 que
695 2806 828 2859 errores
854 2790 1012 2883 ipsorum.
1065 2785 1182 2858 Nostri
1208 2807 1313 2875 vero„
1347 2790 1401 2881 qui
1433 2788 1466 2857 in
1499 2788 1588 2858 vivis
1622 2790 1819 2881 superstites
1846 2806 1970 2873 sumus,

602 2914 637 2976 tu
664 2924 849 2976 conversus
876 2905 1046 2973 miserere.
1099 2900 1191 2973 Ecce
1227 2904 1313 2972 enim
1347 2902 1491 2997 quotidie
1518 2900 1560 2973 ad
1586 2902 1788 2975 iracundiam
1815 2905 1970 2974 concita-

602 3044 675 3093 mus
700 3029 735 3090 te
761 3017 868 3089 taedis
895 3028 929 3089 et
963 3015 1213 3090 detestabilibus
1243 3016 1382 3090 vivendi
1415 3016 1539 3090 modis:
1574 3020 1728 3113 quoniam
1758 3041 1847 3092 unns
1878 3020 1969 3094 solus

603 3145 655 3209 est
682 3139 737 3230 qui
763 3158 830 3206 non
857 3136 1019 3231 peccavit,
1047 3144 1080 3205 et
1107 3136 1161 3228 qui
1188 3156 1207 3204 a
1234 3131 1330 3229 culpa
1357 3131 1488 3223 liberet,
1514 3134 1676 3205 Dominus
1701 3143 1816 3207 noster
1835 3145 1869 3207 et
1890 3155 1970 3208 ser-

603 3260 702 3324 vator
728 3259 843 3322 noster
868 3250 968 3321 lesus
996 3248 1146 3323 Christus
1174 3272 1235 3345 per
1262 3271 1360 3345 quern
1387 3271 1449 3321 nos
1476 3267 1608 3345 qnoque
1641 3271 1757 3323 omnes
1785 3271 1970 3348 speramus,

602 3389 666 3439 nos
700 3376 939 3439 consecuturos
972 3363 1252 3454 misericordiam
1285 3373 1320 3437 et
1350 3367 1582 3439 remissionem
1618 3376 1847 3463 peccatorum,
1883 3388 1971 3464 quae

602 3492 740 3579 propter
767 3504 840 3553 cum
867 3480 962 3554 nobis
990 3492 1024 3552 et
1048 3481 1121 3553 illis.

706 3598 867 3692 Populus.
920 3598 1084 3690 Ignosce,
1110 3601 1249 3668 remitte.

706 3712 889 3785 Sacerdos.
942 3713 1100 3806 Ignosce,
1126 3717 1267 3802 remitte
1296 3711 1447 3784 condona
1465 3713 1558 3785 Deus
1572 3712 1694 3786 delicta
1715 3712 1858 3806 illorum,
1885 3739 1970 3811 quae

602 3828 801 3909 voluntarii,
836 3833 981 3904 seientes
1008 3826 1065 3900 vel
1091 3833 1299 3920 ignorantes,
1325 3830 1481 3923 reipsa,
1514 3840 1570 3902 aut
1604 3829 1686 3903 solis
1713 3828 1970 3923 cogitationibus

601 3954 799 4041 patravere:
828 3945 957 4018 occulta
984 3954 1018 4016 et
1043 3944 1230 4036 manifesta,
1257 3966 1396 4039 quorum
1422 3944 1641 4017 recordantur
1662 3954 1696 4018 et
1718 3968 1856 4041 prorum
1878 3945 1971 4021 obliti

603 4070 692 4136 sunt:
720 4085 805 4156 quae
833 4064 942 4134 omnia
968 4062 1064 4131 novit
1088 4082 1210 4132 nomen
1236 4070 1326 4132 tuum
1352 4070 1513 4137 sanctum.

706 4178 755 4247 Et
783 4178 918 4249 arbiola
952 4199 1046 4247 voce.
1107 4175 1323 4249 Sanctissime
1360 4177 1471 4267 Deus,
1509 4187 1674 4250 memento
1707 4182 1805 4251 etiam
1840 4199 1970 4268 eornm,

605 4315 742 4389 qnorum
768 4297 961 4365 memoriam
988 4291 1086 4363 hodie
1112 4289 1333 4382 celebramus,
1360 4314 1543 4388 omnesque
1561 4292 1635 4368 illos
1662 4305 1809 4384 veteres,
1835 4294 1970 4367 admitte

602 4410 826 4482 internuncios
854 4419 887 4481 et
913 4408 1148 4481 conciliatores
1173 4429 1235 4505 pro
1263 4411 1379 4483 animis
1408 4413 1550 4482 omniurn
1577 4421 1736 4498 nostrum,
1763 4409 1969 4507 dignareqne

603 4546 665 4598 nos
692 4547 770 4598 esse
797 4537 971 4598 consortes
999 4535 1033 4596 et
1059 4523 1264 4598 cohaeredes
1291 4529 1449 4620 ipsorum.
1501 4527 1614 4622 Atque
1648 4529 1792 4599 omnium
1817 4538 1969 4599 nostrum

515 4705 518 4709 ,
603 4663 731 4713 memor
764 4650 857 4731 esto,
890 4663 951 4737 per
981 4638 1218 4733 benignitatem
1254 4648 1360 4712 tuam:
1395 4663 1459 4713 nos
1491 4645 1625 4716 visitato
1659 4664 1734 4715 eum
1765 4639 1999 4731 multitudine‘

602 4756 857 4830 misericordiae
877 4765 966 4844 tuae,
994 4778 1226 4853 apparensque
1246 4753 1346 4829 nobis
1373 4757 1732 4849 condeprecantur,
1758 4765 1857 4853 atque
1884 4756 1970 4831 tales

602 4894 666 4946 nos
702 4896 763 4969 per
795 4871 1000 4945 efficientiam
1041 4871 1215 4968 probitatis
1255 4881 1333 4944 tuae
1368 4872 1507 4963 efficito,
1541 4872 1656 4969 quales
1689 4894 1768 4946 esse
1803 4879 1970 4949 convenit

601 4987 754 5063 Aboleas
793 4989 929 5061 dissidia
963 4985 1190 5062 Ecclesiamm
1227 4996 1376 5081 tuamm,
1415 4987 1623 5062 insolentiam
1664 4989 1831 5082 gentium,
1859 5001 1972 5088 'atque

604 5103 846 5178 haereticorum
879 5106 1040 5176 stationes
1078 5104 1211 5201 dissipa.
1273 5103 1346 5177 Nos
1378 5104 1520 5200 denique
1552 5108 1730 5178 universos
1766 5109 1905 5204 recipito
1936 5111 1972 5180 in

604 5243 744 5314 regnum
771 5231 872 5309 tuum,
899 5230 933 5291 et
958 5217 1043 5293 filios
1070 5219 1153 5296 lucis
1181 5220 1295 5316 effice,
1327 5241 1392 5317 quo
1420 5242 1536 5295 omnes
1562 5243 1629 5295 uno
1656 5223 1780 5317 animo,
1807 5226 1901 5321 qnasi
1927 5222 1970 5297 ab
