5150 6534
1048 1374 1545 1551 titutum

618 1705 1955 1857 ooorouuu1-sluoronuu‚

770 1947 797 2021 A
828 1944 1005 2022 JOAllllE
1039 1943 1195 2020 MAGNO
1227 1944 1524 2046 PATRIAROHA
1557 1947 1797 2025 ORDINATA.

1068 2231 1219 2304 Primum
1247 2234 1369 2305 Oratio
1396 2234 1513 2307 Pacis.

671 2428 828 2532 Douma
855 2454 947 2526 Deus
973 2464 1094 2548 potens
1121 2465 1155 2525 et
1181 2453 1540 2549 incomprehensibilis,
1568 2456 1798 2548 absconditus,
1825 2483 1889 2532 nec
1914 2465 1973 2533 in-

599 2570 825 2664 vestigabilis:
853 2570 1068 2665 tranquillitas
1096 2580 1129 2641 et
1156 2571 1317 2643 exultatio
1345 2572 1545 2644 sublimium:
1579 2595 1648 2668 pax
1674 2584 1707 2644 et
1733 2575 1889 2665 gaudium
1916 2580 1975 2647 in-

599 2688 775 2760 feriorum:
812 2690 936 2757 caritas
980 2684 1204 2758 indivisibilis:
1247 2674 1478 2759 misericordia
1518 2688 1812 2782 imperturbabilis:
1848 2689 1975 2762 laetitia

596 2806 778 2895 justorum:
805 2803 949 2873 victoria
975 2803 1121 2896 piorum:
1150 2824 1228 2896 spes
1263 2803 1482 2891 Sanctorum,
1515 2813 1549 2874 et
1582 2802 1746 2895 refugium
1782 2804 1973 2895 lugentium.

599 2918 656 2992 Ad
690 2929 724 2991 te
758 2916 900 2988 clamant
936 2920 1066 2987 animae
1099 2928 1252 3004 nostrae,
1289 2928 1323 2988 et
1357 2917 1577 3014 deprecantur
1612 2922 1745 3014 spiritus
1779 2924 1903 3011 nostri,
1939 2930 1975 2991 ut

598 3056 667 3106 uno
694 3033 827 3105 vinculo
854 3030 1034 3126 spirituali,
1062 3054 1124 3104 nos
1153 3054 1269 3104 omnes
1297 3033 1393 3104 simul
1420 3036 1562 3105 invicem
1583 3045 1775 3122 connectas,
1803 3045 1837 3107 ut
1857 3035 1973 3109 osculo

600 3152 744 3236 sincero,
772 3157 807 3218 et
831 3170 918 3242 pace
946 3150 1052 3219 omnis
1084 3146 1210 3218 fraudis
1245 3169 1352 3218 vacua
1381 3148 1577 3221 adoratores
1606 3158 1680 3221 tuos
1707 3153 1819 3222 unias:
1847 3154 1974 3223 simus-

574 3287 666 3359 ·que
698 3285 798 3334 unum
832 3283 954 3357 corpus
987 3261 1181 3349 indivisum,
1209 3261 1297 3355 quod
1326 3273 1357 3333 te
1384 3262 1558 3355 glorificet,
1586 3273 1620 3333 et
1635 3266 1839 3354 unigenitum
1855 3264 1973 3335 Filium

599 3388 690 3451 tuum
717 3388 751 3450 et
776 3376 932 3472 Spiritum
961 3388 1048 3448 tuum
1077 3379 1339 3467 sanctissimum,
1367 3390 1400 3450 et
1426 3378 1558 3450 bonum.

704 3494 866 3587 Populos.
920 3494 986 3565 Det
1013 3496 1152 3587 quisque
1186 3515 1314 3587 pacem.
1587 3570 1589 3576 ,

705 3608 889 3681 Sacerdos.
943 3607 1126 3681 Adorande
1154 3613 1208 3703 qui
1235 3606 1276 3679 ab
1304 3608 1445 3699 Angelis
1478 3610 1695 3701 glorificariS,
1729 3622 1763 3681 et
1789 3634 1809 3682 a
1837 3608 1972 3682 Cheru-

599 3723 669 3797 bim
703 3724 931 3812 benediceris,
966 3746 986 3794 a
1018 3722 1192 3819 Seraphim
1227 3722 1463 3809 sanctificaris,
1502 3724 1544 3797 ab
1578 3728 1691 3817 lgncis
1724 3725 1914 3812 honoraris,
1944 3722 1973 3797 'a

599 3838 833 3936 Spiritualibns
861 3838 1054 3929 extolleris,
1088 3850 1121 3910 et
1149 3862 1167 3909 a
1195 3837 1269 3910 liliis
1296 3837 1461 3911 hominum
1490 3841 1690 3931 celebraris,
1727 3841 1768 3913 ab
1797 3841 1973 3915 omnibus-

601 3979 666 4051 que
699 3958 862 4027 creaturis
895 3954 1047 4027 adoraris
1083 3964 1116 4025 et
1151 3954 1306 4025 laudaris.
1365 3955 1512 4050 Respice
1546 3957 1689 4030 Domine
1731 3979 1853 4030 servos
1885 3969 1974 4046 tuos,

599 4070 676 4145 illos
704 4074 760 4165 qui
785 4069 1028 4142 inclinaverunt
1054 4070 1139 4142 colla
1158 4093 1218 4142 sua
1241 4093 1355 4141 coram
1375 4076 1550 4164 majestate
1565 4084 1630 4144 tua.
1683 4075 1827 4145 Demitte
1844 4095 1975 4144 manum

600 4197 690 4259 tuam
717 4185 848 4280 plenam
876 4184 1162 4274 miserationibus,
1190 4207 1291 4280 super
1317 4191 1614 4279 congregationem
1643 4188 1850 4259 adorantium
1873 4198 1916 4277 te,
1944 4199 1978 4260 et

599 4306 692 4375 mitte
719 4300 801 4390 illis,
828 4300 869 4372 ab
898 4301 1045 4373 excelsis
1073 4305 1197 4373 sanctis
1225 4306 1288 4374 tuis
1317 4303 1550 4375 abundantiam
1576 4303 1859 4393 benedictionum,
1892 4303 1976 4375 fon-

600 4428 654 4489 tes
681 4416 863 4503 bonomm,
891 4419 1112 4508 scaturigines
1146 4419 1345 4506 sanctitatis,
1372 4428 1406 4489 et
1431 4419 1541 4491 fontes
1568 4423 1734 4515 puritatis:
1767 4431 1802 4492 et
1831 4418 1886 4491 fac
1912 4444 1976 4493 nos

600 4533 686 4607 lilios
724 4543 757 4604 ct
792 4530 956 4603 haeredes
992 4535 1025 4603 in
1052 4554 1159 4625 regno
1193 4544 1250 4605 tuo
1286 4533 1443 4621 coelesti,
1477 4557 1538 4629 per
1569 4558 1687 4630 pacem
1719 4535 1804 4606 hanc
1831 4557 1977 4629 quama

599 4658 634 4720 ta
647 4654 820 4746 suscipere
834 4655 1024 4739 meruimus,
1052 4662 1086 4723 et
1102 4651 1286 4723 referemus
1308 4651 1364 4724 tibi
1386 4649 1527 4741 gloriam
1547 4661 1580 4721 ct
1594 4654 1776 4742 gratiarum
1802 4654 1975 4722 actionem.

704 4765 866 4858 Populos.
921 4768 1039 4837 Amen.

706 4881 891 4953 Sacerdos.
944 4881 1037 4956 Deus
1065 4906 1203 4974 magne,
1230 4894 1385 4971 aeterne,
1414 4904 1540 4953 summe
1568 4892 1602 4953 et
1635 4882 1793 4971 excelse,
1827 4881 1976 4952 admira-

576 4994 677 5068 bilis
705 5006 738 5068 et
765 4996 978 5086 abscondite,
1006 5001 1061 5092 qui
1089 5010 1240 5093 praestas
1268 4997 1531 5093 misericordiam
1557 4999 1591 5067 in
1617 4996 1717 5066 millia
1745 5004 1779 5066 et
1795 4997 1976 5090 myriades,

603 5134 720 5184 eorum
747 5116 802 5207 qui
830 5111 968 5203 diligunt
995 5123 1048 5200 te,
1081 5125 1115 5185 et
1142 5111 1325 5186 observant
1357 5111 1511 5184 mandata
1538 5120 1611 5199 tua;
1648 5113 1703 5204 qui
1735 5115 1928 5206 mysterium
1956 5136 1976 5183 a

603 5226 758 5314 sacculis,
787 5238 821 5298 et
847 5229 1121 5319 generationibus
1149 5227 1378 5301 absconditum
1404 5226 1565 5299 revelasti
1591 5224 1690 5298 nobis
1717 5249 1779 5322 per
1797 5227 1976 5300 adventum

602 5336 677 5412 Filii
705 5345 751 5413 tui
778 5342 912 5415 Domini
937 5348 1044 5418 nostri
1070 5345 1154 5418 lesu
1180 5342 1323 5433 Christi,
1351 5345 1469 5438 quique
1497 5343 1651 5434 dignatus
1679 5364 1728 5432 es,
1755 5365 1819 5416 nos
1845 5340 1977 5414 media-

2022 2476 2163 2531 Pbiloxeni.
2249 2458 2251 2461 ‚

2021 3623 2112 3676 Jacobi
2137 3626 2294 3693 Serugeasis.
