5150 6534
854 846 902 923 IN
936 845 1196 923 LITUROIAM
1226 843 1398 922 JthOBl
1436 845 1729 926 SllRUGENSlS.
1902 850 1978 924 369

604 1028 755 1094 multoties
776 1031 925 1111 repetitur
947 1029 977 1092 in
1000 1028 1105 1092 iisdem
1128 1029 1278 1107 Homiliis,
1310 1037 1340 1092 et
1370 1031 1400 1091 in
1428 1030 1617 1093 Tractatibus
1648 1031 1852 1115 Theologicis.
1902 1032 1977 1097 Inde

604 1128 724 1191 constat
752 1146 814 1189 non
837 1126 1022 1209 singularem
1053 1129 1209 1209 quamdam
1239 1128 1269 1190 in
1298 1130 1356 1190 ista
1385 1128 1520 1211 Liturgia
1542 1132 1673 1210 proponi
1695 1131 1886 1212 opinionem,
1920 1132 1979 1196 sed

603 1243 792 1296 communem
814 1225 971 1289 Ecclesiae
993 1224 1178 1290 Jacobiticae
1201 1227 1378 1290 doctrinam.

1002 1489 1036 1558 2.
1073 1489 1252 1558 laceratio
1279 1486 1432 1579 Spiritus
1457 1490 1577 1558 saneti.

710 1678 877 1755 lavocarro
901 1688 1029 1770 Spiritus
1052 1691 1157 1766 sancti,
1182 1707 1367 1752 communem
1391 1687 1527 1752 omnibus
1542 1689 1685 1771 Liturgiis
1701 1688 1903 1752 Orientalibus
1927 1689 1976 1752 le-

604 1793 734 1856 ctionem
762 1799 974 1872 repraesentat
1002 1809 1068 1853 oum
1102 1793 1264 1870 perspicua
1294 1790 1345 1852 illa
1379 1792 1569 1853 distinetione
1601 1790 1727 1871 duplicis
1761 1790 1889 1852 effectus
1919 1809 1977 1871 per

606 1893 703 1954 saneti
725 1892 853 1971 Spiritus
877 1889 1037 1951 adventurn
1061 1888 1218 1970 postulati:
1249 1907 1358 1969 nempe
1387 1892 1416 1952 in
1444 1889 1520 1951 dona
1543 1891 1716 1970 proposita,
1749 1896 1780 1949 ut
1809 1908 1846 1951 ea
1869 1889 1976 1951 efficiat

606 2005 719 2070 corpus
747 1996 779 2052 et
809 1990 987 2070 sanguinem
1011 1989 1122 2051 Christi
1154 1988 1286 2050 Domini:
1322 1991 1352 2050 in
1381 1990 1577 2052 Sacerdotem
1608 1995 1639 2049 et
1669 1988 1912 2066 circumstanteS,
1944 1994 1977 2049 ut

582 2090 817 2169 <mysteriorum
845 2088 1036 2167 participatio
1065 2089 1162 2167 prosit
1199 2087 1257 2147 illis
1290 2088 1326 2148 ad
1361 2087 1568 2148 remissionem
1596 2091 1791 2166 peccatorum
1827 2094 1858 2147 et
1886 2088 1977 2147 vitam

605 2193 768 2249 aeternam.
815 2184 977 2265 Utrumque
1001 2187 1078 2247 enim
1102 2185 1253 2261 ellectum,
1277 2187 1346 2249 dnm
1382 2185 1506 2247 similem
1536 2203 1575 2245 ex
1603 2184 1743 2265 Gregorii
1775 2183 1899 2264 Coptica
1920 2184 1976 2247 Li-

604 2284 703 2366 turgia
727 2284 883 2346 formulam
906 2286 1029 2347 vexarit
1045 2284 1217 2362 Salmasius,
1242 2284 1427 2346 confundere
1445 2290 1569 2345 conatus
1592 2291 1650 2361 est,
1674 2290 1706 2343 nt
1728 2282 1847 2345 scilicet
1869 2283 1976 2346 tierent

603 2382 683 2445 dona
704 2385 864 2463 proposita
888 2400 999 2464 corpus
1023 2391 1053 2444 et
1076 2384 1211 2465 sanguis,
1235 2384 1288 2445 sed
1320 2384 1378 2444 iltis
1409 2383 1553 2444 duntaxat
1583 2398 1660 2461 quos
1693 2381 1821 2462 Spiritus
1851 2391 1974 2444 sanetus

599 2482 686 2562 prius
708 2482 974 2556 sanetificavisset3
999 2501 1056 2561 qua
1080 2483 1330 2561 interpretatione
1345 2480 1417 2541 nihil
1436 2478 1606 2556 absurdius,
1630 2488 1680 2540 aut
1695 2482 1790 2560 magis
1807 2480 1974 2543 abhorrens

603 2578 641 2641 ab
671 2578 867 2643 Orientalium
897 2580 1082 2663 Theologia,
1115 2588 1148 2641 ut
1183 2582 1220 2642 ab
1258 2581 1448 2660 antiquorum
1474 2580 1593 2640 Patrum
1624 2579 1769 2640 doctrina.
1820 2579 1853 2640 ln
1886 2579 1974 2660 hujus

604 2684 704 2740 autem
729 2677 883 2762 Liturgiae
906 2678 1098 2741 lnrocatione
1122 2680 1276 2762 singulare
1299 2688 1362 2756 est,
1392 2677 1472 2759 quod
1495 2695 1562 2738 cum
1585 2677 1761 2758 pleraeque,
1785 2696 1826 2739 ex
1847 2677 1974 2740 vocibus

606 2772 685 2856 quae
707 2776 868 2838 adventum
891 2796 946 2839 seu
969 2771 1187 2862 ἕπιφοίτησιν,
1211 2787 1241 2840 et
1265 2772 1452 2839 ἕπισκίασιν
1472 2776 1600 2857 Spiritus
1624 2777 1721 2837 sancti
1743 2776 1921 2858 significant,
1945 2784 1976 2839 et

604 2891 709 2937 omnes
733 2877 867 2938 eamdem
891 2879 949 2938 vim
973 2885 1003 2938 et
1026 2877 1273 2959 significationem
1303 2876 1432 2950 habent,
1461 2893 1546 2936 unam
1575 2882 1626 2936 aut
1656 2875 1729 2937 duas
1753 2883 1973 2955 repraesentet,

602 2974 660 3037 ista
684 2992 788 3037 omnes
811 2976 1044 3055 complectatur:
1068 2994 1176 3055 nempe
1199 2987 1264 3070 paret
1283 2976 1486 3054 supervadat,
1509 2984 1594 3058 qtt'tt
1618 2973 1780 3049 obumbret,
1809 2985 1899 3042 nttttt
1921 2995 1975 3037 re-

602 3073 749 3152 quiescat,
772 3074 880 3154 quibus
902 3076 1038 3153 illapsus,
1062 3075 1262 3149 obumbratio,
1285 3075 1489 3153 advectosque
1516 3075 1611 3135 sancti
1643 3072 1771 3154 Spiritus
1800 3074 1830 3133 in
1852 3072 1975 3136 Beatam
2084 3126 2088 3135 .

602 3170 759 3251 Virginem
782 3171 819 3233 ad
842 3172 1058 3235 lncarnationis
1082 3174 1256 3253 mysterium
1279 3172 1487 3252 significantur
1509 3190 1526 3233 a
1550 3170 1725 3252 Theologis,
1749 3172 1819 3233 dum
1841 3174 1973 3233 miracu-

601 3265 663 3329 lum
685 3268 765 3349 quod
789 3271 818 3330 in
841 3271 1029 3332 Eucharistia
1052 3271 1094 3349 stt,
1119 3270 1205 3332 alteri
1228 3271 1307 3350 quod
1330 3270 1439 3332 lactum
1463 3279 1510 3333 est
1526 3273 1555 3331 in
1569 3271 1786 3332 lncarnationis
1810 3279 1972 3350 momento,

604 3375 787 3447 comparant.
841 3368 874 3431 ln
902 3371 958 3431 ista
987 3387 1080 3449 porro
1115 3369 1209 3430 forma
1236 3368 1436 3432 lnvooationis
1467 3369 1621 3451 adjicitur,
1654 3377 1685 3431 et
1714 3377 1892 3431 transmutet
1920 3388 1971 3432 eas

603 3463 787 3528 oblationes:
812 3486 889 3548 quae
912 3468 1006 3529 verba
1030 3476 1194 3529 occurrunt
1217 3470 1246 3530 in
1264 3470 1382 3530 Graeca
1396 3469 1530 3550 Liturgia
1554 3466 1776 3548 Chrysostomi:
1805 3469 1887 3530 etin
1911 3469 1973 3549 Sy-

602 3564 685 3627 riaca
708 3583 786 3645 quae
808 3566 951 3629 Nestorio
975 3567 1128 3629 tribuitur:
1153 3575 1214 3628 tum
1238 3568 1267 3628 in
1290 3567 1455 3629 Jacobitica
1477 3566 1583 3628 ,iacobi
1599 3566 1757 3643 Edesseni,
1782 3566 1917 3628 blandae
1942 3575 1972 3628 et

604 3659 678 3725 aliis.
723 3664 799 3725 Hinc
822 3667 996 3746 agnoscitur
1018 3683 1124 3728 vocem
1148 3678 1237 3743 utut,
1269 3686 1347 3746 quaa
1370 3666 1560 3745 insequenti
1588 3666 1715 3745 periodo
1739 3667 1865 3748 legitur,
1888 3673 1920 3727 ut
1942 3668 1972 3727 in

605 3759 729 3840 Syriaca
751 3779 871 3842 quoque
893 3763 998 3825 Jacobi
1012 3764 1162 3846 Apostoli,
1186 3782 1246 3826 non
1270 3766 1357 3827 aliter
1370 3764 1606 3846 intelligendam,
1630 3784 1716 3845 quam
1733 3772 1764 3826 nt
1778 3764 1972 3847 intelligenda

604 3865 653 3922 ast
673 3878 735 3923 vox
758 3849 911 3944 ἀναδείξῃ
935 3880 1012 3941 quae
1035 3863 1144 3925 eodem
1167 3865 1236 3927 loeo
1265 3871 1428 3944 usurpatur
1455 3864 1485 3923 in
1509 3863 1634 3925 Graecis
1665 3863 1835 3925 codicibus:
1864 3882 1972 3944 nempe

604 3966 770 4036 consecret,
794 3965 825 4020 et
847 3957 970 4038 efficiat,
993 3969 1025 4021 ut
1048 3964 1169 4041 saepius
1193 3964 1372 4041 exprimitur
1394 3965 1423 4022 in
1442 3961 1570 4023 diversis
1593 3962 1658 4023 aliis
1672 3962 1813 4043 liturgiis
1831 3962 1972 4043 Syriacis.

603 4053 650 4117 De
672 4054 730 4118 illis
755 4075 830 4120 vcro
853 4057 1065 4136 locutionibus,
1089 4068 1119 4121 et
1133 4059 1327 4123 Orientalium
1350 4062 1406 4122 hac
1429 4062 1458 4120 in
1481 4068 1568 4139 parte
1592 4060 1769 4143 Theologia,
1792 4060 1973 4123 sufficienter
2052 4097 2057 4108 ·

603 4152 713 4216 dictum
735 4162 782 4217 est
804 4155 883 4219 alibi.

602 4409 638 4483 3.
680 4411 728 4482 Et
749 4417 864 4504 saciat
890 4421 1065 4510 atraraque
1093 4443 1191 4489 unum
1219 4420 1350 4510 Corpus
1378 4425 1412 4487 et
1437 4417 1644 4512 Sanguinem
1670 4440 1783 4504 aarum,
1809 4424 1970 4503 coactam,

1084 4535 1229 4626 aequale
1256 4540 1291 4603 et
1316 4536 1495 4623 mysticum.

701 4716 877 4793 Sanranrm
907 4730 995 4812 hujus
1029 4732 1089 4794 looi
1120 4734 1258 4813 quiddam
1290 4734 1449 4796 obscurum
1480 4734 1593 4798 babere
1624 4736 1790 4812 videbitur,
1827 4734 1886 4796 illis
1919 4734 1971 4814 qui

602 4828 777 4913 Theologos
802 4830 971 4895 Orientales
994 4834 1092 4896 minus
1115 4834 1276 4897 familiares
1299 4835 1418 4899 habent.
1449 4835 1566 4900 Docent
1587 4856 1650 4901 non
1671 4837 1760 4901 modo
1782 4840 1813 4900 in
1837 4838 1972 4898 Tracta-

599 4926 681 4990 tibus
704 4927 908 5012 Theologicis,
931 4932 985 4994 scd
1008 4934 1038 4993 in
1062 4932 1248 4994 orationibus
1271 4952 1349 5014 quae
1372 4935 1410 4997 ad
1431 4937 1575 5016 populum
1598 4937 1755 5016 dicuntur,
1780 4943 1870 5017 atque
1892 4936 1970 4999 adeo
2017 4944 2022 4953 '

591 5021 834 5105 'simplicissimae
867 5037 953 5107 sunt,
991 5039 1021 5093 et
1049 5031 1085 5093 ad
1115 5030 1211 5111 plebis
1242 5040 1361 5113 captum
1392 5035 1651 5116 accommodatae,
1686 5037 1763 5099 dona
1791 5038 1970 5099 consecrata

598 5140 690 5186 unum
714 5143 800 5203 esse;
823 5128 900 5190 sicut
923 5127 1060 5191 Christus
1083 5131 1149 5209 ipse
1179 5147 1256 5192 nnus
1279 5139 1337 5206 est,
1360 5150 1460 5218 neque
1482 5149 1591 5214 panem
1619 5143 1651 5198 et
1681 5135 1805 5199 calicem
1835 5129 1971 5215 quamvis
2032 5187 2038 5194 .

540 5279 543 5283 ,
598 5222 729 5285 seorsim
751 5233 970 5289 consecrentur
993 5234 1024 5289 et
1046 5235 1211 5307 sumantur,
1235 5227 1295 5291 duo
1325 5248 1395 5294 esse
1417 5232 1561 5312 mysteria
1589 5233 1655 5297 sive
1683 5239 1887 5309 sacramenta,
1915 5230 1970 5293 sed

600 5334 702 5385 unum.
743 5320 809 5386 Hoc
831 5324 1014 5405 simplicibus
1036 5326 1138 5389 verbis
1162 5327 1203 5390 ita
1226 5328 1396 5409 exprimunt
1418 5332 1448 5392 in
1471 5334 1619 5411 oratione,
1642 5350 1729 5413 quam
1752 5333 1890 5415 plerique
1914 5346 1971 5391 eo-
