5150 6534
910 827 1129 907 beers
1186 827 1679 907 Bae-cernue.
1906 830 1981 908 395

609 1014 794 1090 maumam
818 1014 1059 1111 Apostolorum
1086 1025 1217 1088 tuorum
1243 1025 1452 1105 sanctorum,
1478 1013 1521 1087 ab
1538 1013 1747 1110 Apostolicis
1761 1016 1983 1113 temporibus,
2053 1029 2057 1036 '

610 1129 654 1218 ad
678 1128 764 1203 banc
789 1151 897 1224 usqne
923 1128 1020 1202 diem.

695 1244 862 1322 ‘Deouana
892 1265 1019 1315 oocem.
1077 1246 1260 1317 Doctorum
1294 1243 1497 1333 electorum,
1532 1255 1567 1317 et
1610 1248 1665 1339 qui
1697 1247 1857 1341 mysteria
1889 1260 1983 1321 recte

560 1345 564 1350 ’
606 1362 815 1456 interpretati
840 1369 935 1449 sunt,
960 1357 1137 1433 Ecclesiae
1163 1369 1240 1431 tuae
1267 1369 1418 1432 sanctae:
1444 1359 1575 1453 illorum
1602 1361 1657 1454 qui
1689 1381 1773 1432 vere
1798 1361 1981 1457 praedica-

606 1483 729 1547 verunt
754 1473 1036 1570 dispensationem
1062 1477 1221 1567 unigeniti
1247 1472 1322 1545 Filii
1348 1477 1412 1562 tui,
1440 1485 1473 1547 et
1500 1478 1555 1568 qui
1580 1474 1656 1547 luce
1683 1474 1875 1567 dogmatum
1892 1499 1980 1550 suo-

606 1611 681 1663 rum
708 1612 729 1663 a
754 1589 880 1686 Spiritu
905 1598 964 1661 tuo
990 1600 1107 1662 sancto
1131 1592 1309 1686 inspirata,
1336 1588 1585 1662 illustraverunt
1601 1611 1744 1682 gregem
1764 1600 1854 1663 tuum
1868 1593 1980 1665 ratio-

605 1701 735 1793 nalem,
765 1715 888 1780 emtum
923 1707 1086 1798 sanguine
1118 1707 1277 1797 unigeniti
1312 1703 1387 1776 Filii
1419 1708 1474 1776 toi.
1526 1704 1600 1777 Nos
1631 1707 1729 1776 etiam
1758 1709 1815 1800 qui
1846 1708 1979 1779 verita-

606 1829 676 1894 teu
701 1818 872 1894 doctrinm
899 1841 1015 1893 eorum
1042 1829 1214 1907 tenemus,
1242 1831 1274 1892 te
1302 1818 1532 1911 obsecramus,
1559 1831 1593 1892 ut
1620 1818 1826 1893 orationibus
1851 1844 1981 1913 corum,

605 1955 727 2031 paoem
752 1944 841 2007 tuam
867 1933 1043 2007 Ecclesiae
1069 1946 1147 2007 tuae
1173 1934 1362 2022 concedas,
1390 1946 1424 2007 et
1450 1934 1679 2010 schismaticos
1700 1946 1799 2030 atque
1818 1935 1980 2009 dissidio-

606 2071 681 2124 rum
708 2059 844 2122 aotores
870 2049 1027 2123 emedio
1059 2051 1163 2122 nostri
1198 2050 1371 2146 expellas:
1405 2054 1438 2122 in
1471 2060 1565 2123 recta
1598 2051 1735 2144 illorum¹
1764 2050 1980 2124 confessione

604 2185 672 2240 nos
698 2159 890 2262 confirmes:
918 2175 1018 2260 atque
1046 2189 1121 2239 cum
1147 2164 1233 2255 illis,
1268 2177 1303 2239 et
1334 2169 1420 2237 inter
1454 2165 1552 2257 illos,
1586 2166 1772 2239 referamus
1806 2165 1865 2238 tibi
1896 2165 1978 2259 glo-

607 2280 693 2352 riam
720 2288 783 2353 etc.

710 2393 888 2467 Sacerdos
911 2395 1103 2468 inclinatos.
1155 2397 1317 2484 Praesta,
1353 2396 1515 2486 Domine,
1548 2419 1610 2491 per
1646 2395 1854 2468 clementiam
1890 2406 1979 2467 tuam

540 2565 544 2570 -
606 2512 755 2605 requiem
783 2521 818 2583 et
842 2514 1037 2584 memoriam
1072 2509 1213 2601 bonam,
1246 2508 1399 2584 omnibus
1435 2510 1617 2602 damnetis,
1651 2514 1706 2607 qui
1742 2509 1979 2598 decubuerunt,

606 2633 643 2698 et
668 2628 810 2721 quietem
838 2636 1056 2722 occeperunt,
1082 2629 1117 2697 in
1136 2648 1205 2722 ,spe
1231 2628 1393 2718 unigeniti
1418 2625 1495 2697 Filii
1522 2630 1576 2697 tui.

537 2724 545 2736 ’
710 2733 862 2813 Eleoorm
885 2763 1012 2812 aecem.
1064 2740 1116 2813 Te
1142 2742 1301 2828 Domine,
1328 2740 1473 2813 Domine
1503 2741 1736 2813 dominantium
1751 2738 1979 2831 obsecramus,

605 2864 642 2928 ot
665 2863 700 2928 te
723 2855 1008 2945 Deus„Domine
1035 2859 1205 2952 spirituum
1233 2869 1267 2928 et
1292 2859 1471 2928 universae
1497 2858 1608 2927 carnis
1641 2855 1877 2950 deprecamur,
1913 2876 1977 2950 pro

603 2968 687 3059 iltis,
715 2977 770 3067 qui
792 2973 890 3065 jusso
915 2980 973 3044 tuo
1000 2993 1047 3043 ex
1071 2970 1136 3043 hac
1162 2975 1232 3045 vita
1259 2975 1504 3064 migraverunt3
1532 2981 1566 3042 et
1592 2993 1637 3042 cx
1663 2969 1728 3043 hoc
1761 2970 1882 3042 mundo
1909 2967 1977 3041 ile-

602 3085 663 3160 bui
687 3085 849 3183 profecti,
876 3085 918 3158 ad
945 3096 978 3159 te
1004 3097 1241 3183 pervenerumt.
1295 3085 1446 3173 Quietem
1473 3097 1608 3183 praesta
1627 3086 1819 3174 animabus,
1847 3107 1977 3181 corpo-

600 3199 714 3290 ribus,
741 3211 775 3275 et
800 3201 968 3298 spiritibus
995 3223 1128 3275 eorum:
1156 3211 1191 3274 et
1217 3227 1237 3274 a
1265 3200 1412 3276 tenebris
1440 3201 1665 3275 exterioribus
1698 3201 1794 3273 salva
1828 3200 1922 3272 illos:
1956 3224 1978 3273 a

600 3320 750 3392 aucun
775 3339 889 3390 amaro
924 3321 1019 3414 eripe
1050 3316 1148 3405 illos,
1184 3327 1218 3389 et
1250 3317 1293 3388 ad
1324 3316 1512 3390 habitacula
1539 3317 1622 3389 lucis
1658 3327 1692 3388 et
1726 3316 1837 3409 gaudii
1870 3314 1977 3387 deduc

599 3431 694 3508 illos:
719 3419 842 3524 lumin'e
869 3432 980 3505 vultus
1007 3435 1053 3504 tui
1078 3432 1221 3525 gloriosi
1246 3431 1389 3505 laetifica
1415 3432 1507 3520 illos,
1535 3443 1570 3504 et
1596 3456 1616 3504 a
1643 3441 1738 3503 reatu
1762 3438 1977 3526 peccatorum

601 3569 737 3622 snorum
764 3547 872 3621 bbere
898 3548 992 3638 illos;
1025 3551 1103 3643 quia
1134 3546 1243 3620 nullus
1276 3550 1362 3620 inter
1396 3559 1494 3620 natos
1529 3548 1702 3620 mulierum
1734 3568 1837 3642 purus
1869 3544 1977 3618 inita

601 3659 756 3738 sordibus
782 3666 928 3761 peccati,
954 3666 1020 3738 nisi
1046 3686 1130 3736 unus
1157 3664 1319 3737 Dominus
1345 3662 1439 3735 Deus
1466 3685 1608 3756 magnus
1636 3671 1670 3733 et
1695 3661 1846 3735 salvator
1861 3672 1977 3741 noster

601 3778 704 3853 Joens
729 3777 881 3853 Christus
907 3781 1095 3872 unigenitus
1121 3777 1226 3851 Filius
1253 3789 1347 3867 tuus,
1374 3799 1435 3873 per
1462 3800 1560 3873 quem
1580 3799 1643 3850 nos
1658 3779 1757 3850 etiam
1776 3780 1976 3849 misericor-

603 3893 691 3968 diam
718 3915 902 3990 speramus.

706 4009 869 4103 Populea.
921 4008 1085 4102 Requiem
1111 4017 1264 4104 praesta,
1292 4020 1357 4081 etc.

707 4122 892 4196 Soccrdoo.
944 4123 1041 4196 Viam
1069 4126 1155 4196 enim
1181 4123 1374 4216 generalem
1390 4124 1490 4212 iilam,
1517 4126 1667 4220 primitus
1682 4131 1821 4194 naturae
1839 4131 1977 4195 nostrae

603 4242 814 4316 constitutam
840 4242 1013 4328 novimus,
1047 4249 1080 4310 et
1116 4248 1149 4312 te
1182 4240 1275 4311 Deus
1311 4241 1454 4313 Domine
1487 4242 1636 4312 universi
1670 4236 1908 4327 obsecramus,
1941 4247 1977 4309 ut

603 4353 726 4429 delicta
751 4367 868 4430 nostm
895 4355 1082 4430 voluntaria
1109 4363 1143 4427 et
1167 4355 1390 4429 involuntaria
1416 4358 1577 4441 remittas,
1605 4365 1638 4425 et
1659 4354 1760 4425 ultimi
1786 4352 1873 4426 illius
1894 4351 1977 4425 boni

602 4469 693 4566 qnod
718 4472 803 4551 viris
826 4473 919 4566 pacis
944 4481 1180 4567 praeparatum
1207 4480 1259 4542 est
1284 4492 1348 4542 oos
1375 4470 1496 4563 dunos
1523 4470 1665 4555 efficias,
1692 4479 1726 4539 et
1751 4490 1813 4562 per
1835 4470 1975 4569 miseri-

601 4583 736 4658 cordias
763 4588 892 4679 gratiae
918 4597 996 4659 tuae
1022 4590 1057 4658 in
1082 4585 1146 4658 boc
1174 4585 1310 4658 saeculo
1336 4584 1511 4658 nobiscum
1538 4594 1571 4655 te
1598 4582 1778 4676 benignum
1795 4580 1976 4677 praebeas,

602 4710 638 4774 et
661 4704 697 4774 in
722 4699 833 4775 futruo
859 4701 1025 4798 perducas
1051 4723 1115 4775 nes
1143 4700 1185 4772 ad
1211 4699 1398 4773 habitacula
1424 4700 1508 4772 lucis
1535 4710 1570 4771 et
1594 4699 1724 4792 gaudii,
1757 4707 1791 4769 et
1816 4706 1884 4770 tam
1909 4694 1975 4785 bic,

602 4835 702 4912 quom
726 4816 794 4889 illic
821 4814 1082 4906 celebrabimus,
1108 4815 1331 4906 laudabimus,
1359 4825 1393 4887 et
1408 4814 1607 4889 extollemus
1625 4813 1746 4888 nomen
1773 4822 1862 4884 tuum
1889 4834 1975 4885 san-

601 4933 784 5006 ctissimum
810 4943 845 5004 ct
870 4931 1091 5005 benedictum.

707 5046 869 5142 Populea.
922 5047 975 5119 Ut.

706 5160 891 5263 Socerdor.
942 5162 1027 5235 Pax.

706 5275 869 5371 Populea.
922 5277 1066 5350 Etcum
1094 5277 1211 5371 spiritu
1238 5286 1305 5349 tuo.

640 5411 769 5458 futtuli.
