5150 6534
911 828 957 904 Ill
990 826 1239 904 lluuuuhts
1272 827 1679 906 NESTOthNORUll
1897 827 1969 901 601

603 1012 793 1074 consecratio
810 1011 991 1074 admittenda
1007 1011 1097 1089 leret,
1121 1030 1187 1073 cum
1205 1010 1406 1074 Invocationis
1428 1012 1546 1076 solenni
1576 1011 1626 1075 illa
1655 1012 1780 1078 lonnula
1803 1020 1922 1087 careat;
1944 1012 1975 1074 in

605 1130 664 1191 qua
687 1117 814 1193 rogatur
836 1111 930 1184 lleus,
953 1118 985 1173 ut
1002 1111 1129 1191 Spiritus
1151 1119 1273 1172 sanctus
1297 1112 1461 1174 adveniens
1485 1113 1563 1174 dona
1584 1114 1750 1192 proposita,
1773 1131 1881 1194 panem
1904 1111 1974 1192 qui-

599 1209 672 1272 dem
695 1209 785 1272 iaciat
807 1217 929 1291 corpus,
952 1211 1068 1271 mistum
1093 1208 1172 1290 quod
1196 1211 1295 1272 estin
1319 1211 1414 1273 calice
1437 1213 1615 1294 sanguinem
1639 1212 1750 1274 Christi
1771 1212 1899 1273 Domini.
1944 1210 1976 1272 Si

602 1310 695 1391 igitur
717 1329 774 1390 per
796 1310 847 1371 illa
868 1310 963 1371 rerba
986 1309 1150 1388 perficitur,
1175 1327 1242 1371 curn
1270 1308 1434 1389 abluerint,
1462 1310 1536 1371 nihil
1560 1310 1607 1371 lit:
1634 1329 1733 1391 neque
1763 1311 1856 1372 altera
1886 1327 1974 1390 quam

602 1427 695 1489 supra
718 1409 918 1471 invocationis
942 1409 1052 1485 loriam,
1083 1407 1237 1469 retulimus
1261 1408 1395 1470 eamdem
1419 1410 1615 1486 sententiam,
1637 1418 1687 1470 aut
1710 1428 1812 1489 parem
1834 1409 1894 1469 vim
1916 1406 1974 1468 ha-

603 1509 678 1571 bere
701 1508 854 1571 censenda
882 1516 938 1571 est.
990 1507 1032 1568 ht
1060 1526 1126 1567 cum
1155 1508 1185 1567 in
1219 1506 1370 1569 Theodori
1400 1516 1431 1569 et
1456 1507 1589 1570 Nestorii
1618 1508 1759 1588 Liturgiis
1788 1505 1975 1588 Evangelica

603 1608 697 1670 verba
721 1606 843 1684 Christi,
867 1608 949 1667 utin
974 1606 1110 1669 omnibus
1134 1607 1200 1668 aliis
1224 1606 1381 1689 legantur,
1413 1608 1507 1687 prima
1530 1607 1695 1669 secundum
1717 1606 1784 1668 illas
1814 1604 1973 1667 reformari

603 1706 768 1768 indubitate
791 1703 891 1765 debet.

689 1806 722 1867 ln
745 1805 837 1865 blissa
860 1803 1041 1865 blalaborica
1071 1803 1164 1864 sonna
1193 1802 1356 1865 verborum
1380 1802 1489 1865 Christi
1512 1804 1691 1885 interpolata
1714 1811 1777 1879 est,
1806 1811 1838 1867 ut
1868 1801 1974 1863 Latina

603 1904 837 1967 substitueretur
856 1905 941 1982 juxta
966 1902 1135 1983 exemplum
1164 1902 1295 1964 Missalis
1319 1901 1471 1964 Chaldaici
1501 1903 1613 1965 Romae
1637 1903 1719 1966 editi.
1771 1902 1856 1964 Ratio
1887 1902 1973 1982 hujus

602 2004 774 2064 mutationis
799 2004 829 2063 in
852 2002 992 2064 Decretis
1017 2002 1132 2083 Synodi
1154 2001 1378 2081 Diamperensis
1402 2002 1478 2063 haec
1502 2004 1688 2084 assignatum
1713 2002 1792 2082 quod
1813 2002 1974 2064 Nestoria-

603 2119 710 2163 norum
732 2101 923 2163 Patriarchae
947 2101 1081 2163 nonnulli
1104 2120 1169 2163 eam
1193 2102 1394 2180 corruperint,
1418 2100 1646 2181 addiderintque
1670 2118 1705 2160 ea
1729 2118 1807 2179 quae
1830 2099 1866 2161 ad
1890 2118 1973 2160 suam

602 2198 744 2262 haeresin
767 2201 972 2263 insinuandam
994 2200 1147 2278 lacerent,
1179 2199 1207 2259 id
1237 2217 1313 2260 vcro
1342 2200 1491 2280 quomodo
1521 2201 1550 2261 in
1573 2200 1674 2262 verbis
1698 2198 1809 2260 Christi
1832 2196 1974 2261 releren-

605 2298 651 2360 dis
674 2299 739 2360 heri
762 2308 877 2380 posset,
902 2317 961 2361 non
986 2299 1073 2361 lacile
1098 2298 1284 2379 intelligitur.
1337 2301 1416 2361 Sane
1439 2298 1589 2361 Theodori
1613 2308 1642 2361 ct
1664 2298 1798 2361 Nestorii
1819 2298 1974 2379 Liturgiac

605 2415 682 2476 quae
706 2400 1001 2478 germanissimorum
1024 2399 1274 2460 Nestorianorum
1298 2406 1384 2476 sunt,
1419 2399 1458 2457 ita
1482 2398 1556 2459 haec
1580 2399 1673 2460 rerba
1696 2397 1848 2472 referunt,
1875 2404 1908 2458 ut
1935 2396 1973 2457 ab

604 2497 787 2558 Orthodoxis
811 2497 946 2576 Graecis,
970 2499 1054 2578 Syris
1079 2504 1108 2558 ot
1131 2497 1197 2557 aliis
1220 2497 1364 2558 Jacobitis
1389 2498 1602 2578 coJuscumque
1626 2497 1746 2577 linguae
1769 2498 1974 2577 pronuncian-

601 2603 658 2658 tur.
702 2596 768 2657 lloc
791 2606 835 2657 est
857 2617 967 2675 comnis
989 2616 1096 2670 aucum,
1119 2597 1198 2675 qarod
1218 2615 1277 2674 pro
1300 2596 1386 2656 codis
1405 2596 1559 2674 [rumpitur
1579 2599 1612 2656 iu
1632 2597 1839 2656 remissionem
1858 2614 1974 2675 pecca-

602 2703 709 2758 torum.
756 2696 813 2756 llic
835 2704 882 2756 est
902 2699 1027 2774 suupuis
1054 2715 1139 2756 arceas
1161 2695 1240 2756 Noui
1262 2695 1455 2770 Testamenti,
1488 2697 1540 2774 qui
1564 2714 1624 2773 pro
1652 2695 1738 2756 codis
1760 2694 1920 2774 effunditur
1941 2696 1974 2754 io

599 2796 807 2856 rerrrissa'ouem
826 2803 1028 2872 peccatorum.
1060 2794 1135 2855 istas
1158 2812 1233 2855 vero
1257 2792 1368 2854 lormus
1392 2793 1428 2854 ab
1452 2793 1509 2854 illis
1533 2811 1610 2874 quos
1633 2794 1866 2873 Diampcrenses
1890 2792 1973 2854 Cen-

602 2911 689 2955 sores
713 2901 856 2954 accusant
886 2892 1066 2971 haereticis,
1098 2893 1246 2954 institutas
1275 2891 1369 2953 luisse
1398 2893 1589 2971 existimare,
1619 2911 1751 2954 summae
1780 2890 1972 2955 absurditatis

602 2992 691 3068 foret,
717 3011 781 3053 curn
806 2993 928 3054 totidem
952 2993 1075 3073 syllabis
1099 2993 1240 3073 legantur
1268 2992 1299 3051 in
1323 2991 1445 3053 Graecis
1469 2993 1629 3075 Liturgiis‚
1661 2995 1745 3054 utin
1769 2988 1972 3055 Orientalibus

603 3091 753 3153 omnibus:
777 3101 807 3153 ct
831 3092 910 3171 quod
933 3093 1026 3172 majus
1051 3100 1097 3153 est
1120 3092 1349 3154 communicavit
1377 3109 1434 3171 per
1456 3109 1551 3153 annos
1575 3091 1654 3153 mille
1679 3100 1830 3154 trecentos
1853 3098 1884 3153 et
1906 3105 1973 3148 am-

603 3190 682 3270 plius
706 3188 815 3250 Oriens
840 3190 1007 3265 Occidenti‚
1032 3209 1098 3252 eum
1122 3191 1229 3252 eadem
1251 3190 1415 3251 verborum
1439 3190 1548 3252 Christi
1572 3188 1682 3268 forma,
1712 3192 1846 3270 quamvis
1869 3209 1886 3250 a
1908 3186 1973 3249 llo-

603 3306 690 3348 mana
713 3288 867 3365 differens,
891 3292 968 3350 iuter
990 3292 1098 3351 lllissas
1121 3289 1255 3369 quotidie
1278 3296 1489 3369 usurparetur.
1545 3290 1572 3350 ls
1596 3289 1662 3369 ipse
1685 3291 1735 3370 qui
1766 3298 1824 3351 tam
1854 3294 1973 3350 acutum

602 3387 748 3449 cernebat
771 3390 800 3449 in
824 3388 1008 3450 Graecorum
1031 3390 1196 3468 disciplinis
1227 3389 1469 3464 Turrccremato,
1493 3388 1604 3448 nullam
1627 3387 1797 3449 Florentiae
1826 3387 1973 3450 adversus

601 3486 670 3548 illos
695 3488 732 3548 de
756 3487 812 3548 lmc
838 3490 961 3551 crimine
984 3490 1065 3550 litem
1088 3489 1190 3550 movit.
1225 3486 1436 3548 Postulandom
1456 3489 1545 3548 etiarn
1568 3486 1659 3561 iuret,
1678 3489 1764 3567 juxta
1787 3495 1875 3548 vetus
1899 3483 1972 3547 illud

602 3587 788 3648 severissimi
804 3587 913 3667 judicis
929 3589 1109 3668 exemplum,
1134 3587 1281 3649 aribone
1304 3585 1421 3647 tandem
1445 3586 1519 3646 haec
1535 3586 1707 3666 corruptela
1730 3587 1852 3647 inducta
1875 3592 1968 3647 esset.

602 3684 680 3756 Ouid
704 3704 795 3763 porro
814 3688 900 3766 juvat
925 3705 1045 3749 causum
1067 3687 1328 3760 Nestorianorum,
1357 3686 1381 3746 si
1405 3685 1535 3746 dixerint
1558 3685 1586 3745 in
1610 3687 1761 3765 mysteriis
1784 3700 1971 3747 consceran-
2031 3727 2033 3731 -

601 3784 657 3847 dis
700 3784 765 3844 Hoc
787 3792 832 3844 est
854 3805 965 3864 corpus
987 3806 1092 3859 merten,
1115 3787 1195 3865 qrtod
1213 3804 1273 3864 pro
1295 3784 1382 3845 vohis
1401 3784 1556 3863 [renuitur
1576 3787 1608 3846 iu
1629 3787 1836 3846 rescissionem
1855 3802 1971 3862 pecco-

601 3891 711 3955 torum,
734 3882 833 3960 potius
857 3902 944 3961 quam
968 3883 1142 3964 simpliciter
1172 3883 1237 3944 Hoc
1264 3892 1310 3943 est
1337 3902 1448 3960 corpus
1469 3903 1575 3947 meum.
1627 3885 1657 3947 Si
1686 3885 1725 3945 ita
1755 3884 1912 3966 legeretur
1941 3883 1971 3943 in

602 3999 707 4042 eorum
731 3980 908 4057 Codicibus,
941 3984 1074 4044 accusati
1097 3982 1222 4045 forsitan
1246 4002 1261 4042 a
1286 3981 1434 4043 hlelchitis
1464 3991 1515 4044 aut
1542 3984 1687 4047 lacobitis
1718 3983 1860 4059 luissent,
1891 3981 1971 4062 quod

600 4080 642 4141 ita
665 4079 807 4158 simplicis
830 4079 956 4141 hominis
981 4100 1102 4161 corpus,
1124 4099 1184 4142 non
1203 4067 1310 4167 σάρκα
1327 4074 1543 4164 339313μὲ333,
1567 4103 1688 4144 curnem
1703 4082 1973 4160 dioinomsactom‚

603 4184 636 4237 ut
660 4178 767 4240 Graeci
790 4187 912 4241 veteres
937 4187 966 4241 et
989 4182 1178 4242 recentiores
1202 4178 1374 4259 loquuntur,
1398 4183 1427 4243 in
1450 4181 1638 4245 Eucharistia
1662 4190 1873 4264 agnoscerent.
1907 4181 1971 4242 lloc

602 4278 679 4337 cuim
702 4279 821 4339 nomine
845 4279 977 4339 accusati
1001 4279 1119 4341 luerunt
1142 4279 1212 4340 olim
1228 4297 1245 4339 a
1264 4280 1376 4342 Latinis
1400 4279 1558 4361 aliquibus,
1582 4282 1671 4344 ctiam
1695 4281 1871 4362 abionysio
1894 4277 1971 4339 Bar-

602 4374 699 4451 salibi‚
723 4378 857 4455 quamvis
889 4377 1057 4440 Orientales
1088 4377 1255 4441 Orthodoxi
1284 4386 1315 4440 et
1342 4378 1496 4442 lacebitae
1533 4399 1683 4461 nunquam
1721 4400 1775 4443 eos
1810 4396 1971 4442 accusasse

600 4476 801 4554 reperiantur,
824 4478 904 4556 quod
927 4478 1142 4539 Eucharistiam
1166 4496 1234 4539 esse
1266 4494 1377 4557 corpus
1401 4476 1513 4540 Christi
1543 4499 1604 4542 non
1627 4480 1795 4542 crederent.
1841 4481 1969 4540 Veteres

601 4590 721 4652 quoqne
744 4590 848 4637 orrrnes
872 4577 1007 4639 Graecae
1030 4585 1060 4639 et
1082 4576 1250 4639 Orientales
1278 4578 1442 4659 liturgiae,
1466 4597 1505 4641 nc
1527 4598 1586 4641 una
1609 4581 1727 4660 quidem
1751 4586 1879 4658 excepta
1901 4576 1970 4638 lor-

601 4688 677 4731 mam
701 4671 812 4734 Christi
834 4676 997 4738 verborum
1021 4678 1057 4738 ad
1080 4676 1205 4755 calicem
1239 4676 1346 4739 codem
1369 4685 1476 4740 tenore
1499 4687 1743 4759 repraesentant:
1773 4678 1831 4739 nec
1861 4677 1971 4740 habent

600 4770 667 4830 illas
690 4789 783 4832 voces
808 4778 934 4850 oeterni,
957 4784 1007 4837 aut
1029 4778 1201 4857 arrysterr'um
1220 4778 1303 4855 fidei,
1326 4783 1357 4838 ct
1380 4784 1478 4838 tamen
1500 4778 1581 4840 nulla
1605 4779 1684 4840 circa
1707 4776 1784 4837 hanc
1808 4775 1969 4837 diversita-

602 4875 661 4930 tem
685 4874 891 4933 controversia
915 4875 977 4936 luit.
1014 4875 1092 4936 Nihil
1114 4876 1206 4955 igitur
1228 4894 1339 4938 causae
1362 4884 1437 4951 crat,
1460 4895 1514 4938 cur
1536 4878 1643 4939 tradita
1664 4876 1827 4956 antiquitus
1850 4883 1881 4937 et
1904 4865 1968 4937 curn

602 4968 738 5029 omnibus
762 4969 826 5031 aliis
851 4972 981 5035 Orientis
1003 4974 1147 5036 Ecclesiis
1171 4977 1354 5037 conveniens
1378 4974 1473 5036 lonna
1494 4984 1668 5038 mutaretur.

688 5068 935 5149 Quandoquidem
958 5092 1032 5136 vero
1055 5072 1167 5153 Synodi
1191 5073 1414 5153 Diamperonsis
1441 5074 1573 5136 Decreta
1596 5076 1625 5134 in
1649 5072 1830 5154 amplissima
1854 5072 1968 5136 Conci-

600 5166 706 5228 liorum
731 5167 919 5233 Collectione
941 5191 999 5234 non
1024 5173 1101 5234 edila
1125 5179 1205 5248 sunt,
1228 5191 1327 5252 neque
1350 5190 1386 5233 ea
1409 5174 1522 5235 vidisse
1546 5173 1732 5236 Collectores
1755 5178 1897 5253 apparet,
1928 5170 1969 5231 li-

599 5264 716 5347 berque
740 5287 799 5348 quo
823 5272 1024 5351 eontinentur,
1049 5280 1095 5334 est
1118 5272 1306 5347 rarissimus,
1335 5270 1458 5335 Decreti
1480 5280 1594 5352 partem
1618 5290 1695 5353 quae
1717 5271 1794 5335 hanc
1816 5272 1966 5335 reforma·
