5150 6534
928 781 1183 924 'BEATORUM
1220 845 1560 925 apostatatus
1600 862 1651 924 dc.
1890 845 1965 963 {287

1018 1120 1098 1190 Tam
1123 1120 1208 1189 dicit
1232 1118 1322 1190 donc
1350 1119 1555 1193 Oratimtem.

704 1307 836 1383 Christe
862 1332 931 1405 pax
957 1310 1174 1404 superiorum,
1201 1318 1235 1379 et
1267 1308 1483 1404 unuquillitas
1517 1332 1639 1402 magna
1665 1308 1877 1398 inferiomm,
1909 1308 1965 1383 fac

600 1435 636 1499 ut
660 1424 787 1499 habitet
812 1423 1029 1520 tranquillitas
1056 1434 1090 1494 et
1114 1446 1183 1518 pax
1210 1433 1264 1494 tua
1291 1426 1324 1494 in
1352 1434 1493 1519 quatuor
1519 1423 1667 1521 partibus
1693 1426 1824 1515 mundi,
1858 1449 1965 1521 prae-

601 1545 697 1637 cipue
724 1551 834 1612 antem
859 1543 894 1611 in
918 1538 1073 1612 Ecclesia
1109 1548 1163 1610 tua
1191 1550 1306 1610 sancta
1334 1537 1521 1612 Catholica:
1553 1539 1608 1611 fac
1639 1552 1676 1613 ut
1700 1564 1818 1637 pacem
1843 1540 1967 1614 habeat

601 1656 850 1744 Sacerdotium,
886 1678 960 1728 cum
995 1656 1155 1752 lmperio:
1200 1677 1339 1728 cessare
1370 1653 1426 1728 fac
1457 1656 1545 1729 bella
1578 1680 1597 1727 a
1631 1655 1750 1729 finibus
1784 1668 1906 1748 terrae,
1933 1667 1968 1729 et

602 1773 726 1868 dissipa
752 1782 873 1865 gentes
900 1794 986 1867 quac
1011 1769 1100 1843 hetta
1126 1771 1258 1842 volunt:
1283 1781 1319 1841 nt
1344 1769 1547 1844 habitatione
1569 1773 1742 1869 tranquida
1769 1785 1803 1845 et
1828 1772 1966 1869 pacifica
2047 1839 2049 1844 ,

599 1887 758 1976 furamur,
785 1890 818 1958 in
846 1889 935 1959 omni
962 1890 1190 1982 temperantia,
1217 1897 1251 1957 et
1278 1890 1395 1960 timore
1421 1887 1494 1959 Dei.
1533 1889 1641 1961 Parce
1664 1888 1792 1963 dediciis
1819 1900 1853 1961 et
1878 1911 1966 1985 pcc-

601 2006 683 2077 catis
710 2003 935 2075 defunctorum
962 2026 1024 2099 per
1049 2006 1192 2096 gratiam
1218 2012 1252 2073 et
1278 2005 1510 2076 miserationes
1536 2014 1610 2075 tuas
1638 2008 1671 2076 in
1697 2006 1842 2078 saecula.

707 2119 756 2190 Et
781 2121 828 2190 ad
854 2119 931 2191 illos
956 2123 1014 2213 pai
1040 2125 1118 2189 sant
1143 2122 1240 2190 circa
1266 2119 1379 2190 attare
1405 2121 1499 2191 dicit.
1543 2119 1690 2191 Benedie
1715 2120 1867 2192 Domine.
1893 2120 1967 2190 Be-

601 2235 698 2307 nedic
724 2238 875 2308 Domine.
928 2234 1138 2329 imponitque
1164 2238 1354 2323 incensam,
1384 2230 1414 2270 ¹⁵
1441 2258 1506 2329 qao
1532 2258 1571 2307 se
1592 2238 1699 2330 ipsam
1719 2238 1907 2328 persuadit,
1934 2242 1969 2307 et

601 2352 694 2422 dicit.
722 2351 870 2423 Suavem
896 2350 953 2422 fae
979 2349 1121 2421 Domine
1148 2352 1240 2422 Deus
1266 2360 1392 2437 noster,
1419 2350 1557 2425 odorem
1581 2350 1758 2446 jucundum
1785 2356 1966 2424 animarum

601 2478 803 2556 sesmarum,
836 2490 898 2563 per
932 2469 1129 2538 suavitatem
1160 2469 1431 2557 caritensium,
1464 2477 1497 2538 et
1523 2490 1585 2562 per
1611 2491 1685 2540 eam
1712 2466 1830 2538 munda
1858 2490 1911 2539 me
1945 2489 1966 2537 a

600 2580 737 2655 maculis
764 2586 912 2677 peccati,
946 2593 979 2654 et
1004 2604 1106 2676 parce
1139 2581 1216 2653 mihi
1252 2581 1373 2654 delicta
1409 2593 1443 2654 et
1477 2593 1616 2678 peccata
1647 2606 1741 2672 mea,
1781 2592 1845 2655 tam
1881 2605 1966 2678 quae

601 2681 685 2784 scio,
712 2721 809 2793 quam
837 2721 923 2793 quae
953 2701 1085 2790 ignoro.

677 2815 803 2886 lteram
829 2817 959 2907 accipit
983 2818 1154 2885 incensam
1180 2814 1342 2885 mndadm
1366 2814 1535 2902 aeonibus,
1563 2821 1597 2885 et
1614 2817 1769 2885 incensat
1783 2817 1964 2905 mysteria:

599 2954 680 3003 mac
705 2931 798 3001 dicit.
850 2931 1036 3002 Accessum
1064 2928 1119 3001 dat
1151 2928 1249 3002 nobis
1277 2929 1452 3002 clementia
1488 2932 1618 3022 gratiae
1648 2939 1724 3002 tuac
1756 2930 1899 3001 Domine
1932 2936 1966 2999 et

599 3050 692 3120 Deus
719 3056 843 3132 noster,
871 3045 914 3117 ad
940 3047 1099 3139 mysteria
1126 3042 1210 3117 haec
1236 3046 1431 3141 praeclara,
1457 3055 1589 3133 sanctu,
1621 3044 1821 3117 vivificantia
1848 3055 1881 3117 et
1907 3043 1964 3115 di-

599 3165 679 3235 vina
707 3163 858 3258 quamvis
885 3160 1009 3253 indigui
1037 3162 1148 3232 simus.
1569 3197 1571 3200 ·
1978 3149 2054 3288 ⁰23³
2071 3158 2140 3203 ω’*
2156 3152 2183 3203 5¹¹
2203 3151 2285 3205 ’Μ

706 3279 804 3349 Haec
829 3277 937 3347 cerda
961 3275 1137 3347 Sacerdos
1162 3275 1264 3346 semet
1289 3275 1394 3370 atqae'
1424 3280 1546 3348 iterum
1570 3279 1712 3370 repetit,
1752 3283 1786 3347 et
1817 3275 1864 3345 ad
1887 3277 1965 3345 sim
2034 3274 2041 3287 ‘

600 3395 694 3491 pata'
716 3393 899 3464 interualla
928 3396 1045 3485 jaapit
1075 3415 1193 3462 manas
1227 3414 1309 3462 satas
1342 3415 1445 3486 saper
1475 3399 1597 3485 pectas
1627 3406 1736 3465 sunm·
1753 3394 1790 3460 in
1819 3395 1966 3484 sormam

603 3515 724 3583 mucis.
779 3509 958 3581 Oscadutar
990 3508 1103 3579 attare
1129 3507 1178 3578 'in
1216 3509 1346 3590 media:
1382 3512 1577 3602 accipitque
1615 3505 1776 3577 medabus
1813 3504 1967 3578 manibus

603 3627 752 3699 oblatam
777 3629 1006 3718 superiorem,
1034 3630 1069 3696 et
1093 3647 1223 3697 sarsum
1249 3627 1421 3717 aspiciens
1446 3624 1539 3695 dicit.

704 3741 795 3812 Laus
821 3744 944 3813 nomini
971 3750 1026 3814 tuo
1054 3751 1170 3814 sancto
1197 3742 1340 3813 Domine
1366 3741 1449 3813 Jesu
1471 3739 1623 3830 Christe,
1650 3751 1684 3812 et
1711 3727 1861 3812 adoratio
1887 3762 1966 3811 ma·
2004 3761 2013 3776 ⁵

597 3860 710 3952 jestati
744 3866 820 3927 tuae
851 3878 984 3951 semper
1019 3866 1052 3928 et
1082 3861 1115 3928 in
1142 3856 1287 3929 saecula.
1322 3858 1442 3929 Amen.
1486 3855 1587 3927 Panis
1614 3859 1701 3927 enim
1725 3858 1823 3926 vivus
1851 3861 1903 3925 est
1928 3863 1965 3924 et
1995 3859 2285 3916 uiscerationem

601 3972 775 4046 vivificans
811 3973 865 4065 qui
902 3971 1072 4044 descendit
1108 3972 1149 4042 dc
1184 3971 1310 4059 coelis,
1345 3982 1379 4043 et
1412 3971 1468 4043 dat
1500 3973 1603 4043 vitam
1633 3970 1754 4043 mundo
1793 3972 1965 4059 universo,
1978 3950 2285 4087 ’ζζῖῗΐζξαζξξὲἳ

603 4111 700 4183 quem
727 4089 781 4182 qui
809 4086 908 4158 edum
933 4107 1000 4158 non
1023 4090 1221 4159 moriuntur:
1249 4096 1282 4158 ct
1309 4090 1364 4182 qui
1389 4086 1480 4158 illum
1505 4089 1669 4183 recipiunt
1694 4109 1755 4183 per
1779 4084 1868 4157 illum
1890 4049 1995 4157 sal-p

600 4214 731 4290 vantur,
757 4224 820 4273 nec
847 4204 1092 4296 corruptionem
1120 4205 1281 4289 sentiunt,
1314 4211 1348 4273 ct
1372 4205 1492 4275 vivunt
1515 4225 1578 4299 per
1601 4202 1692 4275 illum
1717 4205 1751 4274 ia
1778 4212 1965 4274 aeternum:

601 4328 702 4413 tuque
728 4339 766 4390 es
793 4317 957 4389 antidotus
984 4316 1190 4389 mortalitatis
1216 4326 1370 4408 nostrae,
1404 4328 1439 4390 et
1464 4322 1665 4391 resurrectio
1693 4320 1792 4391 totius
1819 4319 1966 4412 figmenti

601 4438 718 4507 nostri.
1034 4497 1036 4508 .

703 4550 745 4620 Ia
771 4550 842 4620 atio
878 4550 998 4620 codice
1030 4548 1132 4621 atiter
1162 4548 1250 4620 iaec
1284 4551 1449 4645 tepenter.
1503 4549 1619 4623 Gloria
1655 4548 1712 4621 tihi
1746 4549 1839 4620 Deus
1864 4548 1965 4621 Pater

601 4671 657 4761 qui
682 4668 800 4739 misisti
826 4666 945 4737 Filium
972 4676 1060 4736 tuum
1086 4668 1287 4758 unigenitum
1314 4664 1357 4738 ad
1383 4664 1522 4738 salutem
1548 4677 1707 4756 nostram,
1734 4673 1769 4738 et
1793 4669 1866 4762 ipsc
1888 4669 1964 4761 pri-

600 4803 737 4877 usquam
764 4791 945 4875 pateretur,
972 4791 1034 4852 etc.

712 4889 743 4930 ¹⁶
768 4897 810 4967 dm
839 4895 966 4966 Codice
991 4895 1094 4966 Etiae
1120 4919 1215 4991 qaam
1239 4899 1349 4968 secati
1373 4919 1492 4989 annas,
1517 4898 1670 4991 desectas
1695 4905 1763 4988 est,
1790 4922 1863 4970 cam
1889 4906 1964 4971 tota

600 5011 779 5083 cardonam
814 5011 941 5082 ctristt
970 5014 1132 5083 recitatio
1163 5015 1460 5106 praetermittatur
1493 5013 1717 5106 descriptoris
1747 5014 1864 5107 calpa,
1903 5022 1965 5087 aut

601 5129 691 5223 qaod
716 5127 804 5198 iaec
830 5127 977 5215 mirande,
1004 5150 1123 5222 nempe
1149 5152 1195 5200 ee
1228 5128 1400 5200 Theodori
1433 5135 1494 5200 aot
1518 5129 1675 5200 Nestorii
1699 5128 1859 5222 Liturpia
1887 5133 1964 5225 peti

601 5243 772 5315 deberent.
825 5241 866 5312 In
893 5254 934 5312 eo
962 5265 1058 5337 quem
1084 5247 1222 5338 scripsit
1244 5244 1377 5316 Romae
1404 5243 1517 5316 1697.
1543 5243 1711 5337 deceptas
1736 5245 1960 5339 Pontoreia,

600 5367 690 5431 totas
715 5359 774 5430 itte
798 5358 894 5431 iocus
918 5362 1124 5454 resorrnutas
1150 5366 1202 5432 cst
1231 5360 1278 5430 ad
1301 5358 1443 5432 Missuie
1469 5359 1688 5432 Chaldaicum
1719 5362 1853 5435 Romae
1879 5365 1960 5435 edi-

654 5496 740 5539 romm
753 5497 776 5539 a
1705 5480 1754 5552 77
