5150 6534
914 848 945 923 s.
971 845 1232 923 xrsnmmr
1258 844 1414 923 somn.
1783 845 1897 959 ras&

587 1032 766 1104 maeones
791 1033 985 1126 respondet.
1037 1032 1112 1104 Pax
1138 1032 1209 1121 tibi,
1235 1030 1405 1104 Sacerdos
1431 1031 1636 1104 venerande.

588 1150 775 1223 Sacerdos.
828 1151 881 1223 Tu
915 1171 952 1223 es
985 1162 1081 1246 petra
1117 1147 1199 1219 dura
1236 1169 1323 1242 quas
1367 1150 1504 1221 emisisti
1547 1147 1721 1220 duodecim
1761 1149 1857 1222 rivos

486 1288 645 1362 uquarum
672 1265 715 1337 ad
742 1265 915 1338 duodecim
942 1266 1064 1337 Tribus
1090 1263 1205 1337 Israel.

588 1382 684 1451 Danl
707 1403 829 1472 pacem
855 1385 891 1451 io
917 1381 1088 1475 Ecclesia.
1142 1379 1321 1450 Diaconos
1347 1380 1440 1449 dicit.

588 1494 722 1567 Stemus
750 1494 908 1567 decenter
935 1506 1088 1568 orantes:
1116 1504 1240 1566 stemus
1267 1515 1342 1564 cum
1368 1496 1498 1583 timore,
1526 1504 1589 1564 eto.

587 1608 764 1681 Sacerdos
788 1612 910 1682 leviter
937 1609 1263 1696 commovendam,
1292 1615 1326 1678 cl
1354 1609 1447 1679 dicit.

580 1723 720 1797 ‘Caritas
747 1727 812 1797 Dei
837 1725 964 1798 Patris:
1001 1736 1036 1797 et
1060 1727 1167 1817 gratia
1194 1727 1355 1814 unigeniti
1380 1723 1456 1795 Filii
1482 1736 1516 1797 et
1542 1724 1793 1796 communicatio
1821 1733 1856 1794 et

483 1838 677 1912 inhabitatio
709 1841 851 1935 Spiritus
879 1845 986 1916 sancti
1021 1844 1086 1914 sint
1121 1864 1195 1913 cum
1221 1839 1321 1912 vobis
1355 1839 1525 1928 omnibus,
1560 1842 1682 1912 fratres
1708 1841 1794 1929 mei,
1820 1841 1857 1910 iu

485 1967 665 2028 aeternum.

588 2070 761 2165 Simulque
787 2075 901 2167 sipaal
928 2080 982 2145 ler
1003 2074 1165 2169 populans
1190 2075 1287 2164 sipno
1304 2075 1425 2173 crucis.
1458 2072 1697 2163 Recersaspae
1724 2069 1771 2139 ad
1796 2068 1855 2137 al-
1963 2058 1969 2065 ’

484 2192 562 2257 lare
589 2192 642 2257 ter
667 2189 798 2281 sipaam
824 2193 937 2260 masis
959 2193 1062 2283 facil,
1087 2187 1298 2282 resolvitque
1323 2187 1411 2274 ecla,
1439 2185 1558 2279 quibas
1572 2187 1685 2257 discas
1699 2192 1735 2255 ct
1761 2183 1857 2254 colia

393 2345 396 2353 ι
484 2299 740 2393 operiebantur,
768 2310 803 2373 et
828 2305 913 2375 dicit
937 2310 1000 2376 ter.
1497 2381 1506 2394 ‚

588 2414 705 2488 Gloria
731 2418 822 2489 Patri
850 2430 884 2491 et
909 2420 1007 2507 Fdio‚
1034 2429 1068 2491 et
1097 2420 1233 2515 Spiritui
1259 2426 1394 2491 sancto:
1426 2420 1588 2513 mysterio
1626 2415 1795 2489 adorando
1823 2426 1858 2487 et

485 2530 650 2623 glorioso,
677 2534 710 2602 in
739 2556 804 2627 quo
830 2556 897 2606 nou
924 2545 977 2607 est
1003 2535 1140 2607 divisio:
1167 2556 1254 2606 nuno
1282 2543 1316 2605 et
1341 2556 1475 2629 semper
1501 2538 1535 2604 in
1562 2533 1707 2605 saecula.

518 2676 521 2679 ¹
588 2647 751 2740 Papulas.
802 2650 923 2722 Amen.
1351 2656 1353 2660 ’

589 2761 774 2835 Sacerdos.
828 2762 968 2838 Sursum
1002 2768 1067 2837 siut
1099 2776 1246 2852 mentes,
1287 2763 1473 2836 intellectus
1506 2775 1538 2835 et
1577 2762 1681 2834 eorda
1713 2763 1857 2833 omnium

484 2888 642 2949 nostrum.
1120 2892 1126 2903 '
1767 2896 1770 2902 '

588 2992 749 3084 Popalas.
803 2991 974 3066 Habemus
1002 2994 1295 3082 adte‚1)omine.

589 3106 773 3178 Sacerdos.
828 3107 961 3180 Gratias
989 3130 1128 3201 agamus
1163 3112 1307 3182 Domino
1342 3132 1417 3181 curn
1445 3110 1583 3197 timore,
1619 3117 1653 3178 et
1679 3107 1856 3179 adoremus

487 3229 744 3294 cumuemore.

590 3335 749 3429 Popalas.
803 3339 949 3430 Dignum
976 3350 1010 3411 et
1031 3344 1156 3432 justum
1184 3350 1244 3412 cst.

589 3450 766 3525 Sacerdos
792 3456 983 3526 inclinatas.
1038 3455 1170 3546 Cordo,
1201 3459 1311 3526 animo
1348 3462 1382 3524 et
1420 3453 1534 3544 lingua
1567 3456 1693 3544 gratias
1727 3457 1857 3547 agimus
1934 3527 1938 3534 ,

486 3565 557 3653 tibi,
584 3566 696 3656 Pater,
722 3566 797 3656 Fili,
825 3579 859 3640 et
884 3570 1025 3664 Spiritus
1053 3583 1182 3662 sancte,
1209 3574 1264 3665 qui
1292 3592 1329 3641 es
1355 3590 1439 3641 unus
1467 3567 1560 3641 Deus
1587 3590 1701 3643 verus.

588 3681 739 3753 Elaeam
764 3706 889 3755 vocem.
943 3683 1027 3757 Cum
1054 3689 1168 3758 turmis
1195 3683 1428 3773 invisibilibus,
1455 3693 1489 3755 st
1505 3682 1673 3757 ordinibus
1700 3688 1858 3757 innume-

486 3793 666 3884 rabilibus,
698 3798 911 3891 spiritualiter
943 3811 976 3871 ct
1007 3800 1182 3895 seraphice
1211 3801 1360 3893 adjungit
1392 3823 1429 3872 se
1467 3799 1610 3894 populus
1639 3804 1746 3870 omnis
1782 3811 1858 3872 tuus
1909 3868 1931 3893 ,

485 3908 604 3996 fidens,
630 3909 784 4002 Domine,
813 3918 866 4008 qui
892 3927 944 3987 ter
970 3927 1003 3987 to
1030 3915 1228 4007 glorificant,
1255 3916 1408 4002 clamant,
1426 3915 1653 3986 vociferantur
1679 3925 1713 3984 et
1740 3915 1859 3987 dicrmt.

588 4023 749 4117 Popalas.
803 4029 955 4102 Sanctus.

590 4137 765 4215 Sacerdos
791 4144 983 4216 inclinatas.
1037 4143 1180 4217 Sanctus
1213 4167 1250 4216 es
1277 4146 1370 4217 Dens
1401 4145 1522 4215 Pater:
1557 4145 1699 4217 Sanctus
1728 4168 1860 4239 quoque

486 4250 590 4324 Filius
631 4266 706 4328 tuns
742 4262 944 4350 unigenitus:
987 4258 1131 4332 Sanctus
1172 4263 1270 4331 etiam
1311 4259 1453 4354 Spiritus
1498 4269 1572 4332 tuus
1613 4261 1859 4332 sanctissimus:

488 4368 564 4460 quis
590 4390 652 4462 per
678 4363 958 4465 dispensationem
985 4374 1042 4446 lilii
1068 4380 1126 4462 tui,
1153 4374 1301 4446 liberasti
1327 4374 1481 4446 mundum
1510 4375 1551 4447 ab
1575 4396 1692 4447 errore
1718 4380 1858 4470 peccati.

590 4483 741 4558 Elccaas
765 4510 890 4559 vocem.
945 4489 1010 4576 Qui
1044 4497 1117 4561 cum
1149 4501 1286 4584 paratus
1318 4498 1411 4561 esset
1436 4489 1478 4560 ad
1509 4492 1701 4583 passionem
1728 4488 1858 4561 saluta-

487 4616 572 4684 rem,
598 4598 631 4667 in
657 4621 745 4693 pane
772 4605 827 4694 qui
854 4601 896 4674 ab
925 4626 966 4674 co
994 4602 1205 4691 benedictus,
1234 4602 1475 4692 sanctificatus,
1502 4604 1646 4694 fractus,
1681 4617 1714 4676 et
1740 4604 1858 4676 distri-

486 4707 584 4783 butus
610 4710 729 4801 iuerat,
755 4716 931 4810 Apostolis
957 4721 1091 4805 sanctis,
1119 4739 1241 4813 corpus
1275 4741 1371 4791 suum
1404 4719 1614 4792 sanctificans
1648 4720 1737 4791 dcdit
1762 4718 1858 4791 nobis

487 4822 619 4899 dicens:
647 4830 788 4923 accipite
815 4841 849 4902 ct
874 4832 1071 4904 manducate
1098 4856 1144 4903 ex
1171 4855 1229 4905 eo:
1262 4834 1338 4906 Hoc
1364 4845 1417 4907 est
1441 4857 1562 4928 nempe
1588 4857 1711 4930 corpus
1738 4856 1859 4922 meum,

488 4938 579 5033 quod
604 4962 667 5036 pro
694 4941 794 5016 vobis
827 4956 863 5017 et
894 4967 957 5041 pro
990 4947 1101 5020 multis
1127 4947 1290 5040 frangitur
1322 4961 1357 5020 et
1383 4948 1539 5021 dividitur
1564 4948 1607 5019 ad
1633 4953 1859 5045 expiationem

488 5052 685 5127 delictorum
711 5068 745 5129 et
771 5064 1003 5134 remissionem
1028 5075 1253 5158 pcccatorum,
1282 5064 1325 5135 ad
1353 5066 1455 5137 vitam
1482 5073 1662 5136 aeternam.

589 5172 751 5264 Popalas.
802 5176 923 5251 Amen.
