5150 6534
822 825 853 903 S.
880 824 1018 903 Jl00bl
1042 824 1228 902 Arosrott
1251 825 1408 902 FRATRIS
1434 812 1578 903 DOMINI.
1835 825 1883 901 41

615 1014 790 1086 Sacerdos
816 1016 1006 1106 intemectis
1031 1011 1163 1106 aliquot
1194 1012 1408 1084 orationibus
1439 1035 1528 1107 quoe
1556 1037 1623 1107 pro
1650 1013 1886 1085 Ecclesinram

514 1130 755 1203 consuetud-ine
780 1132 903 1200 cariae
928 1134 1020 1216 sunt,
1045 1132 1179 1222 franpit
1205 1151 1251 1198 en
1275 1132 1401 1221 majori
1427 1129 1661 1201 Eocburistici
1671 1134 1773 1222 panis
1782 1137 1887 1222 parte

512 1252 674 1318 minorem
709 1246 831 1335 olium,
865 1268 934 1339 qua
964 1248 1000 1314 in
1034 1244 1143 1313 colice
1176 1247 1338 1331 intincta,
1373 1243 1526 1338 reliquas
1555 1248 1592 1315 in
1617 1246 1748 1316 modum
1774 1248 1888 1317 cruces

512 1368 641 1459 sipnat,
669 1363 804 1433 diceus:

615 1479 822 1573 Inspergitur
849 1480 986 1568 sanguis
1012 1475 1146 1547 Domini
1173 1478 1298 1563 nostri,
1325 1478 1460 1570 corpori
1486 1478 1576 1568 ojuS,
1602 1479 1636 1548 in
1663 1479 1795 1550 nomine
1812 1477 1886 1549 Pa-

513 1597 571 1666 tris
598 1596 627 1682 i
654 1605 688 1665 et
713 1593 807 1684 Filii,
833 1595 862 1681 p
889 1605 922 1664 et
949 1590 1092 1686 Spiritus
1120 1594 1235 1661 sancti.
1262 1592 1292 1678 ᾧ
1500 1592 1503 1599 “

616 1709 778 1780 Eomdem
800 1707 1006 1802 particulam
1032 1709 1178 1776 immittit
1203 1710 1239 1776 in
1266 1706 1408 1777 calicem
1434 1707 1597 1778 dicendo:

615 1824 778 1896 bliscuisti
804 1826 947 1897 Domine
984 1824 1187 1895 divinitatem
1220 1832 1309 1894 tuam
1343 1846 1417 1893 cum
1451 1822 1652 1895 humanitate
1684 1832 1821 1915 nostra,
1854 1835 1889 1896 et

514 1940 747 2012 humanitatem
773 1951 921 2013 nostram
948 1963 1024 2012 cum
1051 1939 1221 2011 divinitate
1249 1949 1322 2027 tua,
1348 1943 1452 2011 vitam
1479 1951 1567 2011 tuam
1595 1963 1670 2011 cum
1688 1938 1887 2013 mortalitate

514 2069 647 2147 nostra,
674 2068 707 2128 et
733 2054 964 2129 mortalitatem
991 2068 1139 2129 nostram
1167 2077 1241 2125 cum
1267 2058 1338 2126 vita
1365 2064 1437 2143 tua3
1474 2055 1632 2150 accepisti
1660 2078 1744 2150 quae
1771 2064 1887 2127 nostra

516 2184 628 2262 erant,
655 2184 689 2245 et
716 2172 833 2245 dedisti
860 2170 957 2243 nobis
985 2183 1061 2257 tua,
1089 2170 1130 2241 ad
1157 2174 1279 2261 vitam,
1314 2183 1347 2242 et
1373 2170 1512 2242 salutem
1540 2174 1721 2243 animarum
1747 2183 1887 2245 nostra-

514 2309 604 2376 rum,
630 2288 688 2360 tibi
715 2288 822 2379 gloria
849 2290 882 2358 in
909 2288 1053 2360 saecula.

617 2415 792 2488 Sacerdos
818 2420 947 2509 accipit
974 2438 1098 2507 corpus
1126 2414 1270 2502 Christi,
1298 2415 1432 2485 dicens:

617 2548 757 2621 Praesta
774 2550 917 2621 Domine
941 2560 977 2620 ut
1001 2547 1248 2620 sanctificentur
1268 2569 1411 2642 corpora
1435 2556 1549 2620 nostra
1572 2571 1777 2645 percorpus
1800 2560 1888 2621 tuum

516 2674 683 2753 sanctum,
711 2674 745 2735 et
769 2664 983 2760 purificentur
1009 2666 1137 2734 animae
1164 2675 1301 2735 nostrae
1326 2685 1387 2759 per
1414 2666 1610 2755 sangumem
1644 2677 1732 2737 turum
1766 2670 1888 2761 propi-

514 2784 700 2867 tiatorium,
728 2783 857 2874 sintque
885 2779 1087 2852 adveniam
1116 2778 1308 2851 delictorum
1343 2790 1377 2851 et
1408 2782 1640 2854 remissionem
1674 2794 1889 2878 peccatorum

517 2905 724 2984 nostrorum3
751 2896 894 2968 Domine
919 2896 1012 2967 Deus
1040 2894 1097 2966 tibi
1124 2893 1232 2985 gloria
1258 2897 1291 2964 in
1318 2894 1488 2969 saecula..

619 3029 705 3099 blac
738 3028 992 3099 Eacboristiom
1027 3027 1200 3097 distribuit
1234 3027 1498 3114 Sacerdotibus,
1538 3028 1724 3117 Diaconis,
1767 3030 1891 3100 deinde

516 3144 651 3231 Laicis,
679 3145 813 3215 diceres:
840 3144 972 3239 Corpus
1000 3153 1034 3214 et
1059 3146 1195 3234 sanguis
1221 3143 1354 3215 Domini
1393 3147 1499 3215 nostri
1531 3144 1613 3215 Jesu
1642 3140 1763 3216 Christi
1796 3144 1890 3214 datur

516 3258 574 3330 tibi
608 3262 643 3329 in
675 3263 810 3331 veniam
845 3260 1055 3346 delictorum,
1097 3268 1130 3330 et
1162 3260 1392 3331 remissionem
1430 3267 1644 3353 pcccatorum
1677 3262 1710 3329 in
1748 3269 1888 3355 utroque

518 3373 665 3447 saeculo.

618 3505 757 3577 lntereo
782 3507 858 3577 dam
886 3511 1070 3578 communio
1097 3507 1353 3577 adrninistrotur
1380 3529 1453 3576 curm
1480 3506 1673 3594 cocbleari,
1706 3505 1886 3576 Diaconos

520 3621 662 3715 reliquis
687 3622 936 3694 succidentibus
958 3623 1103 3692 cluerent:

621 3754 757 3827 Fratres
784 3757 852 3826 mei
878 3757 1017 3850 accipite
1045 3777 1166 3851 corpus
1193 3754 1271 3842 lilii,
1308 3753 1429 3826 clamat
1461 3753 1632 3827 Ecclesia:
1664 3752 1767 3826 bibito
1802 3776 1888 3826 san-

517 3872 652 3961 guinem
688 3874 759 3963 ejus
793 3894 867 3942 cum
897 3871 984 3960 fide,
1012 3882 1045 3942 ot
1071 3874 1180 3942 canite
1207 3870 1366 3961 gloriam,
1401 3867 1453 3940 bic
1484 3880 1537 3942 est
1563 3869 1652 3941 calix
1688 3892 1783 3963 quem
1820 3874 1889 3940 mi-

522 3989 607 4057 scuit
631 3986 793 4057 Dominus
820 3999 934 4060 noster
960 4008 1061 4081 super
1095 3985 1220 4077 liguum
1256 3987 1380 4056 crucis:
1409 3986 1558 4056 accedito
1584 3984 1759 4073 mortales,
1786 3983 1889 4057 bibito

517 4122 647 4187 exeo,
678 4104 970 4176 inremissionem
998 4101 1200 4174 delictorum.
1253 4098 1421 4187 Alleluia,
1455 4111 1488 4172 et
1526 4105 1588 4197 ipsi
1615 4101 1705 4189 lane,
1746 4100 1787 4170 do
1822 4122 1888 4194 quo

515 4215 599 4289 bibit
624 4240 711 4310 grex
737 4220 821 4310 ejus,
860 4230 893 4291 et
918 4221 1093 4314 puritatem
1120 4219 1342 4309 consequitur.

621 4347 686 4432 Oai
718 4370 836 4420 omma
869 4355 906 4418 at
940 4354 975 4418 et
1006 4347 1098 4417 nautii
1131 4348 1211 4437 alii,
1237 4352 1344 4437 justo
1381 4353 1692 4419 communicantium
1718 4371 1888 4419 reimerum

515 4465 705 4534 minuuntur
730 4463 785 4534 ael
806 4463 1066 4557 producuntur:
1097 4484 1177 4533 mon
1207 4462 1383 4533 Sacerdos
1409 4463 1575 4558 absterpit
1600 4489 1707 4552 cusa,
1741 4464 1884 4535 Diaco-

516 4598 635 4648 norum
659 4580 867 4667 ministerio,
896 4585 930 4649 ct
955 4578 1077 4648 deinde
1104 4578 1229 4649 dicitur
1256 4579 1375 4649 Oratio
1401 4584 1590 4671 pretiorum
1616 4583 1771 4651 actionis.

622 4708 755 4782 Gratias
783 4714 910 4802 agimus
938 4708 996 4781 tibi
1022 4712 1115 4781 Deus
1144 4721 1177 4782 et
1203 4715 1385 4807 praecipuo
1411 4710 1581 4783 laudamus
1613 4723 1645 4782 to
1672 4709 1714 4782 ob
1742 4712 1887 4782 immen-

517 4846 589 4897 sum
616 4835 651 4895 et
675 4825 874 4898 ineffabilem
908 4849 989 4919 erga
1021 4825 1173 4897 homines
1208 4849 1357 4898 arnorem
1389 4836 1488 4897 tuum
1548 4827 1576 4899 0
1609 4828 1771 4913 Domine,
1805 4850 1888 4921 quos

516 4939 689 5012 admittere
717 4941 870 5034 dignatus
898 4965 935 5015 es
969 4941 1010 5013 ad
1043 4945 1326 5037 participationem
1360 4965 1496 5014 mensae
1528 4952 1603 5012 tuae
1639 4941 1812 5030 coelestis,
1845 4966 1889 5015 ne

523 5054 664 5128 damnes
691 5055 734 5129 ob
762 5061 1005 5153 susceptionem
1033 5062 1264 5153 mysteriorum
1293 5069 1422 5131 tuorum
1449 5068 1637 5131 sanctorum
1668 5067 1702 5127 et
1726 5058 1892 5129 immacu-

416 5167 418 5172 ’
515 5168 668 5243 latorum.
720 5173 846 5246 Verum
882 5197 902 5245 o
939 5174 1044 5261 bone,
1082 5174 1210 5245 custodi
1243 5197 1307 5247 nos
1338 5180 1371 5247 in
1404 5177 1531 5266 justitia
1564 5183 1597 5245 et
1630 5176 1820 5263 sanctitate,
1854 5184 1890 5245 ut

520 5286 610 5379 digni
638 5288 746 5362 ellecti
781 5292 1076 5363 communicatione
1109 5289 1250 5385 Spiritus
1285 5295 1331 5362 tui
1366 5294 1488 5383 sancti,
1521 5300 1669 5387 partem,
1702 5302 1825 5364 sortem
1856 5303 1923 5380 et„
