5150 6534
589 822 665 930 ιιι
964 822 1586 904 oosanvnttonus

299 1124 329 1177 r.
346 1124 391 1177 to.
409 1124 426 1180 t.
445 1126 488 1177 ιι.
1132 1111 1266 1183 Sancta
1291 1115 1431 1184 sanctia.

303 1331 422 1384 aternio
446 1331 575 1384 Euchari—
680 1304 746 1382 Vix
769 1315 828 1378 ulla
852 1317 1109 1379 caeremoniarum
1135 1313 1356 1396 biturgicarum
1384 1331 1457 1394 pars
1485 1322 1549 1390 est,
1579 1333 1657 1396 quae
1684 1333 1752 1378 cum
1778 1315 1836 1379 iata
1863 1316 1968 1397 possit

283 1419 331 1470 ttae
349 1427 376 1470 et
393 1417 516 1469 adoratio
590 1417 628 1481 de
651 1417 826 1498 antiquitate
849 1416 1045 1491 contendere,
1068 1415 1248 1494 praesertim
1270 1416 1301 1474 in
1323 1414 1469 1476 Ecclesiis
1492 1413 1706 1479 Orientalibus.
1753 1415 1890 1480 Naarda
1913 1416 1969 1479 illa

283 1589 288 1640 Ι
289 1505 372 1642 ἐς.
389 1505 461 1642 1⁵11*
463 1504 537 1642 ego?
537 1523 579 1643 :sa
569 1515 728 1594 ·,iormula
752 1533 820 1595 qua,
843 1523 877 1576 ut
899 1515 940 1576 ait
963 1514 1209 1594 chrysostomus,
1231 1513 1328 1573 sancti
1350 1511 1388 1573 ad
1410 1511 1618 1576 Eucharistiae
1641 1516 1876 1578 communionem
1904 1513 1968 1578 soli

283 1675 325 1728 [ὠ
345 1676 387 1727 17.
588 1623 755 1691 vocantur,
793 1620 823 1675 ct
859 1612 937 1675 illius
967 1620 998 1675 et
1027 1612 1157 1673 amnium
1186 1610 1313 1673 aliorum
1342 1611 1461 1673 Petrum
1490 1611 1676 1676 Graecorum
1712 1613 1826 1676 inlinita
1856 1618 1968 1676 extem

589 1714 768 1777 testimonia.
814 1711 897 1773 lllam
919 1711 1107 1791 disciplinam
1128 1710 1259 1772 imitatae
1281 1717 1352 1771 sunt
1374 1717 1406 1771 et
1428 1708 1486 1772 buc
1514 1728 1611 1791 usque
1638 1711 1828 1775 retinuerunt
1855 1729 1968 1775 omnes

590 1812 760 1875 Orientales
783 1810 961 1887 Ecclesiae,
991 1828 1060 1872 cum
1086 1809 1221 1889 liturgia
1251 1806 1334 1869 nulla
1363 1811 1402 1871 sit
1425 1808 1558 1885 Graeca,
1589 1808 1732 1889 Syriaca,
1760 1808 1968 1893 Aegyptiace,

589 1909 768 1991 Aethiopica
791 1917 842 1972 aut
870 1909 994 1972 alterius
1022 1908 1237 1989 cujuscumque
1265 1906 1403 1989 linguae,
1431 1925 1510 1988 quae
1539 1907 1620 1970 illam
1649 1924 1710 1971 non
1739 1916 1966 1988 repraesentet.

588 2008 635 2070 De
656 2009 835 2088 Aethiopica
859 2008 997 2071 fortassis
1021 2007 1102 2069 litem
1125 2005 1287 2067 movebunt
1310 2005 1451 2068 erudituli
1474 2006 1603 2087 quidam,
1627 2007 1678 2086 qui
1692 2005 1970 2074 nubumderebus

588 2106 790 2188 Aethiopicis,
814 2106 1036 2170 Ecclesiasticis
1059 2106 1157 2182 etiam,
1181 2112 1317 2167 autorem
1339 2105 1449 2168 babent
1471 2114 1596 2186 praeter
1617 2103 1786 2182 budellum,
1812 2104 1852 2168 de
1875 2107 1969 2188 cujus

589 2206 736 2285 imperitia
758 2224 860 2269 rerum
883 2223 1048 2283 sacrarum,
1072 2212 1103 2266 et
1125 2204 1202 2267 mala
1224 2202 1301 2282 lide,
1328 2204 1449 2266 nimium
1471 2204 1604 2268 sortasse
1625 2203 1717 2266 multa
1739 2203 1888 2285 aliquibus
1912 2204 1968 2268 di-

588 2305 672 2367 xisse
694 2304 876 2367 videbimur:
903 2322 1017 2385 pauca,
1048 2312 1081 2366 ut
1103 2302 1264 2384 apparebit
1286 2320 1327 2365 ex
1348 2303 1617 2366 Dissertatienibus
1640 2304 1679 2366 de
1700 2302 1760 2366 boe
1782 2311 1968 2385 eramento

587 2403 712 2480 nostris,
736 2402 850 2466 dixisse
872 2421 929 2465 nos
953 2410 1147 2485 agnoscetur.
1198 2402 1273 2463 Nam
1306 2402 1462 2464 formulam
1492 2402 1571 2464 illam
1601 2404 1642 2466 ita
1670 2404 1884 2493 interpretatus
1915 2409 1969 2465 est

589 2504 797 2564 sanemarium
825 2504 956 2579 sanetis,
990 2501 1071 2582 quod
1094 2500 1339 2576 absurdissimum
1362 2510 1425 2577 est,
1451 2500 1584 2582 nihilque
1604 2501 1772 2584 significat,
1801 2509 1836 2564 ut
1863 2498 1968 2564 fusius

589 2600 784 2664 ostendemus
807 2603 838 2663 in
859 2600 947 2664 Notis
970 2601 1008 2663 ad
1030 2599 1194 2680 Liturgiam
1216 2599 1436 2680 Aethiopicam.

300 2720 432 2783 Quomodo
450 2720 501 2773 ιιι.
677 2699 750 2763 Cum
773 2708 883 2761 sancto
904 2701 1031 2772 sanetis,
1053 2699 1228 2776 aDiacono,
1252 2707 1304 2760 aut
1326 2715 1343 2759 a
1367 2697 1532 2762 Sacerdote
1554 2699 1743 2762 inclamatum
1766 2704 1823 2774 ast,
1845 2696 1968 2762 Sacer-

588 2798 644 2861 dos
674 2799 774 2861 elevat
801 2798 1038 2860 Eucharistiam:
1068 2797 1234 2877 praemissa
1265 2796 1433 2909 secundum
1462 2796 1611 2860 Graecum
1639 2796 1775 2860 codicem
1803 2815 1840 2860 ea
1871 2813 1968 2877 quam

587 2898 715 2960 diximus
738 2898 884 2959 oratione.
921 2885 1011 2978 Ἀγιε
1033 2886 1052 2958 ὁ
1074 2889 1108 2958 ἐν
1135 2883 1296 2978 ἁγίοις
1273 2884 1540 2972 αναπαυόμενοςι
1570 2895 1682 2957 Sancte
1707 2896 1760 2974 qai
1784 2895 1817 2956 ia
1844 2896 1969 2958 meus

587 2999 762 3077 requiescis.
807 2996 840 3057 ln
869 2994 1013 3076 biturgiis
1042 2994 1243 3077 Aegyptiacis
1271 3002 1303 3057 et
1329 2993 1455 3057 Graecis
1484 2993 1683 3058 Alexandrini
1709 2993 1801 3064 ritus,
1829 2992 1968 3056 elevatio

587 3095 725 3157 similiter
747 3095 983 3174 praescribitur,
1012 3110 1091 3175 quae
1119 3095 1146 3155 si
1168 3112 1208 3157 ex
1230 3094 1418 3156 rubricarum
1441 3091 1562 3156 deiectu
1584 3110 1644 3156 non
1666 3090 1808 3172 legitur'
1800 3107 1832 3152 m
1853 3092 1969 3173 Syria-

588 3196 632 3256 cis
655 3194 820 3274 plerisque,
844 3192 1026 3256 observatur
1048 3201 1158 3268 tamen,
1174 3199 1207 3255 ut
1230 3212 1270 3256 ex
1292 3193 1410 3256 Rituum
1424 3193 1641 3273 Interpretibus
1665 3199 1696 3255 et
1709 3189 1873 3272 Theologis
1896 3188 1968 3252 de-

587 3300 779 3354 monstratur.
823 3290 856 3353 ln
880 3291 1101 3355 Commentario
1123 3292 1160 3354 ad
1183 3292 1284 3354 Basilii
1304 3291 1469 3374 liturgiam
1496 3291 1589 3354 multa
1615 3291 1653 3354 de
1682 3289 1740 3353 bac
1768 3289 1967 3352 caeremonia

584 3392 748 3472 jamdicta
771 3399 851 3469 sunt,
875 3409 936 3453 non
959 3391 1049 3454 modo
1071 3409 1149 3470 quae
1173 3390 1209 3452 ad
1226 3390 1364 3470 Coptitas
1386 3391 1510 3470 proprie
1533 3396 1682 3471 spectant,
1704 3388 1760 3452 sed
1776 3388 1865 3452 etiem
1880 3403 1966 3467 quae

590 3488 696 3570 Syros,
724 3508 852 3570 quorum
875 3490 935 3551 illic
957 3487 1099 3551 nonnulla
1122 3490 1291 3551 testimonia
1313 3491 1408 3552 relata
1429 3497 1508 3552 sunt.
1557 3489 1632 3551 Cum
1662 3490 1742 3551 enim
1771 3486 1809 3550 ad
1839 3484 1966 3547 illorum

588 3587 755 3670 liturgiam
778 3586 987 3666 explicandam
1010 3587 1223 3666 adjecissemus
1246 3590 1384 3663 animum,
1406 3587 1538 3650 nottdum
1554 3588 1693 3669 Syriacas
1715 3583 1910 3667 interpretari
1930 3589 1966 3645 et

589 3685 744 3765 publicare
768 3685 959 3747 constitutum
980 3686 1066 3746 nobis
1088 3685 1195 3749 iuerat.
1230 3687 1335 3767 itaque
1358 3704 1418 3749 non
1439 3686 1633 3749 revolvemus
1646 3686 1697 3748 illa
1710 3686 1860 3767 quaeyam
1878 3681 1965 3744 dicta

589 3791 658 3845 sunt
681 3801 718 3846 eo
742 3783 822 3861 loco,
845 3789 876 3844 et
899 3782 937 3844 ad
951 3801 1066 3845 -omnes
1089 3783 1219 3848 Orientis
1242 3786 1397 3849 Ecclesias
1419 3803 1517 3865 aeque
1539 3787 1701 3865 pertinent,
1729 3802 1767 3847 ea
1789 3785 1857 3848 sola
1879 3798 1963 3862 quae

589 3881 673 3962 Syris
695 3883 820 3961 propria
842 3888 922 3956 sunt,
946 3882 1136 3964 attingemus.
1160 3884 1205 3946 Eo
1219 3885 1287 3947 loco
1307 3884 1413 3945 Jacobi
1427 3883 1585 3962 Edesseni,
1601 3884 1798 3964 Dionysiique
1812 3879 1964 3947 Barsalibi

588 3980 682 4043 verba
705 3980 800 4041 relata
824 3987 912 4054 sunt,
943 3997 1021 4060 quae
1045 3981 1243 4045 elevationem
1267 3984 1451 4047 sacramenti
1476 3982 1688 4062 praescribunt
1718 3989 1878 4057 accurate,
1910 3978 1964 4060 qui

589 4078 696 4141 Severi
718 4095 838 4158 quoque
861 4079 1043 4142 Antiocheni
1065 4082 1223 4144 autoritate
1247 4080 1433 4161 disciplinam
1455 4100 1540 4144 suam
1563 4081 1748 4144 conlirmant.
1770 4080 1879 4161 Sipaot
1895 4077 1963 4140 Sa·

589 4178 698 4238 cardos
720 4183 765 4237 ter
786 4179 873 4256 siguo
895 4180 996 4239 eruas
1013 4180 1166 4258 populum,
1190 4181 1285 4259 inquit
1306 4180 1438 4242 lacobus
1461 4179 1652 4258 Edessenus,
1675 4199 1799 4260 eumque
1820 4178 1966 4240 admomt

588 4274 670 4352 quod
690 4281 800 4334 sarecto
821 4275 907 4349 hacc,
928 4278 1017 4354 puris
1039 4284 1069 4336 et
1086 4281 1202 4340 sanctis
1223 4279 1298 4339 sotis
1319 4279 1438 4341 dantur.
1484 4279 1555 4339 i'om
1577 4279 1675 4340 elevat
1695 4286 1726 4340 et
1746 4276 1875 4340 osteadit
1896 4274 1964 4336 So-

589 4378 746 4432 crcmento
772 4374 854 4432 omni
877 4374 1003 4451 populo,
1037 4383 1178 4455 tanquam
1204 4378 1237 4437 ia
1264 4378 1482 4438 testimoniam:
1517 4384 1546 4437 et
1574 4378 1724 4439 clumam:
1759 4375 1841 4437 Unus
1869 4373 1965 4436 Pater

589 4475 726 4547 sanetus,
750 4477 808 4532 etc.
832 4471 964 4533 Severus
987 4472 1210 4547 Antiochenus,
1233 4474 1343 4554 Signat
1361 4476 1502 4554 populm
1523 4476 1645 4538 diceris:
1668 4475 1770 4537 Gratia
1792 4474 1832 4536 sit
1854 4472 1965 4534 vobis·

589 4582 674 4644 cum,
705 4574 762 4629 etc.
785 4567 951 4632 Diaconos.
998 4569 1072 4633 Cum
1095 4572 1202 4634 timore
1225 4574 1412 4652 aspiciamus.
1446 4574 1610 4637 Sacerdos.
1633 4574 1792 4637 Accedant
1812 4570 1863 4652 qui
1884 4587 1964 4634 sau-

588 4665 708 4726 ctiiicati
729 4675 809 4729 sunt.
854 4667 964 4729 Sancta
987 4670 1116 4731 sanctis:
1146 4680 1175 4731 et
1201 4671 1299 4732 elevat
1320 4672 1529 4735 Sacramenta.
1574 4672 1716 4751 Populus.
1760 4670 1843 4733 Unus
1870 4669 1965 4732 Pater

587 4772 720 4827 sanctus.
779 4765 872 4828 Addit
900 4766 1062 4830 Barsalibi:
1095 4770 1291 4832 Sacerdotem
1325 4773 1445 4833 elevare
1477 4781 1507 4834 et
1536 4771 1731 4850 circumfers
1758 4768 1966 4831 Sacramenta

588 4863 747 4923 canende
763 4865 872 4927 Sancta
894 4868 1022 4927 sanctis:
1046 4867 1219 4929 circumfert
1233 4875 1341 4941 autem,
1364 4871 1404 4931 ita
1420 4877 1453 4931 ut
1472 4871 1541 4933 loco
1560 4888 1667 4935 nense
1683 4873 1820 4932 moveat:
1844 4865 1966 4939 Quam-

587 4960 633 5021 vis
655 4962 686 5022 in
707 4961 862 5041 plerisque
884 4963 1013 5042 Ollioiis,
1048 4964 1086 5026 de
1115 4964 1284 5026 elevatione
1314 4967 1417 5028 calicis
1447 4968 1519 5029 nihil
1549 4970 1770 5048 praescriptum
1793 4965 1849 5040 sit,
1876 4964 1966 5030 ittam

587 5057 707 5121 tandem
729 5062 843 5140 pariter
865 5079 932 5123 cum
955 5061 1039 5123 diseo
1063 5063 1156 5125 attolli
1179 5071 1307 5125 testatur
1327 5065 1358 5125 in
1374 5064 1595 5128 Commentario
1618 5084 1675 5129 suc
1697 5062 1853 5127 Barsalibi.
1896 5062 1965 5124 To·-

588 5162 647 5216 tam
671 5160 904 5233 caeremoniam,
928 5160 1024 5239 qualis
1048 5162 1127 5241 apud
1151 5160 1286 5242 Coptitas
1310 5162 1499 5241 observatur,
1523 5165 1686 5247 diligenter
1708 5161 1874 5243 explicavit
1896 5161 1966 5224 Ga-

588 5252 665 5317 briel
687 5255 911 5320 Alexandrinus
935 5258 1106 5322 Patriarcha
1130 5261 1215 5339 cujus
1238 5260 1333 5322 verba
1355 5264 1511 5325 retulimus
1533 5266 1564 5326 in
1587 5262 1825 5340 Commentario,
1844 5277 1967 5324 secuu-
