5150 6534
772 862 847 942 590
1272 870 1630 948 LITURGIA

465 1067 495 1120 ur
514 1063 578 1121 our
601 1073 696 1120 raram.
715 1042 779 1118 rr?
873 1051 1057 1125 Sacerdos.
1110 1056 1253 1129 Domine
1279 1054 1372 1129 Deus
1396 1066 1528 1153 potens,
1555 1058 1698 1131 Domine
1725 1067 1759 1130 et
1778 1057 1871 1129 Deus
1897 1068 2013 1131 noster
2038 1059 2139 1147 bone,

449 1153 757 1222 ”iiiii⁸¹³⁸⁰¹⁸‘⁵⁰l¹⁸⁸⁰
771 1172 825 1264 qui
852 1191 891 1241 es
916 1168 1036 1266 plenus
1061 1171 1306 1260 misericordia,
1334 1192 1493 1265 rogamus
1519 1184 1554 1245 te
1580 1173 1725 1246 Domine
1749 1173 1844 1246 Deus
1870 1186 1985 1247 noster
2011 1185 2045 1247 et
2070 1175 2139 1248 de-

449 1238 552 1290 ridetur
568 1240 706 1306 supposita.

768 1306 946 1381 precamur
971 1286 1178 1360 clementium
1204 1288 1361 1361 bonitatis
1386 1297 1481 1361 tuae:
1508 1311 1552 1361 ue
1576 1311 1640 1362 nos
1667 1289 1803 1362 inducas
1829 1292 1972 1364 Domine
1998 1295 2032 1363 in
2059 1303 2141 1364 tcu-

769 1404 946 1488 tationem,
983 1401 1043 1474 sed
1074 1402 1179 1475 libera
1211 1414 1245 1477 et
1278 1403 1374 1476 salva
1400 1427 1463 1477 uos
1490 1429 1510 1477 a
1536 1405 1641 1495 malo,
1675 1418 1708 1479 et
1739 1404 1782 1478 ab
1816 1408 2021 1482 exercitibus
2054 1411 2140 1501 ejus,

770 1521 846 1613 quiu
873 1527 962 1588 tuum
990 1526 1042 1590 est
1067 1541 1219 1612 regnum,
1245 1524 1363 1608 virtus,
1391 1520 1506 1611 robur,
1533 1520 1690 1595 fortitudo
1722 1533 1756 1594 et
1781 1525 1954 1618 imperium
1980 1527 2013 1595 in
2040 1525 2139 1598 coelo

769 1643 804 1706 et
829 1639 861 1706 iu
888 1644 989 1722 terra,
1015 1656 1102 1706 nunc
1129 1646 1161 1708 et
1188 1658 1330 1732 semper.

871 1748 997 1842 Sipuut
1021 1772 1059 1822 se
1085 1754 1208 1846 ipsum:
1234 1757 1269 1822 et
1295 1751 1510 1844 respondent.
1563 1753 1683 1824 Amen.

871 1866 920 1937 Et
938 1871 1168 1961 prosequitur.
1220 1867 1296 1940 Pux
1321 1865 1504 1939 vobiscum.

871 1984 1101 2076 Respondent.
1153 1983 1280 2055 Tecum
1308 1993 1443 2056 etcum
1470 1984 1585 2079 spiritu
1612 1993 1678 2054 tuo.

873 2099 1108 2193 Prosequitur.
1138 2097 1169 2140 ¹⁹
1194 2100 1318 2171 Sancta
1345 2103 1469 2171 sanctis
1496 2098 1593 2171 decet
1618 2100 1652 2169 in
1678 2095 1895 2193 perfectione.

872 2216 918 2285 Et
940 2215 1065 2285 dicunt.
1101 2214 1194 2288 Unus
1221 2216 1322 2287 Pater
1350 2224 1499 2288 sanctus:
1527 2237 1611 2286 uuus
1637 2212 1741 2286 Filius
1767 2221 1919 2285 sanctus:
1946 2237 2030 2287 unus
2050 2213 2138 2310 Spi-

771 2335 852 2404 ritus
887 2339 1030 2404 sunctus.
1085 2330 1200 2404 Gloria
1225 2332 1334 2422 Patri,
1368 2341 1402 2402 et
1433 2331 1537 2421 Filio,
1571 2340 1605 2401 et
1631 2330 1766 2426 Spiritui
1799 2338 1915 2402 sancto
1942 2328 2139 2404 insaecula

770 2448 986 2522 saeculorum.
1039 2449 1159 2521 Amen.

872 2563 1059 2635 Diucouus.
1111 2563 1270 2637 Laudato.
1323 2565 1372 2636 Et
1396 2565 1512 2635 dicunt
1534 2563 1812 2656 Resporsorium.

872 2680 1017 2775 Ourrque
1042 2684 1135 2753 oeuit
1159 2681 1341 2755 Diucorrus
1364 2681 1411 2752 ud
1431 2679 1637 2774 portandum
1668 2672 1701 2714 ²⁰
1728 2676 1870 2747 culicem
1897 2677 1991 2748 dicit.
2042 2679 2135 2751 Pre-

768 2818 882 2868 cemur
908 2818 1025 2892 pacem
1051 2797 1233 2870 nobiscum.

871 2910 1046 2983 Sacerdos
1072 2914 1166 2984 dicit.
1220 2914 1335 2986 Gratia
1362 2914 1505 3011 Spiritus
1532 2917 1638 2988 sancti
1664 2917 1707 2988 sit
1732 2922 1860 3004 tecum,
1886 2909 2077 3002 nobiscum,
2104 2921 2139 2984 et

768 3050 842 3099 curu
869 3029 1123 3124 suscipientibus
1149 3030 1249 3103 illum.

870 3144 919 3229 Et
944 3146 1005 3215 dut
1029 3145 1190 3218 Diucoro
1219 3146 1370 3218 culicem.
1418 3147 1597 3239 Diucorus
1623 3147 1718 3216 dicit.
1759 3145 1908 3217 Bcuedio
1933 3144 2085 3217 Domine.

870 3260 1053 3334 Sacerdos.
1100 3246 1232 3334 Donum
1266 3265 1397 3355 gratiae
1429 3263 1663 3349 vivificatoris,
1700 3271 1734 3332 et
1758 3261 1891 3359 Domini
1922 3264 2028 3332 nostri
2053 3260 2138 3332 lesu

768 3375 888 3449 Christi
916 3378 1139 3473 compleatur,
1166 3381 1203 3463 in
1225 3379 1512 3467 miserationibus,
1540 3401 1614 3450 curn
1641 3375 1803 3449 omnibus.

870 3495 917 3564 Et
943 3497 1056 3586 sipost
1083 3516 1187 3566 cruce
1216 3495 1387 3587 populum.
1455 3495 1595 3566 Interea
1629 3496 1787 3565 dicuutur
1812 3493 2061 3586 Respousoriu.
2102 3488 2136 3527 ²¹

656 3622 662 3649 ⁶
766 3609 903 3682 Fratres
931 3613 1090 3705 suscipite
1116 3631 1238 3706 corpus
1263 3611 1351 3701 Filii,
1377 3612 1498 3683 clamat
1523 3610 1692 3682 Ecclesia:
1720 3619 1753 3680 et
1779 3606 1882 3682 bibite
1901 3607 2037 3679 culicem
2062 3611 2137 3701 ejus

767 3748 840 3796 oum
865 3724 930 3797 lide
957 3728 990 3802 iu
1016 3728 1112 3818 regui
1143 3725 1252 3798 domo.

870 3841 1001 3913 Diebus
1023 3846 1132 3935 sestis.
1185 3840 1324 3914 Robora
1350 3843 1502 3914 Domine.

868 3958 1062 4029 Dorriuicu.
1115 3959 1258 4031 Domino
1283 3959 1366 4030 Jesu
1393 3957 1533 4030 Christe.

872 4070 1041 4158 Quotidie.
1094 4072 1257 4170 Mysteria
1285 4097 1372 4170 quae
1399 4077 1614 4170 suscepimus.

874 4190 1002 4260 Finitis
1028 4191 1273 4283 Respousoriis
1297 4192 1477 4262 Diucouus
1503 4190 1596 4261 dicit.
1650 4189 1774 4261 Omnes
1800 4191 1909 4280 igitur.

875 4306 923 4376 Et
948 4308 1163 4399 respoudeat.
1215 4305 1330 4380 Gloria
1356 4310 1419 4403 ipsi
1444 4317 1581 4403 propter
1606 4305 1726 4377 donum
1753 4326 1846 4376 snum
1873 4301 2046 4375 inellebile.

868 4421 1054 4493 Diaconos.
1108 4422 1288 4495 Preoemur
1314 4445 1431 4519 paoem
1457 4421 1640 4496 nobiscum.

959 4698 1133 4768 Sacerdos
1159 4701 1195 4767 iu
1220 4700 1330 4769 medio
1357 4698 1480 4769 ultoris
1506 4698 1591 4768 dicit
1616 4697 1705 4768 bunc
1733 4696 1937 4766 Orationem.

869 4887 1012 4978 Dignum
1039 4896 1092 4958 est
1116 4889 1270 4978 Domine,
1293 4889 1415 4979 justum
1444 4897 1478 4957 et
1503 4909 1642 4981 aequum
1663 4884 1813 4957 omnibus
1835 4883 1965 4972 dicbus,
1991 4893 2131 4980 tempo-

765 5001 857 5076 ribus
884 5012 918 5074 et
943 4996 1034 5075 boris
1061 5003 1229 5093 confiteri,
1256 5002 1415 5092 adorare,
1449 5013 1483 5075 et
1507 5001 1643 5073 laudare
1668 5024 1786 5073 nornen
1814 5000 1990 5101 timendum
2016 5004 2132 5094 maje-

766 5125 859 5193 statis
887 5129 983 5206 tuao‚
1010 5123 1086 5214 quia
1114 5120 1234 5212 dignos
1259 5119 1370 5193 iecisti
1395 5141 1458 5192 nos
1484 5119 1627 5190 Domine
1653 5140 1715 5213 per
1745 5120 1888 5209 gratiam
1920 5127 2025 5204 mam,
2059 5117 2131 5190 bo-

765 5240 872 5308 mines
905 5237 1061 5308 mortales
1095 5236 1346 5330 imbecillaeque
1381 5246 1540 5322 naturae,
1573 5245 1609 5306 ut
1643 5256 1716 5306 cum
1752 5231 1973 5327 spiritualibus
2007 5254 2134 5307 nomen

766 5360 855 5425 tuum
882 5350 1175 5443 sanctificamus,
1203 5361 1236 5424 et
1261 5356 1495 5450 mysteriorum
1523 5351 1601 5423 doni
1627 5354 1673 5424 tui
1698 5349 1852 5423 fieremus
1877 5352 2071 5446 participes,
2097 5361 2133 5423 et
