<?xml version="1.0" encoding="UTF-8"?>
<!DOCTYPE html PUBLIC "-//W3C//DTD XHTML 1.0 Transitional//EN"
    "http://www.w3.org/TR/xhtml1/DTD/xhtml1-transitional.dtd">
<html xmlns="http://www.w3.org/1999/xhtml" xml:lang="en" lang="en">
 <head>
  <title>
</title>
<meta http-equiv="Content-Type" content="text/html;charset=utf-8" />
  <meta name='ocr-system' content='tesseract 3.04.00' />
  <meta name='ocr-capabilities' content='ocr_page ocr_carea ocr_par ocr_line ocrx_word'/>
</head>
<body>
  <div class='ocr_page' id='page_1' title='image "./liturgiarumorie00renagoog_0539.png"; bbox 0 0 5150 6534; ppageno 0'>
   <div class='ocr_carea' id='block_1_1' title="bbox 988 861 1985 956">
    <p class='ocr_par' dir='ltr' id='par_1_1' title="bbox 988 861 1985 956">
     <span class='ocr_line' id='line_1_1' title="bbox 988 861 1985 956; baseline -0.006 -15"><span class='ocrx_word' id='word_1_1' title='bbox 988 864 1018 941; x_wconf 89' lang='lat' dir='ltr'>S.</span> <span class='ocrx_word' id='word_1_2' title='bbox 1045 862 1260 941; x_wconf 83' lang='lat' dir='ltr'>DIOSCOlll</span> <span class='ocrx_word' id='word_1_3' title='bbox 1294 861 1525 956; x_wconf 73' lang='lat' dir='ltr'>Episcopi,</span> <span class='ocrx_word' id='word_1_4' title='bbox 1552 877 1603 938; x_wconf 80' lang='lat' dir='ltr'>uc.</span> <span class='ocrx_word' id='word_1_5' title='bbox 1913 861 1985 936; x_wconf 80' lang='lat'>501</span> 
     </span>
    </p>
   </div>
   <div class='ocr_carea' id='block_1_2' title="bbox 546 1047 1989 1262">
    <p class='ocr_par' dir='ltr' id='par_1_2' title="bbox 546 1047 1989 1262">
     <span class='ocr_line' id='line_1_2' title="bbox 546 1047 1988 1143; baseline 0 -21"><span class='ocrx_word' id='word_1_6' title='bbox 546 1077 551 1084; x_wconf 89' lang='lat'>·</span> <span class='ocrx_word' id='word_1_7' title='bbox 620 1052 802 1143; x_wconf 87' lang='lat' dir='ltr'>majestatis</span> <span class='ocrx_word' id='word_1_8' title='bbox 833 1072 934 1140; x_wconf 91' lang='lat' dir='ltr'>snae,</span> <span class='ocrx_word' id='word_1_9' title='bbox 968 1061 1002 1123; x_wconf 93' lang='lat' dir='ltr'>et</span> <span class='ocrx_word' id='word_1_10' title='bbox 1037 1054 1168 1142; x_wconf 82' lang='lat' dir='ltr'><strong>agmina</strong></span> <span class='ocrx_word' id='word_1_11' title='bbox 1204 1048 1314 1122; x_wconf 91' lang='lat' dir='ltr'>media</span> <span class='ocrx_word' id='word_1_12' title='bbox 1347 1048 1489 1120; x_wconf 88' lang='lat' dir='ltr'>illustrat</span> <span class='ocrx_word' id='word_1_13' title='bbox 1519 1048 1620 1120; x_wconf 92' lang='lat' dir='ltr'>radiis</span> <span class='ocrx_word' id='word_1_14' title='bbox 1658 1047 1863 1121; x_wconf 89' lang='lat' dir='ltr'>substantiae</span> <span class='ocrx_word' id='word_1_15' title='bbox 1890 1072 1988 1122; x_wconf 88' lang='lat' dir='ltr'>snae:</span> 
     </span>
     <span class='ocr_line' id='line_1_3' title="bbox 621 1164 1989 1262; baseline -0.001 -23"><span class='ocrx_word' id='word_1_16' title='bbox 621 1166 755 1239; x_wconf 81' lang='lat' dir='ltr'>ordines</span> <span class='ocrx_word' id='word_1_17' title='bbox 782 1189 915 1262; x_wconf 92' lang='lat' dir='ltr'>quoque</span> <span class='ocrx_word' id='word_1_18' title='bbox 942 1166 1118 1239; x_wconf 84' lang='lat' dir='ltr'>inferiores</span> <span class='ocrx_word' id='word_1_19' title='bbox 1146 1166 1262 1238; x_wconf 75' lang='lat' dir='ltr'>ditavit</span> <span class='ocrx_word' id='word_1_20' title='bbox 1287 1166 1409 1238; x_wconf 92' lang='lat' dir='ltr'>lumine</span> <span class='ocrx_word' id='word_1_21' title='bbox 1437 1164 1615 1236; x_wconf 88' lang='lat' dir='ltr'>divinitatis</span> <span class='ocrx_word' id='word_1_22' title='bbox 1633 1186 1738 1251; x_wconf 73' lang='lat' dir='ltr'>suae,</span> <span class='ocrx_word' id='word_1_23' title='bbox 1755 1167 1848 1255; x_wconf 84' lang='lat' dir='ltr'>cujus</span> <span class='ocrx_word' id='word_1_24' title='bbox 1875 1167 1989 1256; x_wconf 84' lang='lat' dir='ltr'>maje-</span> 
     </span>
    </p>
   </div>
   <div class='ocr_carea' id='block_1_3' title="bbox 620 1278 1991 2074">
    <p class='ocr_par' dir='ltr' id='par_1_3' title="bbox 620 1278 1991 2074">
     <span class='ocr_line' id='line_1_4' title="bbox 620 1278 1990 1375; baseline -0.001 -20"><span class='ocrx_word' id='word_1_25' title='bbox 620 1285 713 1355; x_wconf 88' lang='lat' dir='ltr'>statis</span> <span class='ocrx_word' id='word_1_26' title='bbox 740 1280 881 1374; x_wconf 90' lang='lat' dir='ltr'>gloriam</span> <span class='ocrx_word' id='word_1_27' title='bbox 908 1292 1063 1354; x_wconf 80' lang='lat' dir='ltr'>enarrant</span> <span class='ocrx_word' id='word_1_28' title='bbox 1093 1282 1180 1353; x_wconf 92' lang='lat' dir='ltr'>coeli</span> <span class='ocrx_word' id='word_1_29' title='bbox 1213 1281 1401 1367; x_wconf 92' lang='lat' dir='ltr'>coelorum,</span> <span class='ocrx_word' id='word_1_30' title='bbox 1436 1292 1470 1351; x_wconf 92' lang='lat' dir='ltr'>et</span> <span class='ocrx_word' id='word_1_31' title='bbox 1497 1278 1607 1352; x_wconf 90' lang='lat' dir='ltr'>mundi</span> <span class='ocrx_word' id='word_1_32' title='bbox 1635 1283 1841 1375; x_wconf 76' lang='lat' dir='ltr'>superiores,</span> <span class='ocrx_word' id='word_1_33' title='bbox 1870 1280 1990 1353; x_wconf 88' lang='lat' dir='ltr'>divites</span> 
     </span>
     <span class='ocr_line' id='line_1_5' title="bbox 620 1395 1990 1490; baseline 0.001 -23"><span class='ocrx_word' id='word_1_34' title='bbox 620 1395 730 1490; x_wconf 85' lang='lat' dir='ltr'>gloria</span> <span class='ocrx_word' id='word_1_35' title='bbox 756 1397 970 1471; x_wconf 83' lang='lat' dir='ltr'>absconditae</span> <span class='ocrx_word' id='word_1_36' title='bbox 997 1407 1136 1471; x_wconf 88' lang='lat' dir='ltr'>naturae</span> <span class='ocrx_word' id='word_1_37' title='bbox 1163 1421 1254 1471; x_wconf 90' lang='lat' dir='ltr'>suae.</span> <span class='ocrx_word' id='word_1_38' title='bbox 1309 1397 1361 1468; x_wconf 81' lang='lat' dir='ltr'>&#39;l’u</span> <span class='ocrx_word' id='word_1_39' title='bbox 1387 1397 1529 1469; x_wconf 88' lang='lat' dir='ltr'>Domine</span> <span class='ocrx_word' id='word_1_40' title='bbox 1563 1397 1656 1467; x_wconf 88' lang='lat' dir='ltr'>Deus</span> <span class='ocrx_word' id='word_1_41' title='bbox 1682 1406 1799 1467; x_wconf 90' lang='lat' dir='ltr'>noster</span> <span class='ocrx_word' id='word_1_42' title='bbox 1825 1397 1990 1488; x_wconf 89' lang='lat' dir='ltr'>adoraris,</span> 
     </span>
     <span class='ocr_line' id='line_1_6' title="bbox 621 1511 1990 1609; baseline 0.001 -24"><span class='ocrx_word' id='word_1_43' title='bbox 621 1523 655 1585; x_wconf 90' lang='lat' dir='ltr'>ct</span> <span class='ocrx_word' id='word_1_44' title='bbox 679 1515 849 1609; x_wconf 81' lang='lat' dir='ltr'>imperinm</span> <span class='ocrx_word' id='word_1_45' title='bbox 878 1512 982 1586; x_wconf 89' lang='lat' dir='ltr'>habes</span> <span class='ocrx_word' id='word_1_46' title='bbox 1010 1517 1255 1609; x_wconf 91' lang='lat' dir='ltr'>superomnia:</span> <span class='ocrx_word' id='word_1_47' title='bbox 1283 1513 1443 1584; x_wconf 89' lang='lat' dir='ltr'>timendus</span> <span class='ocrx_word' id='word_1_48' title='bbox 1466 1536 1517 1601; x_wconf 84' lang='lat' dir='ltr'>ee,</span> <span class='ocrx_word' id='word_1_49' title='bbox 1543 1511 1738 1600; x_wconf 89' lang='lat' dir='ltr'>laudandus,</span> <span class='ocrx_word' id='word_1_50' title='bbox 1766 1512 1990 1600; x_wconf 87' lang='lat' dir='ltr'>absconditus,</span> 
     </span>
     <span class='ocr_line' id='line_1_7' title="bbox 621 1627 1991 1725; baseline -0.001 -23"><span class='ocrx_word' id='word_1_51' title='bbox 621 1639 656 1702; x_wconf 93' lang='lat' dir='ltr'>ct</span> <span class='ocrx_word' id='word_1_52' title='bbox 687 1630 1050 1725; x_wconf 89' lang='lat' dir='ltr'>incomprehensibilis,</span> <span class='ocrx_word' id='word_1_53' title='bbox 1082 1631 1241 1716; x_wconf 89' lang='lat' dir='ltr'>infinitus,</span> <span class='ocrx_word' id='word_1_54' title='bbox 1282 1629 1532 1718; x_wconf 89' lang='lat' dir='ltr'>inenarrabilis;</span> <span class='ocrx_word' id='word_1_55' title='bbox 1566 1627 1722 1700; x_wconf 88' lang='lat' dir='ltr'>excelsus</span> <span class='ocrx_word' id='word_1_56' title='bbox 1756 1639 1789 1700; x_wconf 90' lang='lat' dir='ltr'>et</span> <span class='ocrx_word' id='word_1_57' title='bbox 1823 1630 1991 1719; x_wconf 91' lang='lat' dir='ltr'>sublimis;</span> 
     </span>
     <span class='ocr_line' id='line_1_8' title="bbox 620 1743 1990 1843; baseline 0 -26"><span class='ocrx_word' id='word_1_58' title='bbox 620 1743 730 1817; x_wconf 91' lang='lat' dir='ltr'>bonus</span> <span class='ocrx_word' id='word_1_59' title='bbox 758 1756 791 1818; x_wconf 90' lang='lat' dir='ltr'>et</span> <span class='ocrx_word' id='word_1_60' title='bbox 823 1746 1041 1838; x_wconf 87' lang='lat' dir='ltr'>longanimis:</span> <span class='ocrx_word' id='word_1_61' title='bbox 1076 1768 1154 1843; x_wconf 89' lang='lat' dir='ltr'>spes</span> <span class='ocrx_word' id='word_1_62' title='bbox 1191 1768 1274 1818; x_wconf 93' lang='lat' dir='ltr'>vera</span> <span class='ocrx_word' id='word_1_63' title='bbox 1312 1749 1457 1817; x_wconf 92' lang='lat' dir='ltr'>omnium</span> <span class='ocrx_word' id='word_1_64' title='bbox 1489 1755 1725 1817; x_wconf 90' lang='lat' dir='ltr'>creaturarum.</span> <span class='ocrx_word' id='word_1_65' title='bbox 1778 1745 1905 1816; x_wconf 87' lang='lat' dir='ltr'>Placuit</span> <span class='ocrx_word' id='word_1_66' title='bbox 1933 1745 1990 1817; x_wconf 95' lang='lat' dir='ltr'>tibi</span> 
     </span>
     <span class='ocr_line' id='line_1_9' title="bbox 620 1859 1989 1957; baseline -0.001 -22"><span class='ocrx_word' id='word_1_67' title='bbox 620 1862 775 1948; x_wconf 91' lang='lat' dir='ltr'>Domine,</span> <span class='ocrx_word' id='word_1_68' title='bbox 801 1871 838 1932; x_wconf 91' lang='lat' dir='ltr'>ut</span> <span class='ocrx_word' id='word_1_69' title='bbox 864 1865 962 1933; x_wconf 90' lang='lat' dir='ltr'>etiam</span> <span class='ocrx_word' id='word_1_70' title='bbox 990 1884 1091 1957; x_wconf 89' lang='lat' dir='ltr'>super</span> <span class='ocrx_word' id='word_1_71' title='bbox 1123 1860 1276 1934; x_wconf 93' lang='lat' dir='ltr'>mundum</span> <span class='ocrx_word' id='word_1_72' title='bbox 1311 1863 1448 1934; x_wconf 91' lang='lat' dir='ltr'>alterum</span> <span class='ocrx_word' id='word_1_73' title='bbox 1483 1873 1516 1933; x_wconf 90' lang='lat' dir='ltr'>et</span> <span class='ocrx_word' id='word_1_74' title='bbox 1543 1859 1754 1948; x_wconf 85' lang='lat' dir='ltr'>sensibilem,</span> <span class='ocrx_word' id='word_1_75' title='bbox 1787 1859 1989 1933; x_wconf 89' lang='lat' dir='ltr'>extenderes</span> 
     </span>
     <span class='ocr_line' id='line_1_10' title="bbox 623 1975 1990 2074; baseline -0.002 -24"><span class='ocrx_word' id='word_1_76' title='bbox 623 1975 838 2073; x_wconf 85' lang='lat' dir='ltr'>spiritualiter</span> <span class='ocrx_word' id='word_1_77' title='bbox 864 1977 1075 2072; x_wconf 89' lang='lat' dir='ltr'>splendorem</span> <span class='ocrx_word' id='word_1_78' title='bbox 1102 1987 1212 2068; x_wconf 90' lang='lat' dir='ltr'>tunm,</span> <span class='ocrx_word' id='word_1_79' title='bbox 1247 1979 1467 2074; x_wconf 91' lang='lat' dir='ltr'>repleresque</span> <span class='ocrx_word' id='word_1_80' title='bbox 1495 1975 1583 2048; x_wconf 92' lang='lat' dir='ltr'>illum</span> <span class='ocrx_word' id='word_1_81' title='bbox 1611 1975 1799 2047; x_wconf 90' lang='lat' dir='ltr'>muneribus</span> <span class='ocrx_word' id='word_1_82' title='bbox 1836 1980 1899 2048; x_wconf 92' lang='lat' dir='ltr'>tuis</span> <span class='ocrx_word' id='word_1_83' title='bbox 1932 1976 1990 2047; x_wconf 88' lang='lat' dir='ltr'>di-</span> 
     </span>
    </p>
   </div>
   <div class='ocr_carea' id='block_1_4' title="bbox 616 2092 1990 5531">
    <p class='ocr_par' dir='ltr' id='par_1_4' title="bbox 616 2092 1990 4043">
     <span class='ocr_line' id='line_1_11' title="bbox 619 2092 1990 2190; baseline -0.002 -25"><span class='ocrx_word' id='word_1_84' title='bbox 619 2094 721 2183; x_wconf 84' lang='lat' dir='ltr'>vinis,</span> <span class='ocrx_word' id='word_1_85' title='bbox 746 2096 989 2186; x_wconf 84' lang='lat' dir='ltr'>imaginemque</span> <span class='ocrx_word' id='word_1_86' title='bbox 1016 2105 1104 2165; x_wconf 92' lang='lat' dir='ltr'>tuam</span> <span class='ocrx_word' id='word_1_87' title='bbox 1132 2105 1321 2190; x_wconf 88' lang='lat' dir='ltr'>corruptam</span> <span class='ocrx_word' id='word_1_88' title='bbox 1350 2104 1383 2165; x_wconf 89' lang='lat' dir='ltr'>et</span> <span class='ocrx_word' id='word_1_89' title='bbox 1408 2092 1498 2164; x_wconf 92' lang='lat' dir='ltr'>nihili</span> <span class='ocrx_word' id='word_1_90' title='bbox 1525 2092 1647 2164; x_wconf 88' lang='lat' dir='ltr'>laetam</span> <span class='ocrx_word' id='word_1_91' title='bbox 1667 2095 1860 2179; x_wconf 72' lang='lat' dir='ltr'>innovares,</span> <span class='ocrx_word' id='word_1_92' title='bbox 1888 2092 1990 2162; x_wconf 91' lang='lat' dir='ltr'>etad</span> 
     </span>
     <span class='ocr_line' id='line_1_12' title="bbox 618 2205 1989 2305; baseline -0.001 -26"><span class='ocrx_word' id='word_1_93' title='bbox 618 2205 729 2280; x_wconf 89' lang='lat' dir='ltr'>locum</span> <span class='ocrx_word' id='word_1_94' title='bbox 756 2230 850 2280; x_wconf 91' lang='lat' dir='ltr'>sunm</span> <span class='ocrx_word' id='word_1_95' title='bbox 876 2212 1046 2305; x_wconf 89' lang='lat' dir='ltr'>pristinum</span> <span class='ocrx_word' id='word_1_96' title='bbox 1073 2207 1265 2297; x_wconf 80' lang='lat' dir='ltr'>reduceres,</span> <span class='ocrx_word' id='word_1_97' title='bbox 1294 2218 1442 2281; x_wconf 91' lang='lat' dir='ltr'>amanter</span> <span class='ocrx_word' id='word_1_98' title='bbox 1469 2231 1575 2300; x_wconf 92' lang='lat' dir='ltr'>agens</span> <span class='ocrx_word' id='word_1_99' title='bbox 1603 2230 1685 2301; x_wconf 90' lang='lat' dir='ltr'>erga</span> <span class='ocrx_word' id='word_1_100' title='bbox 1712 2207 1874 2296; x_wconf 90' lang='lat' dir='ltr'>homines,</span> <span class='ocrx_word' id='word_1_101' title='bbox 1901 2229 1989 2298; x_wconf 90' lang='lat' dir='ltr'>ger-</span> 
     </span>
     <span class='ocr_line' id='line_1_13' title="bbox 620 2323 1988 2420; baseline -0.002 -24"><span class='ocrx_word' id='word_1_102' title='bbox 620 2345 697 2416; x_wconf 77' lang='lat' dir='ltr'>men</span> <span class='ocrx_word' id='word_1_103' title='bbox 723 2347 769 2395; x_wconf 82' lang='lat' dir='ltr'>ex</span> <span class='ocrx_word' id='word_1_104' title='bbox 795 2327 869 2395; x_wconf 91' lang='lat' dir='ltr'>sinu</span> <span class='ocrx_word' id='word_1_105' title='bbox 896 2333 973 2412; x_wconf 91' lang='lat' dir='ltr'>tuc,</span> <span class='ocrx_word' id='word_1_106' title='bbox 1008 2335 1041 2395; x_wconf 92' lang='lat' dir='ltr'>et</span> <span class='ocrx_word' id='word_1_107' title='bbox 1074 2325 1284 2420; x_wconf 89' lang='lat' dir='ltr'>splendorem</span> <span class='ocrx_word' id='word_1_108' title='bbox 1318 2347 1364 2395; x_wconf 90' lang='lat' dir='ltr'>ex</span> <span class='ocrx_word' id='word_1_109' title='bbox 1398 2324 1533 2417; x_wconf 91' lang='lat' dir='ltr'>lulgore</span> <span class='ocrx_word' id='word_1_110' title='bbox 1567 2334 1642 2414; x_wconf 87' lang='lat' dir='ltr'>tuo,</span> <span class='ocrx_word' id='word_1_111' title='bbox 1673 2324 1762 2395; x_wconf 93' lang='lat' dir='ltr'>illum</span> <span class='ocrx_word' id='word_1_112' title='bbox 1790 2323 1988 2394; x_wconf 87' lang='lat' dir='ltr'>directorem</span> 
     </span>
     <span class='ocr_line' id='line_1_14' title="bbox 620 2439 1988 2534; baseline 0.001 -24"><span class='ocrx_word' id='word_1_113' title='bbox 620 2441 757 2527; x_wconf 86' lang='lat' dir='ltr'>misisti,</span> <span class='ocrx_word' id='word_1_114' title='bbox 789 2449 823 2510; x_wconf 91' lang='lat' dir='ltr'>et</span> <span class='ocrx_word' id='word_1_115' title='bbox 855 2461 918 2512; x_wconf 92' lang='lat' dir='ltr'>nos</span> <span class='ocrx_word' id='word_1_116' title='bbox 954 2463 973 2510; x_wconf 91' lang='lat' dir='ltr'>a</span> <span class='ocrx_word' id='word_1_117' title='bbox 1010 2444 1222 2534; x_wconf 89' lang='lat' dir='ltr'>corruptione</span> <span class='ocrx_word' id='word_1_118' title='bbox 1255 2440 1411 2513; x_wconf 89' lang='lat' dir='ltr'>salvasti:</span> <span class='ocrx_word' id='word_1_119' title='bbox 1451 2443 1507 2534; x_wconf 92' lang='lat' dir='ltr'>qui</span> <span class='ocrx_word' id='word_1_120' title='bbox 1541 2449 1679 2511; x_wconf 87' lang='lat' dir='ltr'>naturae</span> <span class='ocrx_word' id='word_1_121' title='bbox 1711 2451 1847 2512; x_wconf 89' lang='lat' dir='ltr'>nostrae</span> <span class='ocrx_word' id='word_1_122' title='bbox 1881 2439 1988 2512; x_wconf 87' lang='lat' dir='ltr'>lactus</span> 
     </span>
     <span class='ocr_line' id='line_1_15' title="bbox 620 2543 1988 2652; baseline 0 -26"><span class='ocrx_word' id='word_1_123' title='bbox 620 2558 787 2651; x_wconf 86' lang='lat' dir='ltr'>particeps</span> <span class='ocrx_word' id='word_1_124' title='bbox 821 2558 855 2625; x_wconf 92' lang='lat' dir='ltr'>in</span> <span class='ocrx_word' id='word_1_125' title='bbox 887 2554 1059 2643; x_wconf 88' lang='lat' dir='ltr'>omnibus,</span> <span class='ocrx_word' id='word_1_126' title='bbox 1093 2553 1220 2649; x_wconf 88' lang='lat' dir='ltr'>absque</span> <span class='ocrx_word' id='word_1_127' title='bbox 1251 2555 1318 2628; x_wconf 91' lang='lat' dir='ltr'>ulla</span> <span class='ocrx_word' id='word_1_128' title='bbox 1354 2543 1451 2652; x_wconf 90' lang='lat' dir='ltr'>culpa</span> <span class='ocrx_word' id='word_1_129' title='bbox 1488 2559 1683 2650; x_wconf 87' lang='lat' dir='ltr'>permansit,</span> <span class='ocrx_word' id='word_1_130' title='bbox 1727 2559 1816 2627; x_wconf 92' lang='lat' dir='ltr'>viam</span> <span class='ocrx_word' id='word_1_131' title='bbox 1850 2564 1988 2627; x_wconf 91' lang='lat' dir='ltr'>naturae</span> 
     </span>
     <span class='ocr_line' id='line_1_16' title="bbox 619 2672 1988 2769; baseline 0 -26"><span class='ocrx_word' id='word_1_132' title='bbox 619 2675 787 2768; x_wconf 86' lang='lat' dir='ltr'>purgavit,</span> <span class='ocrx_word' id='word_1_133' title='bbox 816 2683 849 2743; x_wconf 91' lang='lat' dir='ltr'>et</span> <span class='ocrx_word' id='word_1_134' title='bbox 874 2672 1067 2744; x_wconf 88' lang='lat' dir='ltr'>naturaliter</span> <span class='ocrx_word' id='word_1_135' title='bbox 1093 2673 1255 2764; x_wconf 85' lang='lat' dir='ltr'>gradatim</span> <span class='ocrx_word' id='word_1_136' title='bbox 1283 2678 1407 2745; x_wconf 89' lang='lat' dir='ltr'>crevit:</span> <span class='ocrx_word' id='word_1_137' title='bbox 1445 2685 1603 2769; x_wconf 89' lang='lat' dir='ltr'>operatus</span> <span class='ocrx_word' id='word_1_138' title='bbox 1631 2684 1683 2745; x_wconf 86' lang='lat' dir='ltr'>est</span> <span class='ocrx_word' id='word_1_139' title='bbox 1708 2675 1849 2743; x_wconf 90' lang='lat' dir='ltr'>virtutes</span> <span class='ocrx_word' id='word_1_140' title='bbox 1876 2672 1988 2743; x_wconf 91' lang='lat' dir='ltr'>admi-</span> 
     </span>
     <span class='ocr_line' id='line_1_17' title="bbox 619 2785 1988 2883; baseline -0.001 -24"><span class='ocrx_word' id='word_1_141' title='bbox 619 2785 761 2878; x_wconf 89' lang='lat' dir='ltr'>rabiles;</span> <span class='ocrx_word' id='word_1_142' title='bbox 789 2788 972 2883; x_wconf 89' lang='lat' dir='ltr'>doctorque</span> <span class='ocrx_word' id='word_1_143' title='bbox 998 2792 1178 2861; x_wconf 88' lang='lat' dir='ltr'>universae</span> <span class='ocrx_word' id='word_1_144' title='bbox 1205 2797 1343 2861; x_wconf 90' lang='lat' dir='ltr'>naturae</span> <span class='ocrx_word' id='word_1_145' title='bbox 1369 2798 1506 2862; x_wconf 92' lang='lat' dir='ltr'>nostrae</span> <span class='ocrx_word' id='word_1_146' title='bbox 1534 2792 1653 2877; x_wconf 88' lang='lat' dir='ltr'>extitit,</span> <span class='ocrx_word' id='word_1_147' title='bbox 1681 2788 1794 2859; x_wconf 91' lang='lat' dir='ltr'>divino</span> <span class='ocrx_word' id='word_1_148' title='bbox 1823 2798 1856 2859; x_wconf 89' lang='lat' dir='ltr'>et</span> <span class='ocrx_word' id='word_1_149' title='bbox 1882 2791 1988 2858; x_wconf 86' lang='lat' dir='ltr'>inex-</span> 
     </span>
     <span class='ocr_line' id='line_1_18' title="bbox 620 2903 1987 3001; baseline 0 -26"><span class='ocrx_word' id='word_1_150' title='bbox 620 2903 766 2999; x_wconf 89' lang='lat' dir='ltr'>plicabili</span> <span class='ocrx_word' id='word_1_151' title='bbox 791 2904 900 2977; x_wconf 91' lang='lat' dir='ltr'>modo.</span> <span class='ocrx_word' id='word_1_152' title='bbox 956 2905 1020 2991; x_wconf 80' lang='lat' dir='ltr'>Qui</span> <span class='ocrx_word' id='word_1_153' title='bbox 1045 2927 1107 3001; x_wconf 90' lang='lat' dir='ltr'>per</span> <span class='ocrx_word' id='word_1_154' title='bbox 1134 2927 1280 2977; x_wconf 92' lang='lat' dir='ltr'>amorem</span> <span class='ocrx_word' id='word_1_155' title='bbox 1309 2926 1404 2976; x_wconf 93' lang='lat' dir='ltr'>suum</span> <span class='ocrx_word' id='word_1_156' title='bbox 1431 2927 1515 2997; x_wconf 93' lang='lat' dir='ltr'>erga</span> <span class='ocrx_word' id='word_1_157' title='bbox 1541 2905 1703 2994; x_wconf 92' lang='lat' dir='ltr'>homines,</span> <span class='ocrx_word' id='word_1_158' title='bbox 1729 2903 1898 2975; x_wconf 88' lang='lat' dir='ltr'>divinitate</span> <span class='ocrx_word' id='word_1_159' title='bbox 1926 2928 1987 2976; x_wconf 93' lang='lat' dir='ltr'>sua</span> 
     </span>
     <span class='ocr_line' id='line_1_19' title="bbox 619 3019 1987 3118; baseline 0 -28"><span class='ocrx_word' id='word_1_160' title='bbox 619 3041 683 3093; x_wconf 89' lang='lat' dir='ltr'>nos</span> <span class='ocrx_word' id='word_1_161' title='bbox 709 3020 864 3118; x_wconf 93' lang='lat' dir='ltr'>replevit,</span> <span class='ocrx_word' id='word_1_162' title='bbox 892 3031 925 3092; x_wconf 96' lang='lat' dir='ltr'>et</span> <span class='ocrx_word' id='word_1_163' title='bbox 951 3020 1166 3093; x_wconf 89' lang='lat' dir='ltr'>absconditae</span> <span class='ocrx_word' id='word_1_164' title='bbox 1192 3030 1332 3092; x_wconf 91' lang='lat' dir='ltr'>naturae</span> <span class='ocrx_word' id='word_1_165' title='bbox 1359 3043 1441 3092; x_wconf 90' lang='lat' dir='ltr'>suae</span> <span class='ocrx_word' id='word_1_166' title='bbox 1467 3019 1548 3091; x_wconf 90' lang='lat' dir='ltr'>lecit</span> <span class='ocrx_word' id='word_1_167' title='bbox 1573 3042 1635 3092; x_wconf 90' lang='lat' dir='ltr'>nos</span> <span class='ocrx_word' id='word_1_168' title='bbox 1662 3021 1849 3114; x_wconf 82' lang='lat' dir='ltr'>participes</span> <span class='ocrx_word' id='word_1_169' title='bbox 1888 3019 1987 3090; x_wconf 91' lang='lat' dir='ltr'>Viam</span> 
     </span>
     <span class='ocr_line' id='line_1_20' title="bbox 620 3134 1987 3230; baseline -0.001 -22"><span class='ocrx_word' id='word_1_170' title='bbox 620 3140 711 3208; x_wconf 85' lang='lat' dir='ltr'>vitae</span> <span class='ocrx_word' id='word_1_171' title='bbox 738 3134 978 3209; x_wconf 90' lang='lat' dir='ltr'>demonstravit</span> <span class='ocrx_word' id='word_1_172' title='bbox 1003 3136 1120 3209; x_wconf 92' lang='lat' dir='ltr'>nobis:</span> <span class='ocrx_word' id='word_1_173' title='bbox 1148 3140 1284 3208; x_wconf 90' lang='lat' dir='ltr'>semitas</span> <span class='ocrx_word' id='word_1_174' title='bbox 1318 3160 1337 3207; x_wconf 93' lang='lat' dir='ltr'>a</span> <span class='ocrx_word' id='word_1_175' title='bbox 1370 3135 1533 3208; x_wconf 89' lang='lat' dir='ltr'>scandalis</span> <span class='ocrx_word' id='word_1_176' title='bbox 1560 3136 1682 3208; x_wconf 91' lang='lat' dir='ltr'>liberas</span> <span class='ocrx_word' id='word_1_177' title='bbox 1715 3138 1845 3230; x_wconf 92' lang='lat' dir='ltr'>paravit</span> <span class='ocrx_word' id='word_1_178' title='bbox 1877 3134 1987 3223; x_wconf 86' lang='lat' dir='ltr'>nobis,</span> 
     </span>
     <span class='ocr_line' id='line_1_21' title="bbox 622 3250 1986 3348; baseline -0.002 -25"><span class='ocrx_word' id='word_1_179' title='bbox 622 3261 656 3323; x_wconf 88' lang='lat' dir='ltr'>ct</span> <span class='ocrx_word' id='word_1_180' title='bbox 680 3251 723 3325; x_wconf 86' lang='lat' dir='ltr'>ab</span> <span class='ocrx_word' id='word_1_181' title='bbox 752 3261 905 3347; x_wconf 90' lang='lat' dir='ltr'>apostata</span> <span class='ocrx_word' id='word_1_182' title='bbox 937 3253 1011 3340; x_wconf 92' lang='lat' dir='ltr'>illo,</span> <span class='ocrx_word' id='word_1_183' title='bbox 1045 3255 1100 3348; x_wconf 94' lang='lat' dir='ltr'>qui</span> <span class='ocrx_word' id='word_1_184' title='bbox 1133 3257 1316 3347; x_wconf 88' lang='lat' dir='ltr'>prostravit</span> <span class='ocrx_word' id='word_1_185' title='bbox 1341 3274 1404 3326; x_wconf 89' lang='lat' dir='ltr'>nos</span> <span class='ocrx_word' id='word_1_186' title='bbox 1436 3252 1632 3346; x_wconf 92' lang='lat' dir='ltr'>aliquando,</span> <span class='ocrx_word' id='word_1_187' title='bbox 1658 3250 1819 3337; x_wconf 84' lang='lat' dir='ltr'>salvavit3</span> <span class='ocrx_word' id='word_1_188' title='bbox 1854 3254 1986 3322; x_wconf 90' lang='lat' dir='ltr'>oratio-</span> 
     </span>
     <span class='ocr_line' id='line_1_22' title="bbox 619 3364 1985 3464; baseline -0.002 -25"><span class='ocrx_word' id='word_1_189' title='bbox 619 3381 765 3464; x_wconf 84' lang='lat' dir='ltr'>nemque</span> <span class='ocrx_word' id='word_1_190' title='bbox 790 3369 834 3440; x_wconf 89' lang='lat' dir='ltr'>ad</span> <span class='ocrx_word' id='word_1_191' title='bbox 858 3368 992 3440; x_wconf 89' lang='lat' dir='ltr'>Patrem</span> <span class='ocrx_word' id='word_1_192' title='bbox 1021 3368 1132 3441; x_wconf 92' lang='lat' dir='ltr'>docuit</span> <span class='ocrx_word' id='word_1_193' title='bbox 1157 3390 1231 3441; x_wconf 89' lang='lat' dir='ltr'>nos.</span> <span class='ocrx_word' id='word_1_194' title='bbox 1285 3369 1428 3439; x_wconf 91' lang='lat' dir='ltr'>Domine</span> <span class='ocrx_word' id='word_1_195' title='bbox 1454 3388 1627 3459; x_wconf 74' lang='lat' dir='ltr'>rogamuS,</span> <span class='ocrx_word' id='word_1_196' title='bbox 1655 3378 1690 3437; x_wconf 94' lang='lat' dir='ltr'>ut</span> <span class='ocrx_word' id='word_1_197' title='bbox 1716 3364 1887 3457; x_wconf 89' lang='lat' dir='ltr'>abstergat</span> <span class='ocrx_word' id='word_1_198' title='bbox 1914 3387 1985 3452; x_wconf 91' lang='lat' dir='ltr'>cra,</span> 
     </span>
     <span class='ocr_line' id='line_1_23' title="bbox 616 3480 1987 3573; baseline -0.005 -14"><span class='ocrx_word' id='word_1_199' title='bbox 616 3480 717 3573; x_wconf 88' lang='lat' dir='ltr'>labia,</span> <span class='ocrx_word' id='word_1_200' title='bbox 744 3496 872 3556; x_wconf 88' lang='lat' dir='ltr'>mentes</span> <span class='ocrx_word' id='word_1_201' title='bbox 899 3495 932 3555; x_wconf 91' lang='lat' dir='ltr'>et</span> <span class='ocrx_word' id='word_1_202' title='bbox 960 3507 1058 3555; x_wconf 91' lang='lat' dir='ltr'>aures</span> <span class='ocrx_word' id='word_1_203' title='bbox 1086 3488 1230 3557; x_wconf 92' lang='lat' dir='ltr'>omnium</span> <span class='ocrx_word' id='word_1_204' title='bbox 1257 3494 1427 3573; x_wconf 92' lang='lat' dir='ltr'>nostrum,</span> <span class='ocrx_word' id='word_1_205' title='bbox 1461 3492 1496 3554; x_wconf 88' lang='lat' dir='ltr'>ut</span> <span class='ocrx_word' id='word_1_206' title='bbox 1531 3506 1605 3554; x_wconf 90' lang='lat' dir='ltr'>cum</span> <span class='ocrx_word' id='word_1_207' title='bbox 1639 3481 1757 3555; x_wconf 85' lang='lat' dir='ltr'>fiducia</span> <span class='ocrx_word' id='word_1_208' title='bbox 1790 3492 1824 3553; x_wconf 88' lang='lat' dir='ltr'>et</span> <span class='ocrx_word' id='word_1_209' title='bbox 1850 3485 1987 3553; x_wconf 91' lang='lat' dir='ltr'>caritate</span> 
     </span>
     <span class='ocr_line' id='line_1_24' title="bbox 619 3599 1986 3697; baseline -0.004 -24"><span class='ocrx_word' id='word_1_210' title='bbox 619 3623 705 3697; x_wconf 88' lang='lat' dir='ltr'>qnae</span> <span class='ocrx_word' id='word_1_211' title='bbox 730 3609 765 3672; x_wconf 88' lang='lat' dir='ltr'>to</span> <span class='ocrx_word' id='word_1_212' title='bbox 792 3600 888 3672; x_wconf 91' lang='lat' dir='ltr'>decet</span> <span class='ocrx_word' id='word_1_213' title='bbox 920 3622 994 3671; x_wconf 91' lang='lat' dir='ltr'>cum</span> <span class='ocrx_word' id='word_1_214' title='bbox 1029 3599 1177 3671; x_wconf 89' lang='lat' dir='ltr'>clamore</span> <span class='ocrx_word' id='word_1_215' title='bbox 1204 3600 1351 3672; x_wconf 89' lang='lat' dir='ltr'>dicamus</span> <span class='ocrx_word' id='word_1_216' title='bbox 1379 3623 1471 3687; x_wconf 91' lang='lat' dir='ltr'>eam,</span> <span class='ocrx_word' id='word_1_217' title='bbox 1499 3599 1736 3692; x_wconf 86' lang='lat' dir='ltr'>elevemusque</span> <span class='ocrx_word' id='word_1_218' title='bbox 1763 3600 1891 3669; x_wconf 91' lang='lat' dir='ltr'>animos</span> <span class='ocrx_word' id='word_1_219' title='bbox 1918 3618 1986 3667; x_wconf 94' lang='lat' dir='ltr'>no-</span> 
     </span>
     <span class='ocr_line' id='line_1_25' title="bbox 619 3714 1987 3812; baseline -0.005 -21"><span class='ocrx_word' id='word_1_220' title='bbox 619 3728 708 3791; x_wconf 89' lang='lat' dir='ltr'>stros</span> <span class='ocrx_word' id='word_1_221' title='bbox 736 3716 778 3788; x_wconf 92' lang='lat' dir='ltr'>ad</span> <span class='ocrx_word' id='word_1_222' title='bbox 801 3726 833 3788; x_wconf 91' lang='lat' dir='ltr'>te</span> <span class='ocrx_word' id='word_1_223' title='bbox 852 3714 1111 3812; x_wconf 88' lang='lat' dir='ltr'>deprecabundi,</span> <span class='ocrx_word' id='word_1_224' title='bbox 1138 3716 1469 3812; x_wconf 88' lang='lat' dir='ltr'>respondeamusque</span> <span class='ocrx_word' id='word_1_225' title='bbox 1487 3725 1521 3785; x_wconf 91' lang='lat' dir='ltr'>et</span> <span class='ocrx_word' id='word_1_226' title='bbox 1540 3714 1696 3786; x_wconf 91' lang='lat' dir='ltr'>dicamus.</span> <span class='ocrx_word' id='word_1_227' title='bbox 1749 3714 1851 3786; x_wconf 93' lang='lat' dir='ltr'>Pater</span> <span class='ocrx_word' id='word_1_228' title='bbox 1871 3723 1987 3786; x_wconf 89' lang='lat' dir='ltr'>noster</span> 
     </span>
     <span class='ocr_line' id='line_1_26' title="bbox 620 3833 939 3928; baseline -0.009 -23"><span class='ocrx_word' id='word_1_229' title='bbox 620 3837 739 3928; x_wconf 87' lang='lat' dir='ltr'>quies</span> <span class='ocrx_word' id='word_1_230' title='bbox 764 3834 798 3904; x_wconf 92' lang='lat' dir='ltr'>in</span> <span class='ocrx_word' id='word_1_231' title='bbox 825 3833 939 3910; x_wconf 87' lang='lat' dir='ltr'>coelis.</span> 
     </span>
     <span class='ocr_line' id='line_1_27' title="bbox 722 3948 1532 4043; baseline -0.006 -23"><span class='ocrx_word' id='word_1_232' title='bbox 722 3949 883 4043; x_wconf 83' lang='lat' dir='ltr'>Populos.</span> <span class='ocrx_word' id='word_1_233' title='bbox 936 3948 1167 4021; x_wconf 85' lang='lat' dir='ltr'>Sanctificetur</span> <span class='ocrx_word' id='word_1_234' title='bbox 1192 3968 1314 4019; x_wconf 90' lang='lat' dir='ltr'>nomen</span> <span class='ocrx_word' id='word_1_235' title='bbox 1340 3956 1442 4035; x_wconf 93' lang='lat' dir='ltr'>tuum,</span> <span class='ocrx_word' id='word_1_236' title='bbox 1468 3955 1532 4016; x_wconf 90' lang='lat' dir='ltr'>etc.</span> 
     </span>
    </p>

    <p class='ocr_par' dir='ltr' id='par_1_5' title="bbox 618 4061 1987 5437">
     <span class='ocr_line' id='line_1_28' title="bbox 647 4061 1987 4155; baseline -0.004 -17"><span class='ocrx_word' id='word_1_237' title='bbox 647 4087 655 4104; x_wconf 56' lang='lat'>⁸</span> <span class='ocrx_word' id='word_1_238' title='bbox 724 4065 908 4138; x_wconf 85' lang='lat' dir='ltr'>Sacerdos.</span> <span class='ocrx_word' id='word_1_239' title='bbox 959 4064 988 4137; x_wconf 91' lang='lat'>0</span> <span class='ocrx_word' id='word_1_240' title='bbox 1015 4066 1159 4155; x_wconf 90' lang='lat' dir='ltr'>benigne</span> <span class='ocrx_word' id='word_1_241' title='bbox 1187 4072 1221 4133; x_wconf 94' lang='lat' dir='ltr'>et</span> <span class='ocrx_word' id='word_1_242' title='bbox 1246 4061 1458 4153; x_wconf 90' lang='lat' dir='ltr'>longanimis,</span> <span class='ocrx_word' id='word_1_243' title='bbox 1483 4061 1639 4149; x_wconf 91' lang='lat' dir='ltr'>Domine,</span> <span class='ocrx_word' id='word_1_244' title='bbox 1664 4062 1765 4132; x_wconf 90' lang='lat' dir='ltr'>Pater</span> <span class='ocrx_word' id='word_1_245' title='bbox 1791 4070 1906 4133; x_wconf 86' lang='lat' dir='ltr'>noster</span> <span class='ocrx_word' id='word_1_246' title='bbox 1932 4064 1987 4155; x_wconf 92' lang='lat' dir='ltr'>qui</span> 
     </span>
     <span class='ocr_line' id='line_1_29' title="bbox 621 4177 1986 4284; baseline -0.007 -27"><span class='ocrx_word' id='word_1_247' title='bbox 621 4203 660 4257; x_wconf 81' lang='lat' dir='ltr'>os</span> <span class='ocrx_word' id='word_1_248' title='bbox 685 4187 719 4255; x_wconf 91' lang='lat' dir='ltr'>in</span> <span class='ocrx_word' id='word_1_249' title='bbox 738 4180 856 4271; x_wconf 91' lang='lat' dir='ltr'>coelis,</span> <span class='ocrx_word' id='word_1_250' title='bbox 883 4191 999 4254; x_wconf 91' lang='lat' dir='ltr'>sancte</span> <span class='ocrx_word' id='word_1_251' title='bbox 1026 4191 1059 4284; x_wconf 76' lang='lat' dir='ltr'>et</span> <span class='ocrx_word' id='word_1_252' title='bbox 1073 4178 1295 4252; x_wconf 88' lang='lat' dir='ltr'>sanctificator</span> <span class='ocrx_word' id='word_1_253' title='bbox 1311 4180 1469 4249; x_wconf 89' lang='lat' dir='ltr'>omnium:</span> <span class='ocrx_word' id='word_1_254' title='bbox 1498 4177 1539 4247; x_wconf 92' lang='lat' dir='ltr'>da</span> <span class='ocrx_word' id='word_1_255' title='bbox 1566 4177 1664 4248; x_wconf 92' lang='lat' dir='ltr'>nobis</span> <span class='ocrx_word' id='word_1_256' title='bbox 1684 4199 1729 4248; x_wconf 86' lang='lat' dir='ltr'>ex</span> <span class='ocrx_word' id='word_1_257' title='bbox 1748 4177 1872 4249; x_wconf 89' lang='lat' dir='ltr'>Sancto</span> <span class='ocrx_word' id='word_1_258' title='bbox 1891 4178 1986 4248; x_wconf 88' lang='lat' dir='ltr'>San-</span> 
     </span>
     <span class='ocr_line' id='line_1_30' title="bbox 619 4291 1985 4388; baseline -0.007 -15"><span class='ocrx_word' id='word_1_259' title='bbox 619 4308 747 4373; x_wconf 87' lang='lat' dir='ltr'>ctomm</span> <span class='ocrx_word' id='word_1_260' title='bbox 773 4309 843 4388; x_wconf 90' lang='lat' dir='ltr'>tuo,</span> <span class='ocrx_word' id='word_1_261' title='bbox 869 4307 904 4368; x_wconf 87' lang='lat' dir='ltr'>ut</span> <span class='ocrx_word' id='word_1_262' title='bbox 930 4296 1153 4369; x_wconf 83' lang='lat' dir='ltr'>sanctificetur</span> <span class='ocrx_word' id='word_1_263' title='bbox 1187 4298 1221 4365; x_wconf 90' lang='lat' dir='ltr'>in</span> <span class='ocrx_word' id='word_1_264' title='bbox 1254 4291 1353 4364; x_wconf 92' lang='lat' dir='ltr'>nobis</span> <span class='ocrx_word' id='word_1_265' title='bbox 1379 4316 1501 4366; x_wconf 93' lang='lat' dir='ltr'>nomen</span> <span class='ocrx_word' id='word_1_266' title='bbox 1528 4302 1616 4365; x_wconf 92' lang='lat' dir='ltr'>tuum</span> <span class='ocrx_word' id='word_1_267' title='bbox 1643 4315 1818 4385; x_wconf 88' lang='lat' dir='ltr'>magnum:</span> <span class='ocrx_word' id='word_1_268' title='bbox 1851 4305 1885 4365; x_wconf 92' lang='lat' dir='ltr'>et</span> <span class='ocrx_word' id='word_1_269' title='bbox 1918 4293 1985 4365; x_wconf 93' lang='lat' dir='ltr'>ad-</span> 
     </span>
     <span class='ocr_line' id='line_1_31' title="bbox 619 4409 1985 4506; baseline -0.008 -17"><span class='ocrx_word' id='word_1_270' title='bbox 619 4420 733 4489; x_wconf 87' lang='lat' dir='ltr'>veniat</span> <span class='ocrx_word' id='word_1_271' title='bbox 758 4436 897 4506; x_wconf 90' lang='lat' dir='ltr'>reguum</span> <span class='ocrx_word' id='word_1_272' title='bbox 935 4423 1024 4484; x_wconf 93' lang='lat' dir='ltr'>tuum</span> <span class='ocrx_word' id='word_1_273' title='bbox 1058 4412 1099 4484; x_wconf 92' lang='lat' dir='ltr'>ad</span> <span class='ocrx_word' id='word_1_274' title='bbox 1133 4411 1291 4483; x_wconf 87' lang='lat' dir='ltr'>auxilinm</span> <span class='ocrx_word' id='word_1_275' title='bbox 1321 4422 1491 4499; x_wconf 82' lang='lat' dir='ltr'>nostrum3</span> <span class='ocrx_word' id='word_1_276' title='bbox 1524 4413 1715 4483; x_wconf 87' lang='lat' dir='ltr'>executioni</span> <span class='ocrx_word' id='word_1_277' title='bbox 1746 4409 1918 4483; x_wconf 91' lang='lat' dir='ltr'>mandetur</span> <span class='ocrx_word' id='word_1_278' title='bbox 1952 4411 1985 4478; x_wconf 91' lang='lat' dir='ltr'>in</span> 
     </span>
     <span class='ocr_line' id='line_1_32' title="bbox 618 4524 1984 4621; baseline -0.006 -19"><span class='ocrx_word' id='word_1_279' title='bbox 618 4529 717 4604; x_wconf 88' lang='lat' dir='ltr'>nobis</span> <span class='ocrx_word' id='word_1_280' title='bbox 743 4530 899 4605; x_wconf 89' lang='lat' dir='ltr'>voluntas</span> <span class='ocrx_word' id='word_1_281' title='bbox 925 4538 981 4601; x_wconf 85' lang='lat' dir='ltr'>tua</span> <span class='ocrx_word' id='word_1_282' title='bbox 1009 4528 1109 4617; x_wconf 90' lang='lat' dir='ltr'>bona,</span> <span class='ocrx_word' id='word_1_283' title='bbox 1136 4531 1221 4600; x_wconf 90' lang='lat' dir='ltr'>sicut</span> <span class='ocrx_word' id='word_1_284' title='bbox 1252 4528 1286 4596; x_wconf 94' lang='lat' dir='ltr'>in</span> <span class='ocrx_word' id='word_1_285' title='bbox 1318 4524 1422 4597; x_wconf 91' lang='lat' dir='ltr'>coelis</span> <span class='ocrx_word' id='word_1_286' title='bbox 1450 4548 1469 4596; x_wconf 92' lang='lat' dir='ltr'>a</span> <span class='ocrx_word' id='word_1_287' title='bbox 1496 4524 1671 4598; x_wconf 90' lang='lat' dir='ltr'>virtutibus</span> <span class='ocrx_word' id='word_1_288' title='bbox 1699 4529 1851 4621; x_wconf 88' lang='lat' dir='ltr'>snpemis</span> <span class='ocrx_word' id='word_1_289' title='bbox 1877 4524 1984 4619; x_wconf 89' lang='lat' dir='ltr'>perli-</span> 
     </span>
     <span class='ocr_line' id='line_1_33' title="bbox 619 4640 1985 4737; baseline -0.007 -17"><span class='ocrx_word' id='word_1_290' title='bbox 619 4646 782 4720; x_wconf 86' lang='lat' dir='ltr'>cientibus</span> <span class='ocrx_word' id='word_1_291' title='bbox 808 4645 1012 4718; x_wconf 89' lang='lat' dir='ltr'>voluntatem</span> <span class='ocrx_word' id='word_1_292' title='bbox 1040 4657 1140 4732; x_wconf 90' lang='lat' dir='ltr'>tuam,</span> <span class='ocrx_word' id='word_1_293' title='bbox 1174 4664 1326 4737; x_wconf 92' lang='lat' dir='ltr'>quaeque</span> <span class='ocrx_word' id='word_1_294' title='bbox 1358 4640 1563 4714; x_wconf 85' lang='lat' dir='ltr'>sanctificant</span> <span class='ocrx_word' id='word_1_295' title='bbox 1589 4645 1769 4715; x_wconf 90' lang='lat' dir='ltr'>essentiam</span> <span class='ocrx_word' id='word_1_296' title='bbox 1801 4652 1908 4730; x_wconf 84' lang='lat' dir='ltr'>tuam3</span> <span class='ocrx_word' id='word_1_297' title='bbox 1938 4643 1985 4711; x_wconf 91' lang='lat' dir='ltr'>ita</span> 
     </span>
     <span class='ocr_line' id='line_1_34' title="bbox 618 4756 1984 4853; baseline -0.007 -18"><span class='ocrx_word' id='word_1_298' title='bbox 618 4764 743 4835; x_wconf 88' lang='lat' dir='ltr'>terreni</span> <span class='ocrx_word' id='word_1_299' title='bbox 771 4770 805 4833; x_wconf 91' lang='lat' dir='ltr'>ot</span> <span class='ocrx_word' id='word_1_300' title='bbox 831 4758 1013 4834; x_wconf 87' lang='lat' dir='ltr'>defectibus</span> <span class='ocrx_word' id='word_1_301' title='bbox 1040 4757 1190 4845; x_wconf 86' lang='lat' dir='ltr'>obnoxii,</span> <span class='ocrx_word' id='word_1_302' title='bbox 1218 4760 1371 4853; x_wconf 88' lang='lat' dir='ltr'>supernis</span> <span class='ocrx_word' id='word_1_303' title='bbox 1396 4757 1580 4850; x_wconf 84' lang='lat' dir='ltr'>agminibus</span> <span class='ocrx_word' id='word_1_304' title='bbox 1607 4757 1732 4832; x_wconf 89' lang='lat' dir='ltr'>similes</span> <span class='ocrx_word' id='word_1_305' title='bbox 1758 4756 1846 4844; x_wconf 86' lang='lat' dir='ltr'>liant,</span> <span class='ocrx_word' id='word_1_306' title='bbox 1874 4777 1984 4851; x_wconf 92' lang='lat' dir='ltr'>qnan-</span> 
     </span>
     <span class='ocr_line' id='line_1_35' title="bbox 619 4869 1984 4973; baseline -0.007 -23"><span class='ocrx_word' id='word_1_307' title='bbox 619 4884 687 4950; x_wconf 86' lang='lat' dir='ltr'>tum</span> <span class='ocrx_word' id='word_1_308' title='bbox 711 4876 806 4950; x_wconf 87' lang='lat' dir='ltr'>licet:</span> <span class='ocrx_word' id='word_1_309' title='bbox 833 4886 867 4948; x_wconf 93' lang='lat' dir='ltr'>et</span> <span class='ocrx_word' id='word_1_310' title='bbox 892 4876 1017 4973; x_wconf 89' lang='lat' dir='ltr'>perfice</span> <span class='ocrx_word' id='word_1_311' title='bbox 1044 4886 1143 4969; x_wconf 91' lang='lat' dir='ltr'>atque</span> <span class='ocrx_word' id='word_1_312' title='bbox 1169 4873 1223 4943; x_wconf 89' lang='lat' dir='ltr'>lac</span> <span class='ocrx_word' id='word_1_313' title='bbox 1249 4876 1282 4943; x_wconf 94' lang='lat' dir='ltr'>in</span> <span class='ocrx_word' id='word_1_314' title='bbox 1309 4871 1407 4944; x_wconf 93' lang='lat' dir='ltr'>nobis</span> <span class='ocrx_word' id='word_1_315' title='bbox 1434 4873 1637 4946; x_wconf 90' lang='lat' dir='ltr'>voluntatem</span> <span class='ocrx_word' id='word_1_316' title='bbox 1665 4884 1763 4946; x_wconf 90' lang='lat' dir='ltr'>tuam.</span> <span class='ocrx_word' id='word_1_317' title='bbox 1807 4874 1860 4944; x_wconf 92' lang='lat' dir='ltr'>Da</span> <span class='ocrx_word' id='word_1_318' title='bbox 1886 4869 1984 4943; x_wconf 91' lang='lat' dir='ltr'>nobis</span> 
     </span>
     <span class='ocr_line' id='line_1_36' title="bbox 619 4989 1984 5090; baseline -0.007 -25"><span class='ocrx_word' id='word_1_319' title='bbox 619 5015 739 5090; x_wconf 86' lang='lat' dir='ltr'>panem</span> <span class='ocrx_word' id='word_1_320' title='bbox 768 4992 914 5088; x_wconf 89' lang='lat' dir='ltr'>quotidie</span> <span class='ocrx_word' id='word_1_321' title='bbox 939 4991 1036 5065; x_wconf 92' lang='lat' dir='ltr'>nobis</span> <span class='ocrx_word' id='word_1_322' title='bbox 1062 4990 1305 5076; x_wconf 88' lang='lat' dir='ltr'>necessarium,</span> <span class='ocrx_word' id='word_1_323' title='bbox 1339 5000 1408 5062; x_wconf 87' lang='lat' dir='ltr'>toto</span> <span class='ocrx_word' id='word_1_324' title='bbox 1442 4993 1555 5085; x_wconf 86' lang='lat' dir='ltr'>spatio</span> <span class='ocrx_word' id='word_1_325' title='bbox 1576 4993 1668 5064; x_wconf 88' lang='lat' dir='ltr'>vitoe</span> <span class='ocrx_word' id='word_1_326' title='bbox 1693 4998 1830 5062; x_wconf 90' lang='lat' dir='ltr'>nostrae</span> <span class='ocrx_word' id='word_1_327' title='bbox 1856 4989 1984 5059; x_wconf 76' lang='lat' dir='ltr'>cansi-</span> 
     </span>
     <span class='ocr_line' id='line_1_37' title="bbox 619 5103 1985 5203; baseline -0.006 -22"><span class='ocrx_word' id='word_1_328' title='bbox 619 5112 726 5181; x_wconf 90' lang='lat' dir='ltr'>toriae</span> <span class='ocrx_word' id='word_1_329' title='bbox 753 5117 787 5179; x_wconf 91' lang='lat' dir='ltr'>et</span> <span class='ocrx_word' id='word_1_330' title='bbox 818 5107 940 5181; x_wconf 83' lang='lat' dir='ltr'>fluxae.</span> <span class='ocrx_word' id='word_1_331' title='bbox 1001 5110 1135 5180; x_wconf 87' lang='lat' dir='ltr'>Dimitte</span> <span class='ocrx_word' id='word_1_332' title='bbox 1167 5103 1286 5175; x_wconf 89' lang='lat' dir='ltr'>delicta</span> <span class='ocrx_word' id='word_1_333' title='bbox 1317 5118 1433 5178; x_wconf 74' lang='lat' dir='ltr'>nocua</span> <span class='ocrx_word' id='word_1_334' title='bbox 1465 5116 1499 5178; x_wconf 91' lang='lat' dir='ltr'>et</span> <span class='ocrx_word' id='word_1_335' title='bbox 1532 5128 1635 5203; x_wconf 89' lang='lat' dir='ltr'>parce</span> <span class='ocrx_word' id='word_1_336' title='bbox 1671 5107 1818 5201; x_wconf 90' lang='lat' dir='ltr'>peccatis</span> <span class='ocrx_word' id='word_1_337' title='bbox 1848 5105 1985 5191; x_wconf 89' lang='lat' dir='ltr'>nostris,</span> 
     </span>
     <span class='ocr_line' id='line_1_38' title="bbox 620 5216 1984 5322; baseline -0.006 -26"><span class='ocrx_word' id='word_1_338' title='bbox 620 5245 706 5322; x_wconf 84' lang='lat' dir='ltr'>quac</span> <span class='ocrx_word' id='word_1_339' title='bbox 732 5226 832 5320; x_wconf 66' lang='lat' dir='ltr'>imme</span> <span class='ocrx_word' id='word_1_340' title='bbox 860 5248 922 5321; x_wconf 92' lang='lat' dir='ltr'>per</span> <span class='ocrx_word' id='word_1_341' title='bbox 942 5228 1105 5320; x_wconf 89' lang='lat' dir='ltr'>nequitias</span> <span class='ocrx_word' id='word_1_342' title='bbox 1131 5230 1263 5291; x_wconf 89' lang='lat' dir='ltr'>nostras</span> <span class='ocrx_word' id='word_1_343' title='bbox 1296 5223 1530 5311; x_wconf 88' lang='lat' dir='ltr'>commisimus,</span> <span class='ocrx_word' id='word_1_344' title='bbox 1557 5225 1642 5295; x_wconf 85' lang='lat' dir='ltr'>sicut</span> <span class='ocrx_word' id='word_1_345' title='bbox 1667 5220 1855 5292; x_wconf 87' lang='lat' dir='ltr'>dimittimus</span> <span class='ocrx_word' id='word_1_346' title='bbox 1882 5216 1984 5290; x_wconf 93' lang='lat' dir='ltr'>debi-</span> 
     </span>
     <span class='ocr_line' id='line_1_39' title="bbox 619 5321 1986 5437; baseline -0.007 -24"><span class='ocrx_word' id='word_1_347' title='bbox 619 5341 747 5415; x_wconf 89' lang='lat' dir='ltr'>toribus</span> <span class='ocrx_word' id='word_1_348' title='bbox 773 5344 911 5432; x_wconf 85' lang='lat' dir='ltr'>nostn‘s,</span> <span class='ocrx_word' id='word_1_349' title='bbox 939 5364 1025 5437; x_wconf 87' lang='lat' dir='ltr'>quae</span> <span class='ocrx_word' id='word_1_350' title='bbox 1049 5338 1243 5434; x_wconf 88' lang='lat' dir='ltr'>insipienter</span> <span class='ocrx_word' id='word_1_351' title='bbox 1267 5338 1302 5408; x_wconf 95' lang='lat' dir='ltr'>in</span> <span class='ocrx_word' id='word_1_352' title='bbox 1326 5361 1390 5412; x_wconf 93' lang='lat' dir='ltr'>nos</span> <span class='ocrx_word' id='word_1_353' title='bbox 1409 5321 1725 5429; x_wconf 57' lang='lat' dir='ltr'>admiserunqsi&#39;ve</span> <span class='ocrx_word' id='word_1_354' title='bbox 1744 5339 1889 5410; x_wconf 87' lang='lat' dir='ltr'>scienter</span> <span class='ocrx_word' id='word_1_355' title='bbox 1909 5337 1986 5409; x_wconf 88' lang='lat' dir='ltr'>siva</span> 
     </span>
    </p>

    <p class='ocr_par' dir='ltr' id='par_1_6' title="bbox 1697 5452 1783 5531">
     <span class='ocr_line' id='line_1_40' title="bbox 1697 5452 1783 5531; baseline 0.023 -2"><span class='ocrx_word' id='word_1_356' title='bbox 1697 5456 1747 5531; x_wconf 78' lang='lat'>66</span> <span class='ocrx_word' id='word_1_357' title='bbox 1760 5452 1783 5495; x_wconf 75' lang='lat'>¹*</span> 
     </span>
    </p>
   </div>
   <div class='ocr_carea' id='block_1_5' title="bbox 0 0 2580 6534">
    <p class='ocr_par' dir='ltr' id='par_1_7' title="bbox 0 0 2580 6534">
     <span class='ocr_line' id='line_1_41' title="bbox 0 0 2580 6534; baseline 0 0"><span class='ocrx_word' id='word_1_358' title='bbox 0 0 2580 6534; x_wconf 95' lang='lat' dir='ltr'> </span> 
     </span>
    </p>
   </div>
  </div>
 </body>
</html>
