5150 6534
944 846 994 921 Ill
1027 844 1312 921 ittuntttns
1347 841 1619 920 statione.
1911 840 1960 916 81

599 1032 673 1116 getii
694 1030 795 1093 Lucae
818 1049 884 1112 cap.
908 1028 961 1092 22.
983 1050 1013 1091 v.
1037 1028 1089 1093 20.
1110 1025 1210 1091 τοῦτο
1238 1016 1276 1090 cd
1306 1018 1480 1111 ποτήριον,
1513 1017 1535 1111 ἦ
1563 1015 1657 1112 καινὴ
1686 1013 1831 1112 διαθήκη
1857 1017 1891 1089 ἐν
1918 1022 1966 1109 τιῖ

601 1124 718 1209 αἵματι
739 1148 805 1208 μου
826 1119 866 1192 τό
888 1119 973 1214 ὑπὲρ
995 1115 1085 1206 ὑμῶν
1106 1114 1323 1205 ἐκχυνὸμειον.
1365 1127 1424 1189 Hic
1445 1128 1531 1189 catix
1551 1146 1661 1189 ιιουιιιιι
1683 1133 1888 1189 testamentum
1909 1134 1965 1202 eet,

599 1233 633 1293 in
654 1248 720 1292 meo
740 1230 906 1309 annonem
928 1230 981 1307 qni
1001 1226 1114 1302 (calix)
1126 1246 1186 1307 pro
1200 1226 1289 1287 nobis
1302 1223 1463 1306 offenditur
1483 1228 1515 1287 in
1537 1228 1742 1289 mnasonem
1759 1235 1965 1305 peecatorum.

600 1329 645 1391 Ea
667 1329 761 1391 verba
783 1327 820 1389 ad
843 1328 967 1389 calicem
990 1325 1098 1389 reterri
1121 1324 1306 1387 manifestum
1329 1332 1395 1403 est,
1423 1343 1523 1405 neque
1554 1324 1585 1387 id
1614 1341 1728 1407 negare
1758 1325 1837 1387 Beza
1858 1315 1966 1406 potuit,

601 1429 656 1492 sed
669 1427 910 1509 soloecophanes
922 1426 986 1488 vult
998 1444 1079 1502 esse,
1102 1432 1135 1487 ut
1156 1425 1193 1486 ad
1215 1424 1394 1507 sanguinem
1416 1424 1577 1501 referatur,
1601 1432 1652 1487 aut
1673 1424 1826 1487 emendari
1848 1442 1967 1487 sacrum

600 1526 754 1605 codicem,
778 1535 881 1590 eontra
904 1525 1119 1606 exemplarium
1142 1524 1271 1586 onurium
1293 1522 1395 1586 fidem:
1420 1531 1499 1585 mata
1514 1524 1837 1604 estscripturariorum
1848 1524 1968 1587 illorum

601 1627 721 1709 religio.
765 1626 807 1689 At
829 1643 923 1703 vero,
951 1632 984 1687 ut
1013 1625 1052 1687 de
1079 1624 1190 1686 Latinis
1219 1621 1404 1703 Graecisque
1428 1621 1592 1704 Theologis
1614 1630 1781 1700 taceamus,
1810 1625 1863 1705 qui
1891 1624 1967 1688 haec

601 1726 696 1788 verba
718 1725 757 1787 ad
779 1723 902 1787 calicem
925 1723 1078 1801 referunt,
1109 1723 1278 1785 Orientales
1301 1722 1409 1784 rituum
1431 1721 1633 1802 lnterpretes,
1656 1722 1831 1785 allusionem
1854 1723 1967 1800 calicis,

602 1844 661 1905 qua
683 1823 876 1888 adumbretur
897 1830 929 1885 et
951 1828 1199 1903 repraesentetur
1220 1820 1438 1900 quodammodo
1453 1821 1560 1883 effusio
1572 1823 1725 1903 sanguinis
1738 1820 1858 1902 Christi,
1870 1825 1969 1906 signi-

602 1924 685 1987 licari
707 1930 865 1986 testantur.
909 1921 994 1985 Unde
1017 1928 1138 1983 monent
1160 1920 1281 1983 Gabriel
1304 1919 1527 1983 Alexandrinus
1550 1921 1721 1984 Patriareha
1743 1930 1774 1985 et
1796 1923 1856 1999 alii,
1878 1930 1911 1985 ut
1933 1943 1969 1987 eo

602 2024 669 2085 loco
690 2023 846 2083 Sacerdos
866 2022 990 2082 calicem
1012 2022 1117 2082 leniter
1138 2021 1272 2094 inclinet,
1303 2021 1346 2080 ad
1366 2017 1539 2099 effusimiem
1560 2023 1717 2099 emicantia
1739 2020 1852 2084 Christi
1872 2024 1970 2103 ugni-
2040 2062 2044 2066 -

602 2122 763 2200 dcundum.
807 2120 911 2201 ltaque
941 2139 980 2183 ex
1011 2119 1128 2181 illorum
1158 2120 1321 2196 sententia,
1351 2136 1462 2199 corpus
1486 2115 1597 2180 Christi
1620 2121 1700 2199 quod
1722 2121 1752 2181 in
1775 2119 1970 2184 Sacramenta

605 2219 770 2300 frangitur,
802 2226 849 2281 est
870 2219 972 2300 panis,
1003 2236 1074 2279 mox
1098 2218 1213 2280 iuturus
1237 2235 1349 2298 corpus
1372 2217 1497 2281 Christi:
1533 2216 1663 2300 Sanguis
1691 2221 1761 2281 novi
1790 2220 1972 2283 Testamenti

606 2320 656 2399 qui
670 2318 840 2393 effunditur,
852 2319 952 2379 vinum
966 2326 1013 2379 est
1027 2318 1114 2379 calici
1125 2317 1266 2395 inlusum,
1282 2335 1353 2378 mox
1363 2315 1599 2380 convertendum
1612 2318 1643 2377 in
1659 2320 1835 2401 sanguinem
1851 2319 1971 2382 Christi.

607 2418 663 2490 Qui
685 2417 778 2499 igitur
800 2417 894 2479 verba
916 2406 1033 2479 island
1057 2406 1140 2501 ὑπὲρ
1162 2406 1252 2500 ἡμῶν
1273 2402 1448 2494 κλώμενοι,
1482 2424 1532 2478 aut
1554 2423 1587 2478 ut
1609 2416 1675 2478 aliis
1697 2417 1726 2479 in
1750 2417 1892 2501 Liturgiis
1914 2420 1971 2483 ha-

604 2518 694 2580 betur
714 2505 960 2594 θουπτόμενον,
984 2515 1115 2579 tollenda
1139 2524 1209 2578 sunt
1238 2517 1390 2594 arbitrati,
1412 2533 1473 2577 non
1495 2517 1583 2578 modo
1607 2516 1768 2580 hodiernos
1785 2516 1971 2583 Christianos

606 2616 788 2693 orientales,
810 2616 865 2677 sed
885 2622 978 2678 totam
1000 2615 1168 2678 Ecclesiam
1181 2614 1364 2678 Orientalem
1379 2623 1410 2678 et
1422 2615 1644 2678 Occidentalem
1660 2616 1870 2696 condemnant,
1893 2636 1971 2698 qnae

605 2716 663 2779 illis
685 2733 741 2791 usa
763 2723 820 2792 est,
844 2723 950 2777 autore
973 2713 1064 2777 Paulo
1087 2714 1237 2795 Apostolo
1260 2716 1312 2796 qui
1334 2714 1440 2776 eadem
1462 2713 1573 2792 refert,
1595 2724 1627 2777 et
1650 2715 1810 2778 Corinthiis
1833 2718 1971 2781 inculcat.

605 2815 681 2878 Nam
692 2816 742 2895 qui
765 2833 802 2875 ea
824 2813 919 2876 torma
942 2813 1103 2876 verborum
1126 2833 1185 2876 non
1208 2813 1484 2891 utebanturLatini,
1507 2813 1633 2877 Graecis
1656 2816 1769 2877 crimen
1791 2833 1850 2878 non
1873 2817 1972 2897 impe-

607 2922 734 2998 gerunt,
756 2914 845 2976 etiam
867 2932 935 2975 cum
957 2912 1030 2974 nihil
1051 2931 1148 2994 prope
1171 2916 1200 2975 in
1224 2912 1380 2995 disciplina
1405 2929 1529 2994 eorum,
1552 2914 1642 2997 rigidi
1665 2932 1808 2977 censores
1830 2916 1973 2980 intactum

606 3014 816 3094 praeterirent.

693 3111 836 3190 Sequitur
857 3109 952 3173 torma
974 3110 1174 3174 benedicendi
1197 3112 1317 3185 calicis,
1341 3129 1427 3192 quam
1450 3110 1586 3172 similiter
1609 3112 1771 3174 immutavit
1794 3112 1884 3175 editio
1907 3110 1973 3174 uo·
2019 3110 2294 3165 Formabanedtcendt

607 3227 693 3272 mana
716 3209 846 3272 llissalis
869 3208 1030 3287 Chaldaici,
1053 3218 1086 3272 ut
1107 3211 1231 3272 Latinae
1253 3209 1401 3274 formulae
1423 3209 1590 3291 syllabatim
1613 3209 1823 3291 responderet,
1847 3212 1972 3293 adjectis
1985 3198 2080 3250 ⁰⁸¹¹⁰¹³·

606 3306 664 3369 illis
688 3308 801 3386 verbis,
825 3308 997 3391 aytanum
1017 3310 1098 3388 fidei,
1122 3327 1199 3388 quae
1222 3327 1282 3370 non
1304 3309 1394 3371 modo
1416 3310 1447 3370 in
1461 3308 1586 3370 Graecis
1609 3316 1658 3370 aut
1681 3308 1882 3373 Orientalibus
1904 3310 1973 3373 ullis

606 3406 750 3489 Liturgiis
771 3425 832 3470 non
853 3407 1011 3486 habentur,
1035 3408 1088 3470 sed
1113 3427 1211 3489 neque
1234 3410 1264 3469 in
1278 3409 1371 3470 Missa
1386 3408 1573 3470 llosarabica
1596 3407 1846 3472 etAmbrosiana.
1870 3408 1974 3470 Lectio

607 3524 696 3586 mam
719 3508 924 3587 expressimus
946 3508 1140 3569 confirmatur
1159 3509 1320 3570 autoritate
1333 3508 1406 3570 Mss.
1422 3506 1565 3570 Codicum
1588 3508 1640 3587 qui
1662 3507 1733 3570 illud
1755 3500 1877 3571 ἔδωκεν
1900 3498 1976 3591 ἡμῖν

607 3606 679 3678 τοῖς
700 3593 804 3669 amori
824 3606 1003 3690 μαθηταῖς.
1040 3606 1132 3668 Dedit
1152 3607 1240 3668 noba
1262 3608 1418 3686 discipulis
1439 3608 1518 3681 cuis,
1547 3606 1628 3687 quod
1658 3605 1769 3688 legitur
1797 3608 1828 3668 in
1857 3606 1975 3670 Graeco

609 3712 706 3782 textu,
727 3723 785 3767 non
810 3713 985 3786 agnoscunt.
1024 3705 1126 3768 Verba
1148 3703 1247 3768 autem
1269 3705 1331 3785 illa,
1355 3705 1393 3767 ad
1415 3708 1557 3786 majorem
1580 3706 1733 3787 Liturgiae
1756 3705 1976 3788 Hierosolymi-

608 3811 697 3865 tanae
720 3803 894 3888 dignitatem
917 3805 1156 3885 comparandam,
1180 3823 1219 3867 ex
1241 3805 1510 3869 constitutionibus
1524 3804 1717 3869 Clementinis
1741 3805 1883 3868 translata
1907 3825 1977 3869 esse

608 3904 771 3968 verisimile
794 3905 913 3967 videtur
920 3925 929 3980 ;
953 3904 1123 3986 tactumque
1146 3906 1175 3968 id
1198 3908 1296 3968 serius
1320 3904 1511 3987 intelligitur,
1539 3923 1606 3967 cum
1635 3905 1751 3987 Syriaci
1774 3904 1902 3969 Codices
1929 3908 1977 3967 si-

607 4004 678 4065 mile
701 4004 769 4067 nihil
793 4006 977 4068 contineant.

696 4101 825 4165 Codices
849 4103 1045 4187 Aegyptiaci,
1076 4102 1157 4184 quod
1186 4103 1256 4165 alibi
1285 4110 1417 4165 notatum
1441 4112 1504 4181 est,
1529 4110 1563 4165 ut
1592 4105 1682 4165 etiam
1704 4105 1876 4169 Nestoriani
1897 4106 1975 4188 adji-

609 4204 691 4266 ciunt
704 4202 861 4264 ductavit:
884 4211 916 4265 et
930 4203 1063 4284 quamvis
1079 4202 1147 4284 Syri
1159 4202 1316 4265 tacebitne
1339 4204 1370 4264 in
1392 4203 1465 4278 suis,
1488 4203 1581 4284 vulgo
1603 4202 1654 4265 illa
1677 4204 1771 4267 verba
1793 4223 1854 4268 non
1876 4223 1977 4287 agno-

610 4308 711 4377 scant,
739 4318 799 4362 nec
826 4302 904 4364 enim
933 4310 1035 4365 exterat
1064 4303 1120 4365 nisi
1155 4303 1186 4363 in
1214 4302 1349 4383 liturgia
1377 4300 1514 4365 Dioscuri
1551 4301 1783 4382 Gordiacensis,
1814 4312 1844 4367 et
1873 4307 1977 4385 paucis

610 4400 687 4479 aliis,
710 4408 809 4461 tamen
832 4398 981 4463 Christum
1004 4400 1105 4463 edisse
1128 4409 1158 4463 et
1180 4401 1293 4464 bibisse
1316 4420 1357 4463 ex
1380 4419 1510 4481 corpore
1533 4408 1564 4463 et
1585 4404 1733 4484 sanguine
1755 4422 1811 4467 suo
1834 4404 1977 4467 affirmant

610 4499 792 4562 Orientales.
836 4500 971 4563 Videnda
993 4518 1070 4581 quae
1092 4501 1247 4563 retulimus
1270 4520 1311 4563 ex
1332 4499 1496 4563 Barsalibio
1519 4509 1550 4563 et
1577 4501 1660 4580 aliis,
1691 4500 1909 4566 Commentario
1939 4506 1975 4567 ad

609 4596 712 4661 Basilii
733 4598 907 4679 Liturgiam.

698 4698 798 4760 Verba
821 4696 930 4759 Christi
953 4698 1188 4776 sacramentalia,
1212 4716 1272 4761 uno
1296 4708 1402 4761 tenore
1425 4699 1655 4778 pronuntiantur
1685 4717 1703 4759 a
1733 4699 1898 4763 Sacerdote
1920 4719 1977 4764 ce-

612 4797 766 4875 lebrante,
789 4814 846 4859 nec
868 4797 899 4859 in
922 4797 1050 4877 antiquis
1073 4795 1234 4860 Codicibus
1255 4806 1306 4860 aut
1328 4798 1547 4860 recentioribus
1569 4798 1668 4861 bonae
1689 4806 1795 4876 notae,
1818 4799 1977 4863 dilllnditur

611 4896 732 4960 illorum
746 4897 884 4959 recitatio
895 4896 1064 4976 pertinen,
1081 4905 1133 4958 aut
1145 4898 1438 4978 perContessionem
1450 4897 1530 4974 lidei,
1543 4897 1620 4958 sicut
1634 4898 1665 4959 in
1678 4897 1810 4977 Copticis
1822 4898 1976 4981 Liturgiis.

613 4995 740 5057 Tantum
762 5003 833 5076 post
854 4996 956 5057 ultima
978 5014 1056 5076 quae
1078 5014 1171 5078 super
1198 4996 1322 5059 calicem
1349 4995 1475 5058 dicenda
1503 5004 1587 5074 sunt,
1616 4996 1746 5077 populus
1775 4996 1847 5059 dicit
1871 4998 1975 5077 Amet,

611 5102 645 5156 ut
667 5095 698 5155 in
721 5096 837 5156 Graeca
859 5093 994 5177 Liturgia
1015 5094 1130 5172 Jacobi,
1155 5103 1184 5156 et
1207 5095 1272 5156 aliis
1294 5094 1429 5174 ejusdcm
1452 5095 1586 5178 linguae.

699 5194 885 5258 Elevationis
906 5192 1112 5257 Eucharistiae
1134 5193 1192 5256 lmc
1213 5194 1282 5257 loco
1306 5195 1416 5257 mentio
1442 5193 1523 5256 nulla
1552 5202 1616 5270 est,
1647 5213 1712 5257 cum
1740 5197 1801 5257 ritu
1832 5193 1977 5259 Orientali
2014 5208 2142 5263 ,elevatio
2167 5211 2217 5264 hoc
2240 5212 2294 5265 toea

612 5309 673 5354 non
696 5294 757 5370 liat,
770 5294 837 5356 'nisi
860 5300 927 5355 cum
949 5292 1068 5373 dicitur,
1092 5292 1206 5356 Sancto
1227 5295 1357 5372 sanctia,
1382 5293 1470 5374 paulo
1493 5300 1563 5357 ante
1586 5292 1840 5377 communionem,
1862 5304 1896 5359 ut
1918 5297 1977 5359 ob-
1989 5310 2041 5349 11011
2059 5297 2087 5349 fit
2102 5298 2130 5350 in
2148 5294 2261 5352 Oriente
