5150 6534
917 909 1521 1089 lironem
1834 1153 1839 1163 ι

685 1241 1132 1460 siclinis
1187 1239 1761 1360 CHRYSOSTOlll.

937 1528 1087 1599 Prinna
1114 1527 1236 1599 Oratio
1262 1533 1344 1598 onte
1368 1527 1506 1599 Pocnn.

601 1725 759 1830 Domum
780 1751 880 1824 *Deus
913 1753 1135 1846 omnipotens,
1162 1769 1286 1822 nomen
1312 1773 1468 1843 magnum
1495 1760 1530 1822 et
1555 1761 1723 1840 sanctum,
1750 1751 1902 1840 excelsa,

534 1869 697 1942 laudande
724 1866 937 1940 otmundum
964 1877 1130 1962 potestate
1157 1867 1396 1963 complectens,
1423 1868 1480 1963 qui
1505 1863 1547 1938 ab
1575 1864 1639 1938 illis
1666 1865 1819 1940 omuibus
1846 1870 1903 1963 qui

532 1983 754 2057 adversantur
779 1982 941 2055 voluntati
968 1983 1147 2055 divinitatis
1175 1993 1272 2070 tuae,
1308 1981 1421 2060 salvas
1456 1981 1532 2054 illos
1565 1985 1621 2077 qui
1646 1991 1740 2054 recto
1765 1981 1901 2075 glutib-

530 2113 609 2174 cant
634 2111 692 2189 te;
718 2098 815 2172 uobis
844 2122 977 2194 quoque
1003 2102 1114 2172 servis
1148 2110 1182 2170 et
1208 2098 1441 2171 adoratoribus
1475 2100 1539 2169 tuis
1565 2108 1717 2194 praesta,
1743 2097 1901 2189 Domino,

531 2226 567 2288 nt
593 2215 635 2289 ab
662 2219 752 2288 omui
776 2213 894 2287 fraude
921 2212 1056 2303 diaboli,
1084 2224 1118 2286 et
1145 2213 1186 2286 ab
1214 2213 1365 2287 omnibus
1393 2212 1651 2306 cogitationibus
1678 2213 1807 2288 dolosis
1832 2213 1901 2285 Ju-

532 2331 596 2404 dae
621 2329 741 2428 procul
766 2329 864 2418 iacti,
892 2333 1087 2424 caritatique
1119 2342 1196 2405 tuae
1223 2331 1358 2403 divinae
1393 2329 1631 2417 adhaerentes,
1664 2329 1903 2426 amplectamur

505 2450 676 2545 ‘invicem
707 2448 742 2518 in
777 2446 892 2520 osculo
925 2456 1061 2533 sancto,
1094 2446 1279 2537 dominico,
1320 2457 1454 2518 etcum
1489 2445 1698 2518 humanitate.
1749 2444 1903 2539 Dignaro

531 2566 631 2636 edam
656 2572 694 2634 ut
719 2561 871 2635 omuibus
899 2559 1016 2634 diebus
1042 2565 1134 2634 vitae
1159 2574 1298 2638 nostrae
1323 2585 1441 2658 pacem
1456 2561 1639 2657 loquamur,
1664 2583 1784 2657 pacem
1810 2583 1911 2658 ope-.

529 2703 658 2769 remur,
692 2688 727 2751 et
761 2679 851 2771 digni
887 2678 1067 2751 efficiamur
1099 2676 1196 2752 bonis
1223 2683 1287 2754 tuis
1320 2679 1541 2771 coelestibus,
1573 2689 1608 2772 et
1639 2682 1804 2751 aeternis:
1838 2700 1903 2775 poa·

420 2807 423 2812 ’
530 2799 682 2888 gratiam,
716 2794 977 2870 misericordiam
1012 2805 1046 2866 et
1079 2818 1226 2869 amorem
1263 2818 1347 2889 erga
1379 2795 1529 2870 homiues
1555 2798 1715 2888 rmigeuiti
1739 2793 1816 2866 Filii
1841 2795 1901 2883 tui,

530 2934 591 3006 per
618 2933 715 3006 quem
742 2920 876 2982 etcum
904 2932 970 3004 quo
997 2920 1031 2981 te
1058 2910 1155 2984 decet
1180 2912 1301 3004 gloria,
1327 2912 1434 2984 honor
1460 2923 1494 2984 et
1520 2913 1684 3009 potentia,
1711 2932 1785 2982 cum
1813 2910 1899 3008 Spi-

529 3032 594 3099 ritu
620 3037 676 3098 tuo
704 3028 912 3100 sanctissimo
940 3035 975 3096 et
1000 3023 1120 3098 bono(

634 3142 797 3236 Populus.
849 3143 969 3213 Amen.

635 3257 820 3329 Sacerdos.
872 3257 957 3328 Pax.

633 3373 821 3444 Diaconos.
872 3372 939 3444 Det
964 3377 1189 3468 uuusquisque
1214 3397 1343 3470 pacem.

634 3488 795 3582 Populus.
848 3489 979 3580 Dignos
1006 3489 1099 3562 effice
1124 3514 1198 3565 nos.

634 3604 821 3675 Diaconos.
875 3605 967 3678 Post

634 3720 796 3814 Populus.
850 3720 973 3794 Coram
1000 3731 1043 3793 te.

636 3836 818 3907 Sacerdos.
871 3837 924 3908 'l'n
949 3839 1035 3909 euim
1063 3860 1100 3910 es
1135 3860 1279 3909 summus
1306 3835 1462 3911 excelsus
1489 3847 1523 3908 et
1548 3835 1720 3927 mirabibs,
1754 3849 1900 3932 atquea

533 3954 655 4025 creatis
688 3951 840 4025 omnibus
876 3952 1100 4026 absconditus.
1154 3953 1206 4024 Tu
1245 3974 1284 4025 es
1316 3976 1401 4047 pax,
1428 3963 1462 4024 et
1500 3957 1658 4025 iratomm
1692 3955 1900 4044 conciliator,

532 4070 655 4140 veniae
680 4065 834 4159 largitor:
861 4070 1082 4163 insipientium
1117 4091 1256 4160 maguus
1290 4068 1501 4159 consolator,
1532 4068 1714 4143 laetificans
1749 4070 1900 4145 afflictos.

532 4184 650 4280 Aperi,
676 4184 831 4273 Domine,
859 4186 978 4255 ostium
1011 4183 1312 4256 misericordiarum
1345 4193 1472 4256 tuamm
1508 4185 1802 4281 supplicationibus
1828 4209 1900 4259 no-

535 4303 628 4386 stris,
671 4308 704 4369 et
736 4302 871 4393 suscipe
903 4299 1157 4395 deprecationes
1199 4311 1333 4372 nostras
1369 4305 1465 4394 Juxta
1498 4301 1733 4374 multitudinem
1768 4305 1900 4395 gratiae
1934 4352 1936 4358 -

533 4424 620 4487 tuae.
672 4413 744 4485 Fac
776 4436 839 4486 nos
871 4413 957 4487 lilios
991 4424 1065 4487 tuos
1099 4426 1133 4485 et
1158 4414 1322 4488 haeredes
1348 4419 1444 4509 regni
1477 4419 1521 4488 tui
1549 4423 1693 4505 aeterni,
1720 4441 1782 4515 per
1808 4440 1899 4511 gra-

533 4532 624 4620 tiam,
650 4529 928 4618 misericordiam,
949 4540 983 4601 et
1010 4552 1158 4602 amorem
1184 4553 1267 4625 erga
1293 4532 1443 4606 hominos
1469 4535 1625 4625 unigeniti
1650 4534 1724 4607 Filii
1752 4537 1808 4623 tui,
1835 4557 1899 4631 per

534 4665 631 4738 quom
659 4656 693 4717 et
718 4668 793 4717 cunr
820 4668 898 4740 quo,
925 4654 987 4718 etc.

637 4759 798 4854 Populos.
850 4761 970 4834 Amen.
