5150 6534
760 831 809 903 22
1133 830 1312 908 otuu
1365 830 1740 911 donnatis

862 1021 911 1092 ltu
938 1041 1022 1092 vere
1048 1041 1168 1114 passus
1196 1029 1249 1091 est
1273 1018 1367 1091 Deus
1393 1017 1543 1091 Verbum
1567 1022 1602 1091 in
1636 1042 1759 1110 carue,
1793 1030 1827 1093 et
1856 1018 2042 1095 immolatus
2078 1031 2132 1095 est

646 1224 648 1229 λ
758 1143 792 1203 ει
817 1132 942 1207 fractus
969 1140 1002 1207 in
1028 1137 1261 1223 crucifixione,
1289 1145 1511 1230 separatoque
1537 1147 1589 1208 est
1616 1141 1723 1209 anima
1751 1140 1824 1230 ejus
1843 1161 1863 1208 a
1884 1142 2130 1232 corporeejus,

759 1254 909 1343 ‹pramvis
937 1252 1089 1324 divinitas
1115 1254 1187 1342 ejus
1213 1250 1399 1322 nullatenus
1427 1261 1580 1345 separata
1607 1252 1704 1324 luerit
1738 1251 1781 1323 ab
1814 1255 1922 1324 anima
1954 1264 2011 1326 aut
2042 1277 2129 1327 cor-

757 1388 841 1461 pore
869 1371 951 1459 ejus,
1003 1368 1198 1440 Translixus
1226 1378 1278 1439 est
1310 1366 1429 1439 lancea
1462 1372 1495 1438 in
1527 1367 1633 1439 latere
1665 1391 1749 1458 suo,
1775 1352 1832 1440 'ex
1865 1391 1930 1463 quo
1964 1367 2131 1443 duxemnt

758 1488 894 1574 sanguis
921 1494 955 1556 et
980 1507 1084 1578 aqua,
1109 1486 1298 1581 propitiatio
1325 1487 1425 1554 totius
1451 1484 1579 1574 mundi,
1606 1483 1724 1578 quibus
1752 1505 1874 1577 corpus
1890 1486 1962 1575 ejus
1985 1507 2127 1582 resper-

757 1620 829 1669 sum
856 1610 926 1672 cst:
953 1604 1046 1672 venit
1071 1605 1177 1672 anima
1205 1610 1238 1671 et
1264 1603 1353 1671 uuita
1380 1611 1431 1672 est
1457 1602 1529 1691 ejus
1556 1603 1710 1695 corpori:
1745 1608 1779 1671 et
1804 1622 1866 1694 pro
1893 1612 2034 1695 peccato
2062 1624 2127 1673 or-

756 1713 808 1785 bis
834 1717 1001 1804 universi,
1028 1725 1176 1789 mortuus
1203 1726 1256 1789 est
1281 1715 1366 1787 filius
1394 1717 1426 1786 in
1459 1738 1578 1806 cruce,
1612 1727 1646 1787 et
1676 1719 1842 1788 convertit
1874 1737 1938 1787 nos
1974 1738 1994 1786 a
2031 1726 2128 1811 parte

757 1833 889 1902 sinistra
915 1831 957 1902 ad
984 1832 1155 1922 dextram,
1189 1842 1222 1903 et
1247 1831 1437 1928 pacificavit
1461 1853 1524 1927 per
1549 1837 1744 1923 sanguinem
1771 1834 1880 1904 crucis
1908 1854 2010 1920 suae,
2041 1835 2126 1904 uni·

756 1949 869 2040 vitque
896 1957 930 2019 et
956 1950 1128 2040 conjunxit
1154 1948 1314 2021 coelestia
1341 1970 1416 2019 cum
1442 1929 1602 2035 terrenis,
1627 1948 1784 2043 populum
1811 1972 1885 2020 erun
1912 1947 2065 2043 populis,
2091 1957 2128 2020 ει

757 2065 898 2135 animam
925 2088 999 2136 eum
1028 2086 1191 2160 corpore3
1223 2064 1277 2135 die
1311 2072 1420 2136 autem
1451 2067 1548 2135 tertia
1584 2066 1730 2136 surrexit
1761 2063 1803 2135 de
1836 2062 2011 2157 sepulcro:
2041 2083 2128 2135 unus

755 2182 828 2273 ipse
854 2177 1067 2271 Emmanuel,
1093 2190 1128 2252 et
1152 2203 1220 2252 non
1247 2180 1373 2253 divisus
1400 2190 1478 2278 post
1502 2183 1658 2252 unionem
1685 2178 1961 2274 inseparabilem,
1987 2177 2126 2250 induas

755 2304 901 2367 naturas.
928 2296 977 2367 lta
1005 2296 1190 2385 eredimus,
1218 2301 1263 2369 ita
1290 2298 1504 2386 confitemur,
1537 2305 1572 2368 et
1600 2300 1644 2368 ita
1671 2294 1919 2391 praedicamus,
1951 2293 2016 2366 hoc
2049 2315 2128 2365 esse

756 2433 881 2506 corpus
908 2414 1003 2485 istius
1030 2416 1223 2506 sanguinis,
1250 2423 1283 2485 et
1309 2413 1395 2486 hunc
1420 2435 1498 2486 esse
1525 2416 1722 2504 sauguinem
1747 2410 1842 2503 hujus
1869 2413 2033 2506 corporis.

862 2562 942 2632 Tum
967 2567 1205 2658 morparitom,
1232 2564 1307 2635 sive
1332 2560 1543 2657 particulam,
1579 2583 1677 2654 quom
1699 2564 1821 2653 [repit
1854 2563 1957 2629 millii
1987 2563 2024 2629 in
2056 2582 2125 2629 co-

754 2677 861 2749 licem.

1110 2962 1196 3035 ,atta
1223 2963 1343 3034 Oratio
1369 2962 1414 3033 D.
1441 2961 1568 3035 Joeodi
1593 2960 1767 3032 Decimio.

856 3202 957 3272 Pater
984 3202 1155 3288 veritatis,
1183 3221 1264 3271 ecce
1290 3198 1393 3270 Filius
1421 3207 1514 3285 tuuS,
1540 3193 1648 3266 hostia
1675 3193 1732 3266 tibi
1757 3193 1895 3289 placita:
1923 3194 2013 3267 illum
2040 3219 2124 3270 sus-

754 3319 828 3411 cipe
862 3321 916 3411 qui
949 3339 1010 3411 pro
1043 3339 1097 3388 me
1123 3325 1271 3387 moruus
1300 3322 1368 3400 est,
1396 3322 1429 3382 et
1454 3334 1516 3405 per
1543 3334 1618 3381 eum
1651 3318 1723 3380 esto
1755 3314 1926 3404 propitius.
1980 3310 2123 3408 Suscipe

753 3430 817 3502 huc
843 3430 1039 3504 sacrificium
1065 3454 1111 3519 ex
1138 3430 1288 3501 manibus
1315 3430 1417 3516 meis,
1443 3436 1478 3497 ut
1503 3426 1580 3497 mihi
1606 3426 1755 3520 placatus
1783 3428 1850 3516 sis,
1879 3449 1988 3522 neque
2014 3451 2122 3523 repu-

753 3557 805 3617 tes
832 3544 909 3616 mihi
935 3554 1095 3640 peccata,
1122 3567 1207 3640 quae
1234 3547 1383 3616 commisi
1412 3565 1525 3613 coram
1551 3545 1723 3633 majestate
1752 3551 1815 3612 tua.
1868 3542 1960 3614 Eece
1987 3547 2123 3636 sanguis

754 3660 876 3734 ellusus
904 3684 1005 3756 super
1033 3659 1233 3752 Golgotham
1259 3658 1301 3731 ah
1328 3662 1467 3753 iniquia,
1495 3660 1550 3753 qui
1579 3657 1764 3753 interpellat
1790 3681 1852 3752 pro
1885 3682 1955 3731 me:
1989 3663 2123 3755 suscipe

754 3776 1022 3872 deprecationem
1047 3799 1156 3847 meam
1181 3784 1317 3871 propter
1344 3798 1427 3846 eum.
1482 3776 1611 3861 Quanta
1638 3784 1713 3844 sunt
1739 3772 1858 3844 delicta
1885 3797 1978 3865 mea,
2011 3785 2122 3847 tantae

754 3902 829 3965 sunt
854 3897 1086 3965 miserationes
1114 3903 1208 3964 tuae:
1237 3895 1266 3965 si
1291 3890 1479 3987 perpendas
1507 3889 1715 3961 clementiam
1740 3898 1850 3978 tuam,
1876 3890 2122 3985 praeponderat

756 4013 856 4080 etiam
883 4007 1047 4081 montibus
1076 4031 1159 4105 quos
1187 4008 1365 4103 appendis,
1392 4010 1425 4077 in
1451 4015 1584 4077 statera.
1611 4007 1738 4099 Aspice
1764 4004 1902 4096 delicta,
1930 4006 1989 4079 sed
2008 4008 2123 4100 aspice

753 4125 849 4196 simul
876 4124 1072 4197 sacrificium
1101 4124 1187 4220 quod
1213 4146 1274 4218 pro
1302 4126 1383 4219 ipsis
1411 4123 1563 4210 edentur,
1590 4125 1666 4215 quia
1693 4119 1794 4191 mrdto
1810 4124 1916 4212 majus
1939 4125 2119 4195 estsacri-

753 4240 863 4311 ficium
890 4251 923 4311 et
948 4243 1094 4330 victima,
1122 4262 1220 4334 quam
1237 4250 1359 4310 reatus.
1395 4236 1536 4330 Propter
1556 4247 1692 4331 peccata
1710 4241 1972 4329 quaecommisi,
2000 4236 2119 4309 clavos

753 4366 786 4426 ει
811 4354 959 4426 lanceam
988 4360 1138 4429 sustinuit
1165 4355 1303 4426 dilectus
1331 4365 1418 4425 tuus:
1446 4354 1605 4424 sufficiunt
1632 4356 1808 4447 passiones
1835 4356 1907 4445 ejus
1929 4353 1971 4425 ad
1991 4365 2024 4425 ιε
2040 4351 2119 4447 pla·
2228 4427 2230 4431 ,

752 4470 908 4561 candum,
935 4484 969 4543 et
994 4483 1029 4543 ut
1054 4495 1115 4566 per
1143 4492 1201 4543 eas
1229 4473 1352 4542 vivam.
1407 4466 1520 4539 Gloria
1548 4467 1638 4539 Patri
1665 4473 1719 4562 qui
1745 4468 1864 4539 Filium
1890 4492 1984 4542 suum
2011 4467 2119 4541 tradi-

753 4585 798 4658 dit
824 4608 885 4680 pro
913 4588 1019 4659 salute
1045 4599 1174 4660 nostra:
1202 4597 1235 4657 ει
1260 4585 1346 4658 Filio
1379 4587 1432 4678 qui
1465 4594 1612 4655 mortuus
1648 4594 1700 4656 est
1734 4586 1767 4654 in
1793 4606 1915 4674 cruce,
1955 4596 1988 4657 et
2021 4582 2119 4656 nobis

754 4699 905 4773 ouantibus
940 4704 1043 4774 vitam
1077 4703 1254 4797 praestitit:
1297 4711 1330 4771 et
1363 4699 1499 4794 Spiritui
1533 4700 1587 4792 qui
1619 4701 1763 4794 incoepit
1807 4712 1840 4773 et
1879 4703 2120 4772 consummavit

752 4820 949 4912 mysterium
997 4816 1111 4890 salutis
1159 4827 1311 4888 nostrae:
1369 4816 1514 4886 Trinitas
1560 4814 1816 4909 superexcelsa,
1869 4838 1970 4911 parce
2021 4813 2118 4885 nohis

753 4932 914 5006 omnibus.

855 5081 1003 5175 Perfieit
1029 5086 1101 5152 tres
1127 5082 1303 5150 orationes
1329 5080 1497 5171 (Pesitas)
1532 5084 1737 5175 imponitque
1766 5104 1897 5151 monum
1922 5101 2024 5172 super
2050 5102 2118 5148 ca-

754 5196 869 5285 licem,
898 5201 1012 5290 sipuot
1036 5219 1074 5267 ac
1099 5199 1223 5289 ipsum,
1251 5201 1285 5266 et
1311 5202 1365 5266 ter
1390 5196 1470 5267 liae
1496 5202 1530 5268 et
1556 5198 1635 5267 inde
1659 5201 1787 5293 mquam
1813 5199 1926 5269 macie
1940 5198 2030 5289 socii
2053 5219 2118 5267 au-

748 5335 816 5406 per
838 5314 1013 5407 populum,
1040 5319 1075 5385 et
1100 5314 1194 5384 dicit.
