5150 6534
799 871 831 949 S.
883 864 1084 947 Jlllll
1134 868 1361 949 PAPAE
1400 865 1697 947 ‘tollit
1853 864 1928 944 ost

663 1056 848 1130 Sacerdos.
899 1057 985 1131 Parc

666 1171 827 1267 Populus.
878 1172 1034 1246 Etcum.

665 1286 851 1362 Sacerdos.
904 1287 1158 1362 Misericordiae
1182 1288 1248 1361 Dei
1274 1289 1357 1378 sint,
1384 1297 1448 1361 etc.

664 1403 827 1498 Populus.
879 1405 1032 1478 Etcum.

533 1565 534 1568 =
666 1518 853 1593 Diacoom.
904 1520 1028 1593 lterum
1055 1531 1154 1616 atque
1180 1522 1309 1593 iterum.

605 1859 781 1933 Sacerdos
802 1864 937 1955 sraapit
963 1805 1119 1933 Odlatoor
1145 1868 1180 1933 et
1203 1865 1327 1955 sprot
1381 1862 1502 1933 Oratio
1529 1868 1610 1935 arte
1636 1861 1737 1935 Pater
1761 1874 1888 1938 noster.

666 2098 893 2173 lndesiuenter
910 2103 1037 2193 gratias
1054 2103 1184 2194 agimus
1204 2100 1280 2189 tibi,
1306 2099 1399 2172 Deus
1411 2099 1514 2171 Pater
1530 2101 1751 2196 omnipotens,
1777 2102 1931 2176 abscon-

566 2215 634 2289 dite
669 2226 703 2288 et
733 2214 927 2304 invisibilis,
955 2226 1099 2312 ⁴propter·
1131 2218 1239 2288 omnia
1270 2213 1434 2287 beneficio
1467 2226 1522 2287 tua
1556 2236 1639 2307 erga
1670 2237 1753 2289 nos:
1786 2222 1842 2314 qui
1866 2240 1931 2292 nos

562 2329 710 2405 infirmos
737 2341 772 2403 et
796 2342 995 2428 peccatores
1021 2332 1142 2424 dignos
1168 2331 1290 2420 iecisti,
1317 2329 1507 2404 celebrandi
1532 2333 1747 2406 ministerium
1764 2333 1830 2408 hoc
1848 2357 1931 2431 my-

563 2449 680 2521 sticum
705 2451 830 2522 nomini
856 2458 912 2521 tuo
939 2457 1067 2520 sancto.
1122 2443 1344 2542 complaceas
1379 2445 1438 2518 tihi
1468 2449 1504 2517 in
1533 2444 1631 2520 nohis
1666 2470 1750 2540 ergo
1776 2448 1932 2539 Domine,

564 2572 599 2634 et
615 2573 780 2660 perpetuo
799 2584 968 2638 conserva
983 2567 1017 2635 in
1030 2564 1128 2639 nobis
1142 2567 1263 2660 pignus
1277 2561 1343 2636 hoc
1356 2584 1512 2654 magnum
1531 2572 1566 2635 et
1580 2562 1743 2655 mirabile,
1764 2562 1930 2660 repellens

564 2701 586 2762 a
617 2678 774 2752 cordibus
807 2682 931 2753 nostris
972 2701 1088 2753 omnes
1125 2681 1348 2772 cogitationes
1383 2677 1591 2767 materiales,
1634 2691 1669 2753 et
1699 2679 1931 2754 meditationes

565 2803 664 2889 amus
684 2796 938 2888 imaginationes
965 2794 1091 2869 saeculi
1116 2792 1223 2887 hujus,
1250 2804 1286 2866 ut
1311 2791 1504 2869 fiducialiter
1529 2796 1725 2869 invocemus
1747 2806 1781 2867 te
1797 2797 1931 2870 Patrem

565 2910 746 2984 coelestem
781 2913 1056 3007 omnipotentem,
1089 2932 1290 3005 oremusque
1321 2920 1355 2982 et
1386 2908 1542 2983 dicamus.
1595 2909 1695 2982 Pater
1726 2923 1843 2985 noster
1877 2914 1932 3006 qui

565 3046 603 3097 os
629 3028 663 3097 in
690 3026 804 3100 coelis.
1008 3078 1009 3082 η
1064 3119 1068 3124 .

552 3198 555 3202 .
668 3141 828 3237 Populus.
881 3141 1121 3215 Sanctificetur.

666 3258 850 3330 Sacerdos.
902 3257 1047 3329 Petimus
1082 3281 1103 3330 a
1135 3267 1170 3328 to
1201 3265 1298 3352 pater
1323 3254 1624 3329 misericordiamm
1641 3266 1686 3329 ,οι
1709 3255 1803 3330 Deus
1831 3259 1931 3330 totius

564 3373 822 3462 consolationis,
848 3397 892 3446 ne
917 3373 1054 3446 inducas
1081 3395 1204 3447 servos
1231 3384 1306 3446 tuos
1331 3374 1366 3443 in
1392 3373 1623 3461 tentationem,
1650 3371 1711 3444 sed
1737 3371 1841 3446 libera
1867 3395 1931 3445 nos

564 3513 585 3562 a
613 3489 713 3580 molo,
739 3501 773 3563 et
799 3488 957 3587 operibus
983 3492 1069 3582 ojus,
1097 3498 1130 3561 et
1160 3486 1313 3562 omnihus
1340 3509 1425 3583 quas
1452 3487 1616 3580 ejusmodi
1631 3469 1718 3575 sunt,
1745 3490 1822 3582 quia
1841 3498 1931 3560 tuom

564 3615 619 3678 est
642 3628 781 3699 regnum
809 3616 842 3679 et
867 3610 974 3680 virtus
1002 3616 1037 3678 et
1061 3605 1217 3692 laudatio,
1245 3614 1278 3678 et
1305 3606 1463 3698 unigeniti
1489 3603 1565 3678 Filii
1591 3606 1650 3694 tui,
1677 3612 1711 3675 et
1726 3602 1868 3702 Spiritus
1885 3609 1931 3676 tui

565 3724 681 3795 sancti.

566 3877 567 3880 π
668 3836 828 3931 Populus.
881 3840 999 3911 Amen.

669 3952 852 4026 Sacerdos.
906 3955 992 4028 Pax.

668 4066 828 4163 Papulas.
881 4068 1025 4141 Etcum
1054 4069 1169 4163 spiritu
1195 4076 1264 4138 tuo.

666 4184 854 4255 Diaconos.
907 4186 996 4258 Ante
1024 4185 1278 4279 susceptionem.

668 4299 830 4391 Populos.
883 4297 1007 4373 Coram
1034 4310 1076 4373 te.

560 4461 563 4467 κ
668 4412 852 4487 Sacerdos.
905 4415 1026 4490 Pastor
1052 4414 1142 4489 bono
1167 4416 1283 4505 gregis
1310 4410 1492 4499 rationalis,
1521 4414 1674 4488 visitator
1699 4414 1783 4487 Sion
1809 4414 1930 4489 coelo-

567 4532 628 4602 stis
655 4539 689 4601 et
713 4530 894 4604 illustrator
920 4531 1162 4626 perlectorum,
1197 4532 1298 4602 visita
1329 4528 1391 4600 hos
1426 4550 1547 4601 servos
1574 4541 1649 4602 tuos
1677 4532 1733 4624 qui
1759 4551 1873 4603 coram
1900 4542 1933 4601 te

564 4644 711 4716 inclinati
737 4656 824 4735 sunt,
852 4658 886 4720 et
911 4646 1031 4720 munda
1058 4645 1161 4719 corda
1184 4668 1299 4718 eorum
1320 4644 1362 4717 ad
1381 4647 1626 4739 susceptionem
1643 4643 1932 4718 sacramentorum

534 4859 536 4862 Ι
565 4767 697 4830 tuorum
724 4771 922 4849 sanctorum,
952 4771 986 4833 et
1012 4761 1055 4833 ad
1079 4759 1211 4833 laudem
1237 4762 1378 4833 nominis
1406 4762 1452 4830 tui
1478 4759 1720 4852 gloriosissimi,
1747 4771 1781 4833 ot
1806 4763 1930 4854 unige-

565 4875 626 4945 niti
650 4874 725 4947 Filii
752 4880 809 4965 tui,
836 4886 871 4949 et
895 4877 1036 4972 Spiritus
1064 4880 1109 4949 tui
1135 4879 1253 4967 sancti,
1278 4897 1376 4963 nunc,
1403 4886 1466 4948 etc.

669 4990 830 5085 Populos.
882 4992 1002 5064 Amen.

670 5105 853 5180 Sacerdos.
905 5108 989 5180 Pax.

669 5222 830 5317 Populos.
883 5223 1026 5297 Etcum
1053 5226 1170 5320 spiritu
1197 5233 1264 5300 tuo.

667 5338 851 5412 Sacerdos.
904 5339 1156 5414 Misericordiae
1180 5340 1247 5414 Dei
1272 5343 1346 5415 sint.
