5150 6534
830 844 885 919 lb’
921 843 1221 920 ttt'tttittns
1262 841 1544 922 Sl'lllrlOdS.
1828 845 1879 918 47

501 1027 673 1104 Barsusnn,
696 1025 826 1088 blatbaei
849 1029 998 1107 Pastoris,
1021 1029 1174 1108 Dionysii,
1199 1036 1229 1090 et
1252 1029 1395 1106 aliorum,
1424 1019 1501 1108 qnos
1523 1027 1676 1091 Jacobitas
1705 1028 1798 1090 luisse
1822 1028 1880 1091 nli-

501 1128 583 1190 undc
606 1126 715 1202 scitur,
746 1133 779 1186 ut
806 1127 865 1205 ipsi
886 1126 1053 1189 blnronitae
1084 1143 1145 1187 non
1167 1129 1234 1188 unis
1256 1127 1332 1188 locis
1356 1134 1544 1189 iiiorruernnt.
1590 1127 1674 1189 Unde
1704 1129 1735 1188 in
1765 1127 1880 1207 aliquot

501 1224 735 1308 exemplaribus,
759 1232 854 1285 atrum
877 1232 1052 1288 transverso
1076 1225 1189 1286 calamo
1212 1227 1342 1308 signum,
1365 1226 1491 1287 loannis
1506 1225 1657 1287 Barsusnn
1679 1227 1791 1288 nomini
1816 1226 1880 1289 illi-

501 1333 563 1386 tnm
586 1331 642 1386 est.
688 1324 799 1385 Verum
829 1325 1011 1404 ignoravere
1043 1325 1199 1401 Editores,
1235 1342 1301 1386 eam
1332 1343 1410 1403 quam
1439 1325 1511 1386 tutti
1541 1325 1639 1404 Papae
1662 1325 1787 1401 dicitur,
1817 1344 1879 1388 non

501 1425 558 1485 nisi
580 1425 660 1484 inter
682 1421 909 1503 blonopbpsitns
933 1431 1032 1484 notam
1061 1423 1173 1500 livisse,
1208 1425 1286 1502 quod
1320 1423 1394 1485 lalsa
1425 1426 1520 1486 sancti
1552 1424 1700 1485 Pontificis
1732 1424 1878 1504 Epistola,

500 1523 538 1584 nd
561 1523 675 1584 erroris
698 1523 745 1582 sui
768 1523 965 1602 patrocinium
989 1523 1100 1602 passim
1124 1523 1333 1584 abuterentur:
1359 1543 1424 1584 cam
1448 1542 1525 1604 qum
1539 1523 1686 1602 Dionysio
1703 1523 1879 1586 Atheniensi

499 1630 605 1684 contra
628 1620 772 1682 librorum
795 1628 931 1683 veterum
953 1621 1041 1682 fidem
1064 1620 1213 1698 tribuitur,
1238 1639 1307 1682 esse
1329 1622 1465 1703 Dionysii
1488 1620 1651 1682 Bnrsalibi:
1675 1622 1787 1684 nullam
1810 1643 1879 1686 esse

500 1721 645 1800 denique,
668 1737 757 1798 quam
778 1719 935 1781 lacebitac
957 1721 1013 1782 sibi
1036 1737 1096 1780 non
1120 1719 1316 1781 vindicarent.

585 1818 618 1879 ln
641 1819 747 1880 eadem
770 1817 920 1894 editione,
943 1837 1021 1898 qum
1051 1837 1164 1898 paucas
1187 1819 1339 1899 Litnrgias
1363 1819 1582 1899 complectitur,
1606 1818 1689 1880 Ordo
1713 1821 1877 1882 communis
1916 1819 1955 1874 De
1974 1821 2070 1875 ordine
2088 1825 2205 1892 generati

500 1917 665 2000 liturgiae,
690 1935 750 1997 quo
764 1905 806 1977 cd
818 1906 1175 2000 rrporrcpcoaaocoraad
1188 1919 1380 1980 scrutinentur
1391 1916 1575 1999 praernissus
1593 1927 1649 1995 est,
1667 1937 1734 1979 cum
1750 1918 1878 1980 rubricis
1892 1910 1936 2004 qut
1960 1910 1986 1959 in
2005 1909 2100 1960 l¹i⁸⁸³¹i
2123 1907 2203 1962 0¹¹⁸!-

499 2016 650 2091 Arabieis
674 2023 704 2077 et
727 2017 751 2076 is
775 2017 841 2095 ipse
864 2024 910 2078 est
933 2034 1023 2096 quem
1046 2025 1150 2077 nostra
1174 2015 1275 2076 versio
1300 2023 1520 2095 repraesentat,
1545 2018 1878 2097 quemquereperimus
1893 1993 1967 2047 ΜΟ
1994 1995 2076 2047 “¹¹⁰³
2094 2003 2142 2049 ⁰⁵¹·

500 2118 532 2178 in
555 2115 669 2177 Codice
691 2114 746 2177 tls.
764 2114 974 2194 Seguicrinno,
997 2121 1027 2176 ct
1050 2115 1126 2177 aliis.
1157 2114 1279 2176 Factum
1303 2114 1332 2175 id
1356 2135 1372 2176 a
1393 2114 1479 2176 nobis
1493 2123 1550 2192 est,
1574 2117 1642 2195 quia
1657 2116 1783 2176 ellioium
1806 2113 1879 2175 illud

502 2217 635 2278 eontinet
658 2213 732 2275 ritus
756 2231 879 2292 omnes,
912 2217 962 2294 qni
986 2213 1122 2276 osculnm
1144 2215 1243 2294 praeis,
1268 2213 1319 2274 ubi
1342 2213 1505 2293 Arrarpbora
1536 2215 1653 2293 incipit,
1685 2212 1879 2290 antecedunt,

503 2321 534 2376 et
556 2332 623 2374 cnm
651 2313 718 2374 aliis
742 2310 903 2374 Covlieibus
932 2315 1005 2374 satis
1030 2314 1180 2374 comenit.
1226 2312 1337 2374 Daunus
1362 2320 1460 2375 tanrcn
1486 2315 1613 2375 seorsim
1638 2313 1760 2376 alterius
1784 2312 1881 2374 Olbcii

502 2414 690 2486 versionem,
722 2409 802 2491 quod
833 2411 869 2472 ab
897 2409 993 2472 altero
1022 2413 1050 2472 in
1074 2411 1224 2473 nornmllis
1248 2411 1419 2490 discrepat,
1443 2419 1473 2472 et
1496 2411 1577 2491 quod
1601 2412 1815 2492 descripsimus
1839 2431 1880 2472 ex

503 2511 617 2574 Codice
640 2509 816 2572 Colbertino
839 2510 937 2570 bonae
959 2518 1064 2586 notae,
1095 2511 1124 2571 in
1153 2511 1252 2572 multis
1276 2511 1463 2572 conveniens
1487 2530 1553 2572 cum
1577 2511 1690 2573 Ordine
1713 2509 1765 2571 illo
1790 2528 1879 2590 quem

502 2611 608 2674 Severi
631 2610 751 2670 rtornine
774 2610 839 2689 ejus
862 2607 972 2669 Rituali
995 2609 1148 2689 Baptismi,
1173 2609 1298 2690 Syriaco
1322 2617 1351 2670 et
1374 2609 1479 2671 Latino
1502 2609 1631 2690 subjecit
1654 2608 1752 2670 Guido
1771 2608 1879 2669 Fabri-

502 2715 565 2770 cius
587 2707 785 2770 Boderianns.
807 2706 881 2768 lllud
906 2715 1004 2768 antem
1018 2707 1413 2786 ‹quirilllissaliblavonitico
1437 2708 1607 2790 adjunctum
1631 2717 1687 2783 est,
1711 2709 1879 2770 levissimas

502 2816 553 2870 arrt
578 2807 673 2870 lerrne
695 2805 792 2867 nullas
817 2806 1065 2886 interpolationes
1089 2809 1244 2885 sustinuit,
1269 2809 1397 2886 quasin
1422 2808 1498 2868 notis
1523 2808 1769 2870 observabimus:
1793 2827 1878 2869 eam-

502 2905 630 2984 demque
657 2905 765 2966 rituum
795 2907 1017 2968 cierationem
1041 2906 1164 2967 l'onnam
1188 2905 1323 2984 exbibet,
1346 2925 1425 2986 quac
1448 2906 1568 2968 aliunde
1590 2915 1661 2968 nata
1684 2927 1723 2967 ev
1747 2906 1877 2968 diversis

504 3004 676 3080 autoribus,
711 3011 855 3083 suspecta
884 3022 954 3066 esse
985 3023 1044 3066 nou
1076 3013 1185 3083 potest.
1232 3003 1306 3066 Cum
1339 3024 1413 3068 vero
1443 3024 1514 3086 pars
1544 3005 1593 3066 illa
1617 3007 1712 3084 prima
1735 3005 1878 3085 liturgiis

502 3103 627 3182 reliquis
650 3103 804 3178 inserviat,
829 3104 857 3164 in
880 3103 1031 3164 rriimmllis
1057 3104 1217 3164 Codicilms
1241 3106 1442 3182 praemittitur
1465 3103 1517 3181 illi,
1541 3122 1619 3183 qnae
1641 3103 1757 3165 Jacobo
1780 3103 1878 3164 Fratri

429 3243 434 3248 -
503 3199 622 3262 Domini
644 3201 801 3264 trilmitur:
831 3219 899 3262 nam
923 3210 953 3262 et
976 3204 1105 3262 orrnrium
1129 3203 1333 3264 vetustissima
1356 3209 1420 3279 est,
1450 3209 1481 3264 et
1504 3219 1569 3262 cum
1593 3201 1761 3263 schismatis
1784 3201 1879 3262 Jaco-

503 3299 584 3361 bitici
596 3300 767 3361 inemoriam
784 3317 900 3362 omnem
912 3300 1080 3378 arrteeerlat,
1096 3301 1260 3363 eonimunis
1274 3309 1321 3362 est
1336 3301 1519 3362 Ortlrodoxis
1539 3308 1569 3361 et
1583 3299 1740 3363 lacobitis.
1766 3301 1877 3362 Verum

505 3396 635 3460 Codices
658 3417 755 3478 prope
779 3417 883 3460 ararites
911 3401 961 3479 qm
985 3400 1127 3461 Ordinem
1150 3401 1326 3482 generalem
1349 3407 1578 3479 repraesentant
1603 3400 1684 3460 illum
1707 3400 1878 3479 conjunxe-

502 3503 572 3558 runt
594 3516 662 3558 cum
686 3515 823 3576 eaquae
846 3497 943 3577 Xysto
966 3498 1099 3560 llomano
1123 3499 1258 3560 l'ontilici
1282 3500 1430 3576 tribuitur,
1455 3500 1541 3579 eujus
1565 3507 1664 3560 tamen
1689 3517 1760 3560 ursus
1780 3497 1878 3558 inire-

503 3596 644 3674 quentior
667 3601 729 3656 est:
760 3604 793 3657 ut
821 3597 981 3675 antiquitas
1011 3598 1135 3658 alteram
1166 3616 1226 3658 non
1256 3599 1383 3678 attingit.
1429 3597 1499 3658 lllos
1524 3596 1654 3659 Codices
1678 3598 1773 3682 secuti
1796 3602 1877 3672 sunt,

504 3695 555 3774 qui
570 3693 701 3756 blissalis
718 3693 871 3756 Chaldaici
888 3695 1048 3757 editionem
1064 3696 1176 3758 Rornae
1200 3704 1414 3776 procurarunt,
1437 3697 1493 3756 rnti
1516 3696 1653 3758 fortassis
1670 3696 1878 3775 probationem

503 3793 573 3854 inde
586 3793 669 3855 nasci
685 3793 903 3872 conjunctionis
916 3795 1127 3857 Maronitarum
1150 3813 1272 3857 snorum
1297 3815 1363 3856 oum
1387 3795 1519 3856 Ronlana
1533 3796 1682 3872 Ecclesia,
1706 3797 1730 3854 si
1743 3795 1878 3877 Liturgia
1916 3871 1920 3880 .

503 3892 629 3954 llonrani
652 3891 802 3953 Pontificis
826 3893 946 3954 nomino
969 3895 1119 3974 appellata
1143 3897 1271 3974 primum
1294 3894 1390 3956 loemn
1420 3895 1579 3954 obtineret.
1624 3893 1682 3954 lsta
1712 3901 1810 3954 tamen
1838 3895 1878 3954 ita

504 3991 649 4053 lucebitis
672 3991 796 4070 propria
819 3999 884 4066 est,
909 3999 940 4053 ut
962 3993 1018 4054 alia
1041 3993 1122 4056 lulii.
1167 3993 1229 4054 Nos
1253 4012 1328 4054 vcro
1353 3994 1478 4072 primurn
1502 3991 1582 4053 illum
1606 3992 1747 4053 Ordinem
1770 3991 1878 4054 Jacobi

504 4087 669 4170 Liturgiac,
694 4096 725 4150 ut
748 4090 909 4152 celebriori
932 4093 1149 4170 praemisimus.

592 4188 625 4249 ln
647 4187 700 4248 illo
724 4188 837 4250 Ordine
860 4189 969 4251 rrrultae
995 4209 1113 4270 preces,
1138 4191 1315 4271 praesertim
1339 4207 1416 4268 (puae
1440 4209 1455 4250 a
1471 4190 1605 4251 Diacono
1630 4196 1659 4249 et
1682 4187 1794 4269 populo
1819 4186 1879 4247 dici
1944 4186 2037 4238 ttntme
2074 4185 2203 4236 orationes

507 4284 636 4362 debent,
658 4287 762 4365 primis
786 4295 898 4349 tantum
921 4290 1046 4350 voeilms
1070 4290 1253 4362 imlicnntur,
1284 4305 1382 4367 neque
1411 4289 1497 4349 aliter
1525 4287 1619 4368 vulgo
1649 4286 1780 4348 describi
1811 4285 1878 4348 libri
1891 4276 1978 4372 primis
1997 4270 2203 4372 ⁵⁰¹¹¹¹¹¹.‘'⁰fib¹.¹⁸

507 4383 680 4446 Orientales
709 4386 825 4464 solent,
861 4388 930 4465 qnia
958 4388 1179 4450 Ecclesiasticis
1215 4406 1323 4467 pirrices
1356 4387 1424 4447 illae
1448 4389 1621 4449 notissimae
1644 4394 1730 4463 saint,
1755 4393 1785 4446 et
1808 4357 2203 4494 quiadf³⁵¹3¹¹²qu¹fb¹¹¹2¹⁰¹¹¹³

504 4483 691 4562 prolixiores
713 4486 775 4564 peti
797 4486 909 4547 debent
931 4506 970 4546 ex
992 4487 1050 4549 alio
1074 4487 1195 4551 Codice.
1218 4488 1351 4548 Vocatur·
1374 4485 1410 4562 is,
1434 4486 1509 4546 liber
1531 4485 1707 4559 blinisterii,
1730 4485 1794 4544 sive
1817 4483 1879 4544 lili-
1892 4447 1964 4498 ΠΜ
1983 4452 2058 4496 “¹¹¹⁵
2078 4451 2103 4495 ει
2122 4483 2129 4493 ‘
2149 4459 2183 4494 ⁵⁵⁸

505 4582 611 4656 ruistri,
642 4582 728 4662 cujus
751 4591 856 4644 extant
877 4586 960 4645 varia
984 4585 1013 4644 in
1036 4584 1229 4647 Bibliotbeeis
1260 4585 1460 4664 eximiplnrin,
1486 4584 1623 4661 idemque
1646 4581 1758 4645 llomne
1781 4582 1878 4642 editus

507 4687 556 4740 est
577 4681 713 4760 Syriaco,
737 4701 806 4742 cum
819 4684 962 4744 versione
978 4683 1119 4761 Arabica,
1144 4684 1197 4745 sed
1222 4684 1317 4745 litoris
1332 4683 1465 4763 Syriacis
1490 4701 1567 4744 antro
1580 4681 1738 4742 llblltll'l.
1762 4680 1878 4758 absque

507 4778 568 4840 ulla
590 4779 839 4860 interpolatione,
871 4791 1081 4861 praeterquam
1110 4784 1139 4844 in
1164 4782 1306 4863 Syrnlvolo
1330 4783 1479 4854 Nicaeam,
1502 4783 1552 4842 nbi
1575 4779 1723 4859 particula
1745 4779 1879 4857 Filioque

507 4876 647 4956 adjuncta
663 4887 721 4955 ost,
745 4897 834 4958 quam
858 4879 1028 4942 Orientales
1053 4882 1120 4943 libri
1143 4900 1203 4942 non
1227 4889 1406 4962 agnoscunt.
1437 4880 1474 4940 Ut
1497 4882 1588 4959 igitur
1612 4879 1741 4939 lectores
1766 4877 1880 4938 decur-

507 4975 576 5036 tatis
599 4976 665 5038 istis
688 4979 872 5040 orationibus
895 4997 956 5062 non
980 4980 1152 5056 turbentur,
1184 4981 1249 5042 illas
1281 4999 1321 5041 ex
1345 4979 1410 5041 aliis
1435 4977 1594 5040 Codicibns
1619 4985 1649 5037 et
1671 4975 1778 5038 codem
1802 4975 1880 5037 libro

508 5071 666 5136 blinisterii
689 5077 718 5137 in
739 5078 914 5139 versionem
928 5086 1061 5140 nostram
1079 5080 1293 5141 transtulimus.
1317 5078 1390 5138 Nam
1405 5079 1433 5139 in
1448 5080 1551 5158 paucis
1565 5095 1642 5156 qnae
1655 5075 1758 5135 Latine
1771 5093 1881 5136 versae

508 5179 579 5233 sunt
590 5173 744 5256 liturgiis,
768 5175 927 5256 aliquando
952 5178 1131 5258 interpretes
1155 5180 1391 5258 cespitaverunt,
1416 5177 1593 5256 praesertim
1611 5172 1707 5244 Guido
1726 5173 1880 5235 Fabricius
