5150 6534
909 857 1086 937 mosomi
1112 858 1373 938 inmunditia
1399 860 1664 939 stammam.
1896 861 1973 937 293

609 1050 685 1115 esto
710 1040 808 1116 nobis
835 1043 1005 1118 omnibus:
1033 1049 1109 1141 quia
1135 1057 1170 1118 tu
1196 1046 1338 1118 Domino
1364 1050 1438 1143 ipse
1464 1071 1502 1121 cs
1530 1052 1585 1144 qui
1610 1050 1785 1145 unicuique
1794 1050 1884 1140 juste
1909 1071 1973 1120 re-

607 1158 745 1249 tribuis,
771 1162 860 1233 etsi
886 1164 988 1234 intres
1015 1160 1186 1234 nobiscum
1212 1165 1246 1233 in
1269 1161 1429 1255 judicium
1454 1164 1614 1251 Domine,
1648 1186 1716 1237 non
1743 1161 1972 1255 justificabitur

606 1276 642 1346 in
667 1286 850 1371 conspectu
876 1286 933 1349 tuo
959 1281 1066 1350 omnis
1091 1282 1222 1351 vivens.
1275 1278 1345 1350 Sed
1371 1279 1510 1352 ostendo
1536 1280 1634 1353 nobis
1655 1282 1796 1372 gratiam
1813 1288 1911 1366 tuam,
1939 1289 1973 1350 et
2107 1280 2109 1283 ⁴

607 1386 650 1461 ab
676 1393 755 1483 igno
782 1391 957 1485 gebennas
981 1415 1044 1488 per
1068 1396 1300 1466 miserationes
1325 1392 1519 1467 liberemur:
1546 1406 1582 1467 ut
1606 1406 1743 1491 proptor
1763 1394 1972 1467 haecomnia

605 1502 777 1580 hudcmus
804 1515 838 1578 ct
864 1507 1050 1582 exaltemus
1076 1531 1196 1582 nomen
1224 1518 1313 1581 tuum
1339 1508 1522 1602 gloriosum
1549 1514 1583 1582 in
1610 1509 1769 1583 omnbus
1793 1519 1828 1581 et
1860 1509 1973 1582 bono-

607 1619 750 1711 dicinm,
776 1622 909 1693 Domini
935 1627 1034 1696 etium
1061 1624 1141 1697 Jesu
1169 1623 1309 1720 Christi,
1336 1638 1371 1699 et
1396 1627 1539 1722 Spiritus
1566 1630 1611 1698 tui
1638 1628 1752 1700 sancti.

710 1736 872 1838 Populus.
922 1738 988 1829 Ut,
1014 1748 1078 1811 etc.

710 1852 894 1927 Sacerdos.
946 1854 1021 1927 Pax
1045 1853 1147 1928 vobis
1173 1856 1334 1929 omnibus.

710 1968 870 2063 Populos.
921 1967 967 2043 m
992 1993 1066 2043 cum
1094 1974 1210 2067 spiritu
1237 1961 1303 2044 tuo.

710 2086 893 2160 Sacerdos.
946 2087 1199 2160 Misericordiae
1224 2091 1290 2160 Dci
1317 2092 1381 2161 sint
1407 2111 1508 2185 super
1534 2109 1609 2163 vos.

711 2202 871 2296 Populus.
921 2203 965 2276 m
991 2226 1065 2274 cum
1091 2206 1208 2299 spiritu
1234 2198 1301 2275 tno.

710 2315 890 2390 Diaconos
915 2320 1001 2391 dicit
1027 2318 1248 2391 Catbob‘cam.

710 2432 884 2506 Sacerdos
906 2438 1040 2529 sranpit
1066 2442 1100 2506 ct
1126 2438 1238 2527 sipont
1265 2433 1429 2505 oblatam.

856 2801 1032 2873 Sacerdos
1058 2804 1142 2872 dicit
1170 2804 1367 2874 Orationem
1393 2803 1440 2872 ad
1464 2803 1567 2874 Pater
1592 2814 1717 2876 noster.

708 3008 808 3080 Pater
840 3018 967 3096 sancte,
994 3007 1132 3080 excelse
1158 3018 1192 3080 et
1218 3007 1381 3099 timendo,
1408 3012 1464 3103 qui
1498 3030 1573 3080 cum
1599 3010 1718 3081 timore
1751 3009 1897 3085 laudaris
1934 3024 1968 3085 et

603 3122 763 3196 exaltaris
797 3124 839 3197 ab
870 3124 1027 3197 omnibus
1060 3123 1247 3212 ordinibus,
1281 3124 1475 3197 chiliadibus
1510 3135 1545 3196 ot
1577 3124 1781 3222 myriadibus
1807 3130 1968 3221 Angelo-

601 3260 692 3312 rum:
718 3244 774 3335 qui
802 3263 822 3311 a
849 3237 1026 3314 Cherubim
1051 3240 1235 3331 inclinatis,
1261 3244 1295 3310 in
1322 3252 1412 3313 motu
1443 3252 1589 3312 rotarum
1621 3239 1847 3328 benediceriS,
1883 3252 1917 3313 et
1948 3267 1968 3315 a

600 3359 714 3428 tarmis
741 3360 920 3428 innumeris
947 3356 1120 3450 Seraphim
1148 3359 1338 3447 igneorum,
1374 3355 1686 3429 sanctificationibus
1722 3356 1897 3449 gloriosis,
1934 3370 1968 3431 ct

598 3475 737 3545 mulinis
762 3470 1045 3559 immaterialibus,
1072 3494 1146 3543 cum
1172 3482 1320 3544 tremore
1347 3473 1579 3545 sanctificaris:
1607 3475 1662 3567 qui
1689 3476 1788 3545 etiam
1815 3475 1967 3547 adoraris

598 3596 635 3657 et
660 3584 857 3679 glorificaris
885 3610 904 3659 a
931 3586 1028 3659 nobis
1054 3587 1209 3673 infirmis,
1236 3586 1396 3681 abjectis,
1423 3599 1458 3660 et
1484 3592 1641 3660 terrenis:
1667 3590 1821 3683 Aequum
1855 3601 1969 3665 estut

600 3704 795 3774 invocemus
821 3712 855 3773 te
879 3701 981 3775 Pater
1013 3713 1168 3791 aeterne,
1204 3726 1265 3797 per
1297 3704 1477 3776 doctrinam
1513 3704 1680 3778 vivificam
1716 3717 1750 3777 et
1784 3710 1967 3780 orationem

597 3816 815 3905 dominicam,
842 3840 941 3912 quam
966 3822 1152 3910 unigenitus
1178 3820 1281 3891 Filius
1308 3831 1383 3893 tuus
1409 3820 1595 3914 Apostolos
1622 3843 1702 3893 suos
1734 3833 1871 3896 sanctos
1899 3823 1967 3897 do-

601 3936 683 4020 cuit,
709 3944 744 4005 et
767 3919 886 4028 pignus
913 3934 1099 4028 adoptionis
1125 3934 1266 4006 liliorum
1291 3933 1389 4007 nobis
1415 3939 1604 4023 concessit,
1630 3942 1858 4033 mysteriaque
1883 3940 1967 4012 baec

600 4048 736 4121 vivifica
762 4048 860 4121 nobis
886 4048 1026 4137 tradidit,
1052 4059 1089 4121 ut
1115 4073 1187 4121 cum
1211 4050 1329 4122 fiducia
1355 4073 1442 4144 quae
1468 4050 1552 4123 lilios
1580 4051 1677 4124 decet
1702 4064 1737 4124 et
1758 4057 1867 4145 juvat,
1893 4080 1968 4129 cum

601 4166 710 4235 anima
736 4174 876 4259 purgata
903 4188 923 4237 a
949 4165 1087 4236 maculis
1112 4170 1259 4261 peccati,
1285 4176 1398 4238 mente
1425 4165 1467 4238 ab
1500 4168 1651 4241 omnibus
1684 4169 1855 4242 affectibus
1888 4195 1968 4244 ma-

601 4277 771 4350 torialibus
796 4278 922 4367 libera,
949 4280 1052 4352 corde
1078 4302 1161 4376 puro
1189 4304 1208 4352 a
1236 4286 1362 4353 cunctis
1390 4282 1647 4375 cogitationibus
1674 4287 1875 4379 carnalibus,
1902 4312 1966 4362 una

600 4416 689 4467 voce
715 4399 894 4487 gratiarum
922 4401 1061 4471 actionis
1088 4398 1205 4493 plena,
1233 4398 1414 4471 audeamus
1441 4409 1474 4471 te
1499 4403 1662 4472 iuvocare
1687 4402 1820 4475 Patrem
1853 4408 1966 4477 omui-

601 4519 792 4607 potentom,
820 4533 935 4600 orare,
963 4524 996 4585 ct
1024 4514 1145 4586 dicere.
1197 4517 1300 4587 Pater
1325 4527 1439 4589 noster
1466 4519 1521 4611 qui
1547 4539 1584 4589 os
1610 4520 1643 4587 in
1670 4517 1785 4591 coelis.

703 4627 865 4720 Populos.
918 4629 1149 4702 Sanctificetur
1174 4654 1296 4703 nomen
1323 4643 1423 4704 tuum.
1696 4700 1698 4703 .

704 4742 887 4815 Sacerdos.
939 4746 1082 4818 Domine
1108 4746 1203 4818 fortis
1231 4757 1264 4818 et
1290 4757 1430 4842 potens,
1458 4751 1512 4843 qui
1537 4752 1708 4838 virtutem,
1743 4762 1777 4823 et
1808 4763 1966 4847 potesta-

599 4848 667 4930 tem
693 4858 791 4931 nobis
818 4860 935 4933 dedisti
962 4861 1125 4934 adversus
1152 4865 1307 4934 virtutem
1332 4863 1438 4938 bostis
1464 4866 1655 4960 spiritualis,
1681 4866 1785 4939 libera
1812 4878 1846 4939 et
1871 4870 1967 4941 salva

598 4993 663 5046 nos
691 4974 733 5045 ab
760 4975 910 5047 omnibns
937 4976 1090 5050 sordibus
1116 4981 1314 5072 perniciosis
1341 4990 1376 5050 et
1392 5003 1412 5051 a
1431 4979 1666 5054 tentationibus
1692 4979 1966 5074 intolerabilibus,

598 5092 773 5184 virgisque
798 5090 938 5164 furoris:
965 5099 1041 5188 quia
1068 5104 1157 5165 tuum
1184 5103 1236 5165 ost
1261 5116 1412 5186 rognum,
1439 5107 1474 5169 et
1498 5105 1532 5167 tu
1559 5120 1608 5170 cs‘
1624 5118 1689 5168 rex
1714 5098 1856 5189 gloriae,
1883 5098 1967 5171 tibi-

601 5226 666 5300 qne
692 5205 831 5297 gloriam
858 5210 1051 5297 referimus,
1079 5218 1113 5281 et
1136 5214 1308 5303 unigenito
1335 5211 1421 5285 Filio
1447 5224 1523 5305 tuo,
1550 5223 1583 5284 et
1609 5213 1746 5309 Spiritui
1771 5225 1899 5289 sancto.

704 5322 866 5416 Popalas.
919 5326 1038 5397 Amen.

1685 5446 1765 5520 40*
