5150 6534
955 899 1374 978 strotella
1816 902 1840 976 9

574 1086 750 1161 Sacerdos
773 1089 888 1183 aquus
914 1109 1018 1158 cruce
1041 1087 1220 1182 populum,
1247 1086 1383 1160 dicens:

573 1203 724 1276 Dextera
750 1204 884 1277 Domini
910 1206 1017 1276 nostri
1043 1203 1124 1276 Jesu
1151 1201 1293 1290 Christi,
1320 1212 1354 1275 et
1378 1199 1548 1275 brachium
1565 1202 1841 1300 potestatisque,

470 1329 506 1392 et
531 1319 661 1392 occulta
686 1324 793 1393 virtus
814 1320 997 1411 majestatis
1024 1322 1115 1411 ejns,
1151 1340 1238 1415 quac
1264 1316 1396 1390 confert
1428 1340 1544 1392 omnes
1578 1316 1841 1408 benedictiones,

470 1446 506 1508 et
531 1438 643 1509 omnia
669 1436 756 1509 dona
781 1437 888 1509 vitae:
921 1437 995 1532 ipsa
1028 1456 1114 1530 quae
1146 1436 1314 1529 requievit
1346 1455 1447 1530 super
1476 1433 1663 1532 Apostolos
1695 1442 1843 1523 sanctos,

472 1554 507 1624 in
534 1552 717 1625 coenaculo
745 1561 862 1626 sancto
889 1551 1021 1640 Sionis,
1048 1572 1176 1645 eosque
1203 1549 1439 1640 sanctificavit,
1471 1560 1506 1622 et
1530 1553 1565 1622 in
1589 1560 1703 1623 monte
1728 1548 1845 1623 oliva-

414 1669 421 1676 ”
472 1692 545 1740 rum
571 1669 634 1741 illis
659 1668 848 1757 benedixit,
875 1670 949 1763 ipsa
975 1670 1110 1758 veniat,
1142 1665 1268 1739 habitet
1302 1674 1337 1737 et
1361 1669 1552 1761 requiescat
1584 1689 1687 1762 super
1719 1665 1842 1740 iratres

472 1799 568 1857 meos
594 1783 741 1858 lectores
767 1795 802 1857 at
826 1781 995 1885 auditores
1021 1780 1238 1875 (Evangelii)
1270 1780 1502 1877 custodiatque
1536 1786 1713 1877 regionem
1744 1780 1842 1872 hauc,

471 1909 505 1971 et
531 1921 648 1972 omnes
674 1898 790 1974 fideles
817 1902 851 1971 iu
878 1922 920 1971 ea
947 1907 1209 1985 commorantes,
1237 1899 1408 1969 civitatem
1432 1896 1540 1988 hauc,
1567 1908 1602 1970 et
1626 1896 1742 1971 fideles
1769 1900 1842 1991 ejus

470 2016 583 2104 cives3
609 2012 742 2088 beatam
769 2018 867 2087 etiam
893 1979 1042 2110 requiem
1068 2022 1217 2110 praestet
1242 2009 1395 2084 fidelihus
1428 2012 1593 2089 defunctis
1630 2016 1686 2108 qui
1720 2035 1766 2085 ex
1800 2035 1842 2085 ea

470 2131 614 2227 profecti
640 2140 732 2220 sunt,
758 2128 941 2224 fidelesque
968 2133 1124 2203 viventes
1151 2132 1207 2225 qui
1232 2126 1381 2199 habitam
1412 2133 1447 2201 in
1480 2151 1521 2201 ea
1554 2150 1688 2225 semper
1720 2139 1843 2202 custo-

471 2246 554 2337 diat,
580 2269 686 2343 usquc
712 2250 747 2319 iu
773 2245 918 2319 saecula.
1777 2282 1781 2294 ·

574 2363 735 2457 Populos.
786 2361 906 2436 Amen.
989 2352 990 2358 ’

573 2478 756 2551 Sacerdos.
810 2477 978 2573 Tempore
1004 2479 1106 2569 igitur
1138 2479 1408 2553 conversationis
1438 2480 1472 2550 in
1503 2487 1592 2550 terra
1617 2476 1753 2549 Domini
1777 2476 1843 2547 Dei
1886 2546 1889 2549 ⁴

467 2603 503 2667 et
529 2593 716 2667 Salvatoris
743 2595 848 2665 nostri
874 2592 957 2664 lesu
984 2591 1126 2687 Christi,
1153 2605 1216 2667 eto.

572 2708 732 2801 Populos.
786 2709 930 2782 Domine
956 2711 1119 2781 miserere
1144 2715 1260 2784 nostri.

572 2825 650 2897 Hoc
676 2824 752 2895 loco
780 2823 935 2917 teguntur
960 2825 1153 2921 Evangelia
1169 2831 1277 2918 justo
1303 2827 1391 2897 diem
1417 2822 1718 2897 alcolemoitotem.
1743 2822 1842 2894 Dio-

471 2962 576 3013 oooos
602 2944 696 3010 cooit
721 2962 853 3011 versum
878 2940 1061 3034 simplicem
1086 2942 1384 3036 Ephroemitioma.

575 3054 708 3128 Stemus
736 3077 853 3128 onmes
879 3059 913 3127 iu
939 3060 1092 3129 oratione
1119 3080 1234 3130 coram
1259 3058 1336 3129 Deo
1371 3055 1598 3146 misericordi,
1633 3067 1669 3129 ct
1701 3052 1843 3130 vocibus

471 3194 558 3267 quae
584 3174 648 3266 ipsi
673 3182 792 3265 gratae
820 3173 900 3262 siut,
926 3171 969 3244 ad
994 3173 1104 3246 Deum
1131 3173 1228 3245 simul
1254 3172 1444 3246 clamemus.
1504 3173 1677 3265 Rogemus
1708 3172 1845 3244 Patrem

472 3284 717 3376 absconditum,
749 3286 849 3359 lilium
876 3285 1076 3360 laudandum
1101 3297 1136 3360 et
1161 3298 1311 3362 sanctum
1338 3286 1562 3384 spirituumque
1592 3297 1743 3361 saucmm
1768 3283 1843 3359 Pa-

469 3403 637 3491 raclihum,
672 3411 708 3474 ut
741 3424 804 3499 per
835 3404 1097 3476 misericordiam
1131 3426 1225 3478 suam
1258 3405 1419 3501 suscipiat
1449 3401 1649 3476 oblationem
1683 3412 1842 3476 nostram.

471 3521 694 3596 Amunciatio
722 3528 779 3591 tua
805 3542 892 3615 quae
918 3520 1111 3616 praedicata
1138 3530 1190 3594 est
1215 3521 1376 3609 Domine,
1402 3523 1436 3591 in
1452 3519 1562 3593 medio
1574 3517 1750 3591 Ecclesiae
1765 3525 1844 3590 tuao

473 3635 516 3707 ad
542 3657 682 3728 gregem
709 3646 817 3724 tuum,
844 3634 1040 3707 renuentum
1067 3639 1109 3707 sit
1136 3636 1307 3708 animabus
1332 3639 1473 3710 nostris:
1501 3645 1535 3707 et
1558 3655 1621 3731 per
1647 3654 1721 3706 eam
1742 3654 1844 3704 com-

474 3774 630 3848 paremus
658 3750 768 3823 cibum
795 3773 944 3824 suavem.
971 3751 1176 3825 Sacerdotes
1204 3756 1258 3848 qui
1275 3750 1449 3845 legenmt,
1475 3753 1610 3824 veniam
1627 3769 1845 3846 consequan-

471 3878 541 3940 tur:
565 3869 708 3940 Diaconi
734 3870 808 3962 puri
834 3867 1030 3940 alliciantur:
1063 3865 1265 3939 Subdiaooui
1297 3877 1331 3939 et
1362 3867 1527 3941 Lectores
1553 3866 1783 3960 suscipiente
1809 3873 1844 3935 te

472 3985 713 4057 remissionem.
766 3981 897 4054 Revela
930 3986 1072 4075 gratiam
1107 3993 1195 4054 mam
1227 3980 1391 4055 mentibus
1425 3986 1548 4073 nostris
1579 3980 1845 4078 perlectionem

473 4101 733 4171 annunciationis
759 4107 855 4187 tuae,
882 4109 916 4169 et
942 4096 1106 4170 danobis
1134 4098 1375 4172 observatores
1402 4121 1480 4172 esse
1505 4096 1736 4171 mandatorum
1761 4104 1844 4168 tuo-
1924 4082 1930 4091 ⁸

472 4236 565 4303 rum,
591 4216 737 4310 quaein
763 4236 804 4285 ea
832 4223 908 4287 sunt
934 4217 1139 4307 consignata.
1166 4212 1368 4304 Matthaeus,
1393 4214 1528 4288 Marcus
1555 4237 1631 4286 cum
1648 4212 1754 4301 Luca,
1779 4234 1845 4286 neo

472 4351 541 4402 non
566 4352 641 4401 cum
666 4327 729 4401 illis
756 4328 883 4402 electus
909 4329 1078 4420 loannes,
1105 4330 1328 4427 deprecentur
1354 4342 1402 4404 te:
1430 4340 1465 4403 et
1489 4339 1625 4427 praesta
1645 4332 1844 4403 misericor-

473 4443 560 4516 diam
595 4454 685 4516 tuam
718 4436 801 4536 erga
836 4468 899 4521 nos
933 4468 1058 4520 omnes.
1115 4448 1228 4521 Aures
1262 4447 1446 4522 auditorum
1477 4447 1650 4521 doctrinae
1680 4455 1775 4535 tuae,
1811 4454 1846 4518 et

471 4560 625 4633 lectionis
650 4564 911 4636 annunciationis
938 4574 1030 4651 tuae,
1057 4585 1125 4635 non
1152 4562 1286 4636 audiant
1311 4565 1454 4636 Domine
1479 4586 1601 4638 vocem
1623 4560 1729 4650 illam,
1757 4580 1845 4656 quae

470 4677 576 4773 pellet
602 4686 636 4748 et
662 4678 773 4767 ejiciet
798 4680 924 4774 impios.
976 4679 1143 4775 Propitius
1171 4689 1244 4753 esto
1271 4681 1415 4753 Domine
1440 4679 1564 4777 populo
1591 4687 1648 4752 tuo
1675 4688 1710 4749 et
1733 4680 1842 4749 mise-

470 4815 552 4864 rere
577 4794 695 4886 gregis
722 4794 791 4880 tui,
819 4805 853 4865 et
879 4795 1025 4892 triplices
1052 4796 1159 4869 voces
1185 4797 1317 4889 gloriae
1344 4796 1521 4872 olleremus
1548 4796 1707 4869 Trinitati

577 4908 761 4980 Sacerdos.
820 4908 888 5004 lpsi
921 4910 1005 4985 lesu
1041 4909 1172 4985 Christo
1208 4912 1342 5001 laudes,
1383 4916 1566 5006 gratiarum
1601 4913 1767 4998 actiones,
1809 4917 1845 4986 ot

470 5022 723 5097 benedictiones
749 5035 886 5120 propter
911 5028 984 5119 ejus
1011 5031 1092 5102 viva
1120 5028 1162 5100 ad
1188 5050 1252 5102 nos
1278 5025 1404 5101 verba:
1430 5029 1522 5101 Patri
1547 5028 1640 5119 ejus,
1674 5027 1729 5122 qui
1754 5026 1844 5097 misit

470 5161 550 5213 etun
585 5140 627 5212 ad
661 5137 800 5213 salutem
833 5151 1004 5217 nostram:
1040 5154 1075 5217 et
1100 5144 1237 5241 Spiritui
1270 5148 1343 5239 ejus
1373 5147 1456 5220 vivo
1489 5154 1524 5218 et
1553 5153 1670 5218 sancto
1695 5164 1784 5215 nunc
1809 5149 1844 5214 et

469 5273 619 5353 semper.
