5150 6534
798 918 801 922 ·
868 871 988 951 nitet
1012 870 1309 952 PRAEDIGATORIS
1334 874 1382 951 ut
1408 875 1705 954 utnuumtsttu.
1896 863 1970 952 ttt

600 1067 691 1133 strae
717 1060 995 1152 constringamur,
1022 1068 1056 1133 et
1082 1059 1285 1133 delectemur
1310 1062 1344 1132 in
1370 1064 1510 1135 canuto
1536 1072 1592 1136 tna
1619 1062 1750 1137 divina:
1784 1072 1818 1137 et
1852 1063 1970 1139 dantes

600 1175 698 1248 nobis
724 1177 867 1246 invicem
899 1198 1019 1271 pacem
1044 1179 1084 1248 in·
1110 1176 1227 1250 osculo
1257 1187 1392 1267 sancto,
1427 1183 1530 1252 simus
1566 1177 1626 1251 tibi
1659 1201 1744 1252 oves
1777 1181 1972 1275 praeclarae

601 1290 728 1386 absque
754 1290 895 1381 macula,
923 1302 957 1363 et
983 1291 1025 1364 alr
1053 1294 1142 1364 omni
1168 1292 1364 1366 confusione
1390 1294 1527 1367 liberae.
1571 1296 1639 1368 Per
1664 1295 1781 1368 desum
1803 1296 1971 1371 Christum

600 1403 778 1479 Dominum
803 1417 952 1480 nostrum
979 1410 1183 1500 unigenitum
1209 1406 1328 1480 Filium
1355 1418 1462 1499 tuum,
1492 1432 1557 1506 per
1591 1433 1710 1506 quom,
1743 1423 1876 1485 etcum
1905 1436 1971 1511 quo

598 1531 633 1595 te
661 1522 758 1611 decet
784 1521 904 1614 gloria,
931 1522 1047 1613 honor,
1074 1533 1108 1595 et
1132 1526 1280 1619 potentia
1307 1547 1381 1596 cum
1407 1523 1533 1621 Spiritu
1558 1537 1625 1600 tuo.

704 1638 866 1731 Populos.
918 1640 1038 1712 Arnen.

704 1756 894 1827 Diaconos.
947 1757 1036 1828 Date
1061 1777 1190 1851 pacem.

704 1871 888 1943 Sacerdos.
942 1870 1088 1963 Caritas,
1115 1882 1178 1947 eto.

706 1988 868 2081 Populos.
920 1991 1040 2061 Amen.

706 2104 892 2179 Sacerdos.
944 2105 1082 2177 Sursum
1109 2103 1222 2177 corda.
1439 2180 1445 2186 ,

704 2220 866 2313 Populos.
906 2220 1076 2293 Habemus
1103 2219 1145 2291 ad
1163 2222 1351 2292 Dominum.

706 2335 890 2408 Sacerdos.
944 2335 1076 2409 Gratias
1104 2357 1243 2429 agamus
1269 2337 1425 2408 Domino.

705 2452 866 2544 Populos.
913 2454 1059 2545 Dignum
1087 2463 1120 2525 et
1142 2455 1265 2545 justum
1294 2463 1354 2524 cst.

707 2566 883 2640 Sacerdos
908 2570 1098 2640 inclinatos.
1150 2567 1242 2639 Vero
1269 2578 1303 2640 te
1318 2568 1461 2640 Domine
1481 2566 1578 2639 decet
1593 2570 1699 2640 omnis
1715 2566 1834 2659 gloria,
1864 2570 1971 2641 omnis

601 2687 783 2776 gratiarum
810 2687 911 2773 actio,
937 2688 1044 2757 omnis
1070 2683 1154 2772 laus,
1181 2686 1288 2757 omnis
1313 2682 1440 2775 honor,
1480 2686 1587 2756 omnis
1619 2682 1795 2755 exaltatio:
1826 2690 1861 2752 te
1891 2683 1971 2776 opi-

601 2799 700 2872 licem
727 2802 880 2889 omnium,
907 2799 1016 2872 Deum
1043 2809 1076 2872 et
1101 2801 1248 2889 Patrem,
1274 2822 1349 2872 oum
1374 2800 1545 2891 unigenito
1572 2797 1657 2870 Filio
1685 2807 1759 2890 tuo,
1787 2806 1821 2869 et
1846 2795 1972 2892 Spiritu

559 2959 562 2972 ‚
603 2926 663 2989 tuo
690 2920 784 3004 vivo,
813 2926 846 2988 et
873 2926 988 2989 sancto
1015 2939 1112 3004 nunc,
1140 2926 1203 2988 eto.

706 3033 857 3105 Elecooo
882 3056 1008 3106 nocem.
1061 3032 1112 3103 Te
1139 3036 1225 3103 enim
1241 3052 1326 3102 vere
1354 3030 1507 3118 Domine,
1533 3027 1747 3118 benedicunt,
1773 3027 1972 3120 glorificant,

600 3148 748 3239 laudant,
775 3159 809 3220 et
834 3148 999 3221 honorant
1022 3147 1147 3240 Angeli
1175 3157 1210 3220 et
1223 3145 1444 3237 Archangeli:
1470 3146 1691 3240 Principatus,
1717 3155 1752 3216 et
1767 3145 1971 3217 Potestates:

602 3264 738 3353 Throni,
767 3273 800 3335 et
825 3263 1093 3337 Dominationes:
1119 3264 1267 3336 Virtutes
1294 3266 1531 3357 incorporeae:
1562 3260 1760 3348 Cherubim,
1793 3271 1827 3332 et
1859 3258 1971 3332 Sera-

603 3380 701 3476 phim,
729 3403 804 3451 oum
832 3380 984 3454 omnibus
1018 3379 1242 3474 coelestibus,
1262 3399 1342 3450 wutro
1370 3377 1501 3473 aequali
1534 3385 1633 3449 canto
1664 3375 1815 3470 gloriae,
1848 3380 1971 3449 conci-

601 3507 732 3582 nentes,
760 3495 953 3584 olamantes,
979 3496 1206 3569 vociferantes
1235 3504 1269 3566 et
1295 3493 1453 3566 dicentes.

579 3674 584 3680 .
706 3611 868 3704 Populos.
914 3611 1066 3684 Sanctus.

708 3727 883 3798 Sacerdos
908 3728 1098 3798 inclinatus.
1151 3726 1306 3814 Sanetus,
1333 3724 1494 3813 Sanctus,
1529 3725 1671 3798 Sanctus
1708 3746 1746 3798 es
1778 3723 1872 3797 Deus
1898 3725 1971 3796 Pa-

602 3854 655 3917 ter
682 3846 904 3937 omnipotens,
932 3866 1007 3916 oum
1032 3841 1119 3914 Filio
1147 3846 1275 3937 quiex
1302 3852 1336 3913 te
1363 3852 1433 3930 est,
1460 3852 1495 3914 et
1519 3842 1646 3939 Spiritu
1671 3853 1727 3914 tuo
1755 3852 1888 3914 sancto:
1916 3844 1972 3934 qui

603 3981 678 4030 curn
706 3982 726 4029 a
761 3969 794 4030 te
818 3962 1032 4054 periissemus
1062 3982 1126 4054 per
1156 3944 1330 4053 praecepti
1362 3962 1684 4049 transgressionem,
1719 3960 1839 4030 misisti
1863 3960 1971 4052 ipsum

602 4077 807 4166 unigenitum
839 4075 957 4146 Filium
992 4086 1099 4178 tuum,
1133 4075 1176 4147 ad
1211 4073 1368 4145 auxilium
1398 4084 1566 4148 nostrum:
1606 4078 1661 4169 qui
1694 4095 1757 4169 per
1794 4068 1971 4169 passiones

577 4210 684 4262 suas
711 4189 873 4262 salutares
901 4190 1035 4262 reduxit
1055 4212 1122 4282 ,nos
1150 4189 1192 4262 ad
1219 4189 1455 4262 haereditatem
1482 4198 1629 4261 nostram
1649 4192 1831 4285 pristinam,
1859 4191 1967 4260 etvi-

602 4304 752 4376 villcavit
776 4327 838 4377 nos
865 4309 1027 4397 sanguine
1054 4328 1115 4378 suo
1144 4305 1266 4378 divino.

662 4441 663 4450 ¹
706 4423 857 4493 Eteonos
881 4443 1006 4491 vocem.
1061 4422 1145 4494 Cum
1171 4443 1256 4514 ergo
1284 4420 1326 4494 ad
1352 4423 1542 4516 passionem
1566 4424 1671 4495 nostri
1691 4442 1794 4494 causa
1819 4423 1972 4494 venisset

602 4541 638 4609 in
663 4560 783 4627 carne,
815 4559 876 4632 per
903 4539 1042 4628 gratiam
1069 4560 1181 4611 suam:
1213 4519 1290 4634 ips¹e
1322 4540 1356 4609 in
1388 4560 1454 4632 quo
1487 4546 1662 4632 peccatum
1694 4561 1762 4611 non
1801 4539 1970 4609 inventum

603 4663 668 4739 est,
695 4655 824 4747 accepit
849 4675 970 4747 panem
998 4657 1033 4724 in
1057 4675 1173 4726 manus
1200 4675 1279 4727 suas
1306 4664 1454 4741 sanctas,
1481 4661 1514 4725 et
1540 4657 1674 4750 aspexit
1698 4657 1734 4725 in
1759 4653 1909 4742 coelum,
1937 4665 1971 4724 et

602 4772 729 4862 gratiam
756 4773 842 4861 egit,
869 4775 889 4850 †
924 4779 957 4840 et
990 4769 1183 4861 benedixit,
1210 4778 1230 4853 †
1258 4782 1291 4842 et
1317 4769 1549 4857 sanctificavit,
1577 4778 1598 4853 †
1624 4770 1799 4862 etfregit,
1827 4780 1862 4842 et
1887 4768 1970 4840 dixit

604 4883 772 4980 discipulis
800 4886 879 4956 suis.
932 4884 1006 4957 Hoc
1033 4895 1086 4959 est
1111 4907 1232 4981 corpus
1258 4907 1386 4974 meum,
1422 4889 1583 4983 accipite,
1613 4886 1810 4959 manducate
1837 4886 1879 4958 ad
1904 4908 1968 4957 re-

604 5002 796 5073 missionem
822 5010 1038 5094 peccatorum
1064 5012 1251 5075 vestrorum
1278 5012 1313 5073 ct
1339 5005 1482 5076 omnium
1508 5002 1652 5076 fidelium
1668 5024 1839 5093 verorum,
1866 5011 1899 5074 et
1926 5000 1968 5073 ad

601 5115 706 5186 vitam
733 5125 912 5189 aeternam.

707 5231 868 5325 Populos.
921 5233 1040 5308 Amen.
