5150 6534
602 784 653 859 82
977 785 1596 864 osssutvlttorttts

296 988 357 1042 lter.
375 988 421 1041 ω,
440 988 456 1042 ι,
470 992 496 1044 2.
509 1008 532 1044 ο,
545 990 587 1042 13,
601 978 753 1032 servatum
775 977 861 1034 recte
888 989 906 1031 a
935 968 1107 1035 doctissimo
1138 969 1298 1034 Cardinale
1328 970 1428 1033 Bona:
1457 988 1558 1050 aeque
1586 968 1747 1052 quidquam
1776 971 1857 1036 circa
1889 972 1971 1038 hauc

600 1070 785 1152 disciplinam
806 1077 948 1132 mutatum
970 1078 1016 1132 est
1038 1072 1070 1151 in
1091 1070 1224 1133 Romana
1247 1070 1388 1133 editione.
1411 1069 1443 1133 Si
1466 1070 1532 1149 quis
1553 1069 1668 1132 incidat
1681 1071 1712 1132 in
1727 1070 1842 1152 aliquot
1854 1089 1970 1134 recen-
2067 1107 2073 1114 -

598 1170 729 1232 tissimus
760 1168 906 1248 Codices,
939 1169 1045 1249 quales
1075 1169 1234 1232 nonnullos
1263 1169 1389 1232 vidimus
1418 1169 1448 1229 in
1480 1169 1587 1248 quihus
1609 1169 1739 1233 elevatio
1761 1169 1969 1234 Eucharistiae

597 1269 701 1331 verbis
725 1267 836 1331 Christi
857 1269 1042 1351 subjiciatur,
1065 1270 1141 1331 sciat
1162 1268 1359 1348 interpolatos
1380 1267 1448 1329 illos
1471 1266 1567 1329 fuisse
1588 1267 1850 1349 ah0rientalihos,
1872 1288 1971 1353 prae-

598 1369 701 1429 sertim
724 1367 859 1447 advenis,
883 1369 952 1430 dmn
966 1367 1135 1430 Orthodoxi
1157 1369 1262 1430 haberi
1275 1366 1389 1446 volunt,
1412 1366 1547 1446 quamvis
1562 1385 1685 1430 errores
1701 1386 1774 1431 suos
1789 1370 1970 1452 plerumque

597 1467 763 1529 retineant:
787 1474 837 1528 aut
859 1467 885 1528 si
907 1485 947 1528 ex
970 1468 1067 1529 animo
1090 1466 1159 1529 illos
1175 1466 1382 1546 deposuerint,
1406 1484 1473 1527 cum
1489 1467 1701 1546 imperitissimi
1722 1468 1792 1547 sint,
1815 1468 1971 1549 exaliqua

598 1566 732 1647 vulgaris
744 1565 929 1648 Theologiae
943 1565 1083 1643 scintilla,
1095 1565 1189 1628 libros
1202 1584 1275 1628 suos
1288 1565 1455 1628 reformare
1466 1564 1696 1648 aggrediuntur,
1709 1573 1823 1629 temere
1838 1584 1971 1650 prorsus

599 1675 629 1728 ct
652 1666 799 1746 imperite.
844 1664 886 1726 lta
908 1683 998 1727 unum
1022 1664 1149 1726 vidimus
1172 1683 1260 1745 quem
1283 1665 1434 1729 Sacerdos
1458 1664 1576 1744 quidam
1603 1664 1886 1746 Mesopotamenos,
1916 1666 1972 1747 qui

599 1773 668 1827 ante
691 1766 840 1827 biennium
862 1763 998 1826 Lutetiae
1021 1763 1099 1825 diem
1122 1782 1206 1825 suum
1230 1765 1319 1841 obiit,
1342 1764 1554 1844 descripserat,
1578 1763 1664 1844 quasi
1686 1764 1809 1827 formam
1821 1764 1971 1846 Syrorum

598 1863 751 1945 Liturgiae
776 1864 959 1925 contineret:
983 1863 1031 1924 cui
1054 1862 1208 1925 addiderat
1231 1883 1271 1925 ex
1285 1862 1546 1925 Missalillomano
1562 1862 1663 1941 multa,
1686 1870 1777 1944 atque
1798 1864 1877 1930 inter
1898 1864 1971 1940 alia,

598 1962 796 2025 elevationem
818 1961 1023 2024 Eucharistiae
1050 1970 1119 2042 post
1147 1962 1345 2043 pronunciata
1374 1961 1485 2024 Christi
1514 1962 1624 2040 verba,
1655 1980 1733 2042 quae
1762 1963 1794 2024 in
1821 1964 1909 2046 Syria
1937 1972 1972 2028 et

597 2069 662 2124 toto
685 2061 808 2123 Oriente
838 2060 937 2124 locum
964 2061 1053 2123 aliurn
1081 2061 1179 2123 habet.
1223 2061 1327 2141 ltaque
1354 2061 1436 2123 nulla
1464 2060 1539 2123 fides
1561 2059 1729 2124 adhihenda
1751 2070 1798 2125 est
1819 2060 1972 2142 ejusmodi

596 2161 693 2238 libris,
716 2161 773 2221 nisi
797 2159 916 2223 aliunde
938 2167 1058 2222 constet
1080 2160 1199 2223 illorum
1223 2162 1384 2224 autoritas:
1408 2168 1439 2223 et
1461 2159 1550 2223 facile
1572 2158 1799 2243 dignoscuntur.

311 2263 349 2317 tta
372 2265 521 2334 quibusdan
538 2266 584 2319 Li·
681 2261 795 2322 Verum
816 2260 938 2340 majoris
962 2260 1082 2322 omnino
1105 2261 1245 2322 momenti
1268 2261 1405 2340 quaestio
1428 2278 1463 2323 se
1486 2259 1593 2337 ollert,
1620 2278 1658 2322 co
1681 2260 1778 2341 magis
1792 2258 1969 2345 tractanda,

284 2355 365 2421 008ῑο
383 2368 450 2421 quaa
467 2352 586 2406 ¹¹⁰⁰¹⁰⁰0
599 2361 679 2442 quod
702 2358 740 2421 ad
763 2359 856 2441 Syros
878 2360 1020 2441 proprie,
1044 2376 1159 2439 eosque
1180 2357 1345 2435 Jacohitas,
1367 2377 1426 2421 non
1449 2358 1487 2421 ad
1510 2358 1585 2422 alios
1607 2359 1745 2441 pertinet.
1787 2358 1899 2423 Omnes
1920 2359 1969 2422 si-

283 2436 432 2506 tepraeesse
451 2446 516 2491 Μ’·
599 2459 717 2539 quidem
739 2458 892 2540 liturgiae
914 2458 1054 2536 Latinae,
1080 2459 1229 2535 Graecae,
1251 2466 1312 2520 tam
1336 2457 1658 2538 Constantinopolitani
1680 2459 1754 2520 ritus
1777 2477 1865 2540 quarn
1887 2457 1969 2521 Ale-

596 2558 753 2631 xandrini3
776 2558 918 2638 Syriacae
931 2556 1185 2636 Orthodoxorum,
1200 2558 1458 2634 Nestorianorum,
1471 2564 1503 2620 et
1519 2556 1732 2636 Jacohitarum,
1754 2556 1968 2640 Aethiopicae,

596 2656 794 2732 Anneniaae,
823 2656 916 2719 verba
939 2656 1066 2735 Christi,
1096 2657 1162 2719 lioc
1183 2665 1230 2719 est
1250 2676 1361 2737 corpas
1382 2677 1497 2719 naam.-
1540 2655 1599 2718 llic
1624 2663 1672 2717 est
1695 2657 1792 2719 colia¹
1808 2657 1968 2737 maelmin

594 2759 656 2819 mei
676 2763 922 2837 repraesentant,
944 2757 1014 2837 quia
1035 2756 1168 2832 scilicet,
1190 2764 1223 2818 ut
1244 2755 1424 2837 loquuntur,
1452 2756 1571 2818 illorum
1594 2754 1759 2836 'lheologi,
1783 2754 1966 2819 Sacerdotes

596 2856 797 2934 pronunciare
820 2854 931 2917 dehent
953 2872 989 2918 ea
1012 2856 1106 2918 verba
1128 2874 1206 2936 quae
1230 2854 1366 2919 Christus
1389 2854 1612 2936 pronunciavit,
1638 2861 1670 2915 et
1691 2855 1749 2918 illis
1772 2855 1896 2919 lundata
1918 2862 1968 2918 est

595 2952 802 3017 Eucharistiae
825 2963 909 3016 certa
931 2955 1017 3020 lides.
1053 2954 1187 3018 Laudant
1209 2973 1329 3036 quoque
1353 2956 1475 3018 celebre
1497 2956 1622 3018 loannis
1644 2953 1853 3037 chrysostomi
1876 2956 1968 3018 testi-
2054 3029 2057 3037 Ι

596 3054 725 3115 monium
747 3055 784 3116 de
807 3054 967 3116 verborum
990 3053 1108 3116 illorum
1130 3054 1291 3133 ellicaoia,¹
1311 3062 1342 3117 et
1370 3063 1401 3116 ut
1423 3054 1493 3116 alibi
1515 3054 1611 3118 fusius
1634 3054 1842 3135 probavimus,
1870 3069 1967 3132 prae-

596 3153 712 3233 cipuam
735 3152 934 3216 consecrandi
956 3154 1015 3216 vim
1038 3155 1068 3215 in
1091 3153 1149 3216 illis
1173 3163 1350 3235 agnoscunt.
1396 3153 1566 3215 Occurrunt
1587 3163 1685 3217 tamen
1713 3155 1744 3214 in
1770 3151 1844 3215 diss.
1868 3149 1968 3213 Codi-

595 3252 679 3314 cibus
701 3252 854 3335 Liturgiae
877 3253 1006 3334 aliquot,
1030 3253 1190 3333 inquibus
1215 3252 1434 3316 desiderantur.
1464 3253 1560 3314 Prima
1575 3262 1712 3335 estquae
1725 3249 1966 3330 PetriPrincipis

595 3350 811 3431 Apostolorum
834 3351 957 3431 dicitur,
981 3370 1040 3431 qno
1062 3352 1147 3412 titulo
1170 3358 1252 3414 extat
1273 3369 1335 3414 una
1356 3354 1387 3415 in
1407 3352 1521 3415 llissali
1544 3351 1723 3429 Chaldaico,
1746 3349 1801 3414 sed
1824 3367 1893 3411 eum
1914 3348 1967 3410 in·

596 3451 675 3533 signi
685 3452 872 3515 diversitate.
907 3452 951 3512 Eo
974 3458 1072 3512 autem
1094 3451 1189 3512 vorha
1211 3452 1250 3511 ita
1273 3451 1385 3515 hahent
1406 3452 1478 3514 Mss.
1503 3450 1643 3515 Codices.
1679 3449 1851 3512 Camoedet
1868 3465 1966 3528 porro
2001 3517 2007 3534 ,

595 3557 720 3629 pastore
732 3557 856 3611 mortem
866 3569 925 3629 pro
944 3549 1042 3628 nodis,
1065 3558 1094 3611 et
1115 3549 1237 3611 Pascha
1258 3552 1337 3611 inter
1356 3569 1503 3630 vesperas
1525 3550 1691 3626 celebrare,
1714 3550 1835 3628 occepit
1851 3565 1967 3629 panea

596 3668 686 3727 saper
705 3667 813 3709 manas
834 3667 918 3722 snas,
940 3649 1104 3726 benedicit,
1127 3650 1337 3728 sanctificavit,
1358 3649 1459 3730 srepit,
1481 3650 1620 3730 deditque
1632 3649 1738 3712 mroae
1750 3647 1966 3728 Apostolos-arat

595 3756 778 3822 sanctornm
801 3755 831 3808 et
850 3748 948 3809 dicit:
971 3749 1109 3828 accipite,
1133 3748 1308 3811 manducate
1331 3748 1362 3809 in
1377 3749 1585 3811 remissionem
1599 3756 1805 3829 peccatorum,
1828 3747 1965 3810 civitam

596 3850 747 3909 aeternam
769 3846 876 3910 Amen.
920 3847 1064 3908 Similiter
1086 3849 1211 3909 calicem
1233 3849 1363 3908 miscens
1384 3848 1455 3910 aino
1477 3856 1506 3909 et
1526 3864 1617 3927 aqua,
1639 3848 1803 3921 benedicit,
1825 3845 1965 3924 εωοίϊβ-
1999 3920 2001 3925 Ι

595 3947 687 4020 cauit,
709 3955 738 4008 et
760 3947 840 4008 dixit
859 3948 922 4008 eis:
954 3946 1108 4026 Accipite,
1132 3946 1223 4008 bibite
1246 3965 1286 4008 ex
1309 3964 1347 4008 eo
1370 3965 1426 4009 vos
1449 3964 1553 4008 omnes
1575 3945 1612 4007 ad
1635 3946 1751 4007 veniam
1774 3944 1964 4023 delictorum,

596 4052 626 4105 et
655 4047 744 4106 vitam
772 4043 924 4108 aeternam
947 4045 1054 4109 Amen.
1094 4045 1229 4126 Longius
1251 4045 1343 4108 multo
1362 4063 1384 4130 'a
1406 4063 1479 4106 vcra
1501 4045 1633 4107 lectione
1654 4044 1763 4106 absunt
1784 4041 1861 4105 aliae
1884 4042 1964 4107 duae

595 4142 758 4226 Liturgiae,
782 4131 906 4225 quarum
928 4163 986 4206 una
1008 4145 1097 4228 Xysti
1119 4147 1216 4224 Papae
1241 4146 1363 4207 dicitur:
1387 4144 1481 4206 altera
1503 4145 1640 4225 Dionysii
1650 4140 1861 4224 Metropolitae
1874 4142 1964 4206 Arni-
1990 4167 1993 4173 ·

597 4241 684 4319 deni,
713 4243 791 4306 illius
815 4247 865 4324 qui
888 4247 1115 4326 cognominatus
1140 4254 1187 4307 est
1215 4243 1377 4321 Barsalihi,
1408 4244 1494 4324 cujus
1524 4262 1617 4325 saepe
1640 4241 1819 4305 testimoniis
1841 4241 1963 4305 utimur.

596 4341 628 4402 lu
649 4342 700 4404 illa
722 4344 839 4406 scilicet
861 4345 900 4405 ita
923 4344 1044 4425 legitur.
1090 4343 1164 4408 Cam
1186 4364 1259 4406 aero
1282 4344 1426 4405 Pessimi
1442 4345 1603 4423 proximas
1624 4350 1718 4415 esset,
1740 4342 1773 4403 in
1792 4359 1890 4421 pane,
1912 4341 1966 4421 qai

596 4442 635 4504 ab
662 4446 728 4522 ipso
758 4443 942 4517 benedictas,
971 4445 1192 4522 sanctificatas,
1219 4443 1341 4522 fractas
1371 4450 1400 4503 et
1426 4443 1543 4503 dicimis
1570 4441 1724 4521 Apostolis
1752 4441 1868 4501 scaeda
1891 4438 1963 4519 fait,

595 4562 707 4622 carpam
735 4561 821 4603 saum
850 4544 998 4620 oioificam
1020 4544 1103 4604 dedit
1128 4543 1216 4604 nohis
1244 4544 1287 4604 ad
1309 4544 1402 4604 eitam
1424 4548 1589 4602 aeternam.
1617 4539 1721 4601 Amen.
1764 4537 1911 4601 Sitnila'ter
1933 4540 1976 4603 ci-

594 4644 627 4703 in
649 4643 760 4715 calice,
787 4643 840 4721 qni
868 4640 907 4701 ad
937 4642 988 4702 iilo
1015 4643 1165 4721 siqnatos,
1196 4642 1383 4715 benedictam,
1413 4648 1443 4701 et
1471 4641 1561 4702 datiis
1582 4638 1736 4720 Apostolia
1756 4638 1874 4699 aartcns
1890 4636 1965 4718 fait,

586 4742 768 4822 sanquinem
790 4759 875 4801 mam
892 4741 1135 4818 propitiatoriam
1157 4742 1240 4801 dedit
1259 4741 1347 4802 nohis
1368 4739 1411 4800 ad
1431 4740 1525 4800 citam
1536 4747 1700 4802 aeterrram.
1722 4736 1827 4802 Amem
1854 4735 1888 4799 lu
1903 4736 1966 4801 ista

592 4839 758 4901 Barsalihio
780 4839 933 4918 inscripta.
977 4838 1018 4900 Et
1047 4858 1113 4899 eam
1142 4839 1184 4899 ad
1205 4839 1383 4900 Passionem
1404 4856 1438 4898 se
1456 4844 1636 4917 praeparet,
1662 4855 1773 4916 panem
1794 4855 1880 4917 quem
1902 4854 1965 4900 ae-

594 4941 672 5019 cepit
691 4941 724 5000 in
745 4957 853 5000 manas
874 4956 958 5013 snas,
980 4939 1142 5013 deraediait,
1164 4938 1376 5017 sanctificavit,
1395 4937 1502 5016 sreqit,
1533 4945 1563 4997 et
1584 4955 1695 5016 corpas
1715 4954 1801 4998 sumn
1823 4941 1966 4997 sanem

592 5039 724 5114 vocavit,
737 5039 788 5115 ,ad
809 5040 902 5100 citam
924 5044 1078 5099 deterream
1100 5038 1332 5115 mmcipimtiam.
1359 5035 1467 5100 Amen.
1484 5035 1526 5097 Et
1546 5036 1671 5098 calicem
1684 5052 1751 5097 cam
1772 5034 1966 5110 missaticam

592 5138 767 5216 sanquinem
788 5156 873 5200 mam
891 5138 1057 5217 pretiosam
1074 5135 1213 5215 perfecit,
1236 5137 1279 5197 ad
1299 5137 1394 5197 eitam
1414 5143 1578 5198 aeternam.
1623 5134 1731 5197 Amen.
