5150 6534
573 827 650 902 852
791 823 793 825 ’
1145 824 1378 904 aurat

573 1011 1939 1110 essetqueiermmmmvimnecondemueswsqnitecomedunmcum

573 1128 638 1200 illis
664 1133 720 1224 qui
746 1138 996 1200 contemserunt
1019 1133 1196 1224 pannones
1223 1130 1494 1204 massalutmes:
1520 1130 1756 1204 emim
1781 1128 1841 1203 tibi
1862 1131 1941 1224 glo-

572 1249 656 1317 riam
689 1257 724 1316 et
761 1244 913 1333 laudem,
949 1246 1108 1341 Patrique
1144 1256 1201 1317 tuo
1242 1245 1440 1336 benedicto,
1478 1256 1514 1320 ot
1551 1247 1689 1343 Spiritui
1726 1257 1786 1319 luo
1825 1257 1940 1319 saucio

574 1383 674 1451 nunc,
700 1371 764 1433 oto.

678 1475 841 1568 Populus.
892 1478 1013 1547 Amen

678 1591 867 1662 Diocom
919 1589 1068 1662 Beuetlio
1092 1590 1247 1663 Domine.

678 1706 864 1779 Sacerdos.
915 1705 1064 1779 Benedic
1091 1707 1252 1779 omnihus.

997 2027 1530 2069 ψ·

636 2314 699 2404 IN
749 2312 1128 2418 LITURGIAM
1169 2300 1886 2419 nnttflnnljrnstotis

1172 2521 1347 2604 lilim.

679 2806 732 2884 Ds
755 2816 887 2880 liattheo
910 2815 1050 2889 Pastore,
1080 2816 1131 2896 qui
1153 2816 1241 2897 hujus
1262 2816 1417 2898 liturgiae
1439 2825 1527 2880 antor
1549 2816 1740 2899 perhibetur,
1763 2817 1837 2880 nihil
1858 2817 1948 2881 uoltis

579 2923 729 2998 occurrit,
750 2919 831 2983 ande
853 2919 974 2999 mando
996 2920 1125 2994 uixerit,
1148 2926 1199 2980 ant
1221 2937 1310 2999 quem
1333 2919 1459 3003 madum
1482 2923 1513 2983 in
1534 2939 1591 2983 sna
1611 2921 1751 2984 Ecclesia
1772 2921 1949 2999 obtinuerit,

579 3022 628 3083 vel
657 3019 818 3083 divinando
845 3018 969 3099 assequi
999 3018 1159 3097 possimus.
1202 3017 1370 3082 lacobitam
1399 3020 1480 3083 illum
1503 3020 1597 3083 luisse
1618 3020 1688 3083 hinc
1708 3021 1857 3102 probatur
1877 3039 1952 3084 cer-

578 3122 693 3194 tissime
714 3118 796 3200 quod
816 3117 892 3182 haec
914 3119 979 3199 ejus
1002 3119 1122 3181 nomine
1132 3116 1269 3200 liturgia
1284 3120 1419 3182 occurrit
1439 3139 1507 3182 curn
1528 3119 1627 3183 multis
1649 3121 1715 3183 aliis
1731 3119 1831 3183 ouem
1843 3127 1951 3183 sectae

578 3221 722 3301 propriis,
745 3236 835 3301 quae,
857 3220 884 3280 si
905 3238 972 3281 eam
994 3236 1072 3298 qnae
1082 3217 1190 3280 tuconi
1211 3219 1322 3281 dicitur
1343 3220 1524 3301 excipimus:
1546 3221 1657 3283 nullam
1674 3239 1741 3283 cum
1756 3219 1951 3282 aliisEccle-

579 3321 631 3381 siis
655 3337 841 3382 communem
863 3316 962 3379 habet.
1005 3316 1080 3379 Eam
1101 3323 1199 3380 lamen
1220 3318 1337 3381 Misseli
1356 3317 1517 3384 chaldaico
1538 3323 1731 3383 inseruerunt
1751 3320 1803 3401 qui
1825 3317 1953 3380 editioni

578 3419 785 3499 praefuerunt,
807 3424 942 3496 cum‚‚ut
965 3415 1034 3478 alibi
1055 3417 1234 3500 monuimus,
1258 3426 1289 3480 et
1312 3418 1362 3480 illa
1384 3426 1415 3479 et
1436 3419 1513 3481 aliae
1535 3436 1653 3497 omnes,
1675 3419 1811 3482 nonalia
1830 3420 1949 3480 ratione

580 3520 616 3580 ad
640 3519 802 3581 Maronitas
833 3517 1020 3596 pertineant,
1049 3534 1137 3596 quam
1159 3517 1313 3597 reliquae:
1337 3534 1442 3579 omues
1469 3520 1547 3581 enim
1574 3517 1777 3581 Jacohitarum
1804 3517 1949 3597 propriae

579 3630 658 3697 sunt,
681 3622 735 3683 sed
758 3620 916 3703 neglecta,
945 3626 1014 3700 post
1036 3619 1180 3700 depulsos
1203 3619 1290 3701 Syria
1313 3619 1452 3696 Latinos,
1475 3617 1688 3679 Maronitarum
1709 3616 1849 3679 Ecclesia
1870 3631 1951 3694 quae

545 3797 547 3800 .
579 3742 646 3784 cum
667 3721 799 3784 Romana
823 3719 1016 3782 reconciliata
1039 3717 1147 3796 iuerat,
1170 3724 1222 3799 qui
1244 3721 1329 3799 prius
1351 3716 1567 3780 monothelitae
1588 3716 1718 3794 inerant,
1739 3714 1869 3797 perlecti
1892 3711 1951 3774 Ja-

580 3821 697 3883 oobitae
720 3826 889 3881 evaserunt.
932 3810 1035 3879 Extatx
1048 3819 1079 3878 in
1101 3817 1233 3879 Romana
1264 3819 1395 3880 editione
1422 3836 1450 3898 p.
1474 3816 1545 3881 ltu.
1570 3824 1601 3878 et
1622 3815 1830 3897 sequentihus.
1876 3814 1951 3893 Ejus

579 3929 677 3982 autem
700 3926 733 3981 ut
755 3918 879 3981 aliarum
900 3920 1102 3981 recentiorum
1123 3918 1222 3995 stilus,
1246 3936 1285 3978 ex
1308 3917 1478 3998 elegantiae
1496 3917 1639 3996 Syriacae
1660 3915 1760 3977 studio
1782 3913 1950 3976 intricatis-

579 4021 670 4081 simus
701 4026 763 4092 est,
794 4036 852 4080 nec
881 4018 958 4080 leuis
988 4017 1086 4078 multis
1114 4017 1205 4095 locis,
1236 4036 1365 4097 quorum
1392 4025 1492 4079 tamen
1513 4016 1611 4078 nullus
1634 4015 1673 4078 ad
1694 4015 1783 4077 iidem
1805 4015 1952 4095 pertitnet,

580 4119 749 4180 obscuritas
772 4116 933 4197 reperitur.

805 4379 840 4448 2.
881 4377 928 4446 El
954 4400 1028 4447 cum
1054 4374 1205 4447 omnibua
1230 4378 1363 4448 notoria
1387 4373 1632 4468 spiritualibus,
1659 4380 1724 4444 etc.

642 4571 644 4574 ⁵
684 4570 870 4657 Snmnmn,
892 4590 925 4644 ut
938 4580 1068 4658 videtur,
1091 4580 1166 4641 haec
1189 4587 1243 4641 est.
1274 4580 1348 4642 Cum
1359 4578 1457 4641 beatis
1468 4578 1525 4640 illis
1538 4577 1691 4659 spiritibus
1704 4575 1808 4638 laudes
1829 4583 1956 4637 nostras

529 4715 532 4720 ·
579 4682 811 4769 conjungendo,
843 4691 964 4747 aeterna
994 4690 1043 4745 tua
1067 4682 1209 4759 consilia,
1241 4702 1300 4745 uon
1324 4684 1380 4745 nisi
1403 4680 1537 4744 secundo
1560 4689 1629 4761 post
1652 4680 1718 4742 illos
1749 4679 1831 4755 loco,
1860 4678 1956 4741 valde

581 4782 757 4866 imperfecto
787 4786 940 4846 noscimus
971 4791 1000 4845 et
1022 4781 1215 4844 balbutiendo
1240 4783 1278 4844 de
1301 4784 1446 4844 Trinitnte
1469 4781 1634 4861 loquimur,
1658 4778 1787 4841 dicendo
1810 4778 1956 4839 Sortem

583 4885 693 4947 Verum
715 4883 826 4964 aliquid
848 4883 977 4946 fortasse
1000 4882 1079 4944 alind
1101 4880 1328 4963 intelligendum
1352 4890 1415 4958 est,
1447 4880 1528 4960 quod
1558 4879 1774 4960 qualecumque
1803 4877 1859 4952 sit,
1891 4895 1956 4940 nou

583 4984 673 5047 ualde
696 4983 800 5047 relert.

952 5174 986 5244 3.
1027 5174 1074 5241 Et
1100 5175 1239 5264 imuqioi
1266 5174 1497 5263 coofiqorotuo
1523 5177 1584 5241 est.

674 5330 739 5408 Dm
760 5340 839 5404 lilius
861 5356 953 5401 carno
975 5345 1121 5420 assumta,
1144 5335 1272 5417 homini,
1296 5338 1348 5418 qui
1369 5342 1436 5398 erut
1455 5337 1554 5418 imago
1574 5334 1641 5411 Dei,
1665 5331 1870 5415 configuratam
1894 5338 1954 5393 est.
