5150 6534
790 935 801 961 Ι
858 849 910 928 Ill
941 847 1235 926 tironatus
1268 844 1542 926 staticus.
1810 847 1881 922 tat

511 1035 732 1102 &tributionis
752 1034 965 1118 mysteriorum
987 1032 1107 1097 termas·
1126 1032 1168 1095 ita
1196 1038 1230 1094 ut
1258 1030 1339 1095 calin
1359 1047 1420 1094 non
1441 1030 1663 1098 Ecclesiasticis
1691 1031 1799 1111 modo,
1827 1032 1886 1096 sed

511 1136 614 1200 Laicis
637 1135 772 1217 primitus
793 1133 928 1211 daretur,
950 1138 983 1194 ut
1005 1130 1115 1194 laetum
1137 1149 1260 1213 quoqne
1282 1130 1334 1194 diu
1355 1130 1385 1193 in
1400 1129 1566 1193 Occidente
1588 1128 1652 1194 init.
1687 1129 1794 1212 quue
1816 1132 1885 1212 ipso
1921 1150 1926 1160 ·

510 1244 652 1318 ternpore
678 1233 847 1297 communio
875 1233 999 1295 intincta
1027 1229 1156 1293 dabatur
1184 1229 1263 1311 apud
1293 1228 1464 1292 Orientales
1486 1229 1601 1310 Syros,
1631 1227 1749 1292 duobus
1770 1230 1884 1293 modis:
1955 1248 1957 1250 ’

511 1351 623 1415 nempe
645 1331 791 1414 particula
813 1330 936 1394 intincta
959 1349 977 1393 a
999 1328 1161 1393 sacerdote
1188 1331 1219 1391 in
1248 1328 1345 1391 calice
1374 1346 1463 1409 quem
1490 1327 1630 1410 gestabat
1657 1327 1824 1393 Diaconum
1853 1338 1885 1392 et

512 1431 620 1495 eadem
637 1433 700 1513 jam
722 1432 753 1493 iu
774 1428 900 1493 calicem
923 1430 1069 1506 immissa,
1103 1446 1182 1510 quae
1204 1426 1355 1490 cochleari
1376 1426 1584 1508 praeberetur.
1629 1427 1746 1491 Primae
1767 1428 1884 1493 iorrnae

513 1531 585 1594 alibi
607 1548 696 1611 quam
718 1531 749 1592 in
770 1530 861 1592 citato
882 1527 953 1591 loco
968 1527 1192 1592 exDirecton'o
1206 1525 1362 1607 Syrorum,
1384 1525 1497 1588 nullum
1518 1526 1681 1609 vestigium
1703 1525 1763 1588 buc
1784 1525 1883 1608 usqne

511 1629 692 1691 imeoimus:
714 1628 770 1691 sed
793 1646 860 1690 cunr
882 1643 943 1689 non
964 1627 1054 1690 dubia
1076 1627 1115 1698 sit
1135 1626 1204 1689 libri
1225 1626 1305 1688 illius
1327 1625 1488 1699 autoritas,
1511 1625 1582 1704 quin
1605 1624 1636 1686 id
1657 1626 1739 1706 quod
1762 1624 1882 1689 deseri-

511 1727 610 1806 bitur,
633 1730 663 1790 in
685 1726 820 1809 Syriacis
841 1724 987 1789 Ecclesiis
1008 1725 1169 1807 aliquando
1191 1724 1302 1789 iactum
1323 1725 1377 1802 sit,
1400 1725 1452 1787 vix
1475 1730 1575 1804 potest
1597 1723 1737 1791 dubitari.
1782 1724 1881 1788 Mani-

513 1823 624 1909 festum
645 1834 693 1890 est
715 1834 831 1901 autem,
853 1825 1029 1906 particulam
1051 1826 1204 1887 intinctam
1227 1824 1329 1888 calicis
1351 1842 1448 1901 usunu
1482 1841 1571 1903 quero
1593 1831 1750 1904 tantopere
1773 1824 1884 1889 Prote-

513 1931 631 1987 stantes
652 1931 764 2007 urgent
786 1940 847 1987 non
869 1930 1102 2004 repraesentare
1109 1943 1118 1999 3
1148 1941 1216 1985 narn
1245 1924 1341 1986 calice
1363 1921 1527 1987 secundum
1549 1920 1631 1983 illam
1653 1922 1778 1985 formam
1800 1922 1886 1986 Laici

512 2022 719 2104 privabantur.
759 2022 921 2104 Sequemm
944 2023 1040 2085 rerba
1061 2022 1131 2085 talia
1154 2030 1232 2087 sunt.
1267 2022 1356 2100 Quod
1377 2024 1406 2083 si
1425 2040 1482 2083 nec
1502 2021 1577 2082 iilud
1594 2022 1710 2101 poterit
1728 2024 1885 2103 intinpera

513 2121 555 2184 ab
575 2123 700 2184 nimiam
717 2121 825 2201 populi
843 2122 1067 2199 multitudinem,
1089 2129 1249 2201 antequam
1270 2127 1400 2201 separet,
1423 2120 1500 2197 (boc
1522 2126 1570 2181 est
1590 2120 1752 2182 secundam
1773 2123 1804 2184 in
1826 2122 1887 2183 mi-

512 2221 652 2284 nutiores
673 2219 836 2301 particulas
859 2219 1036 2282 fractionem
1058 2217 1166 2293 iaciat)
1196 2221 1396 2300 margaritam
1416 2220 1546 2298 neapol
1565 2219 1598 2279 in
1619 2220 1731 2296 edice,
1754 2228 1888 2301 tempore

510 2318 691 2399 praedonis,
719 2320 814 2381 etita
835 2320 887 2381 det
907 2321 1160 2395 emmenum,
1181 2319 1260 2380 umet
1279 2320 1313 2379 in
1334 2315 1457 2381 Oriente
1478 2317 1608 2379 solemus
1625 2317 1740 2396 facee.
1783 2318 1888 2399 Itaque

512 2418 592 2499 jam,
614 2436 682 2480 cunr
705 2417 756 2480 illa
778 2415 934 2498 disciplina
956 2418 1069 2497 scripta
1093 2424 1157 2493 est,
1187 2415 1363 2479 indifferens
1385 2423 1451 2478 erat
1473 2415 1547 2477 dare
1568 2414 1728 2478 bibendum
1751 2418 1886 2495 calicem,

514 2504 569 2579 ant'
590 2517 742 2580 inunctam
765 2518 1001 2580 communionem
1025 2517 1189 2597 praebere,
1213 2534 1253 2578 cx
1274 2516 1469 2595 margaritis,
1492 2515 1557 2577 sive
1579 2514 1788 2579 minutioribus
1811 2533 1888 2596 par-

514 2615 625 2693 ticulis,
648 2632 726 2696 quae
748 2614 835 2677 calici
857 2615 1008 2677 immissae
1030 2623 1062 2677 et
1084 2614 1232 2696 sanguine
1254 2611 1457 2691 madefactae,
1480 2610 1632 2674 cochleari
1654 2612 1886 2693 praebebantur.

602 2711 745 2794 Sequitur
766 2714 796 2775 in
818 2712 923 2775 eadem
947 2712 1174 2776 Constitutione.
1219 2711 1438 2774 Sacerdotibus
1463 2703 1563 2773 autem
1590 2718 1620 2773 et
1639 2711 1788 2775 Diaconis
1808 2712 1888 2793 Epi-

514 2830 629 2892 scopus
648 2813 698 2875 rei
716 2812 872 2874 Sacerdos
893 2814 1130 2874 communicem
1150 2811 1238 2873 dabit
1259 2828 1326 2873 mun
1348 2809 1509 2873 costean.
1553 2808 1833 2891 Episcopum,
1861 2814 1891 2875 si

512 2929 574 2991 per
595 2930 629 2974 se
649 2913 874 2974 communicare
894 2911 982 2987 uelit,
1011 2912 1156 2973 moendet
1177 2911 1220 2973 ad
1239 2910 1340 2971 altare
1361 2915 1391 2970 et
1411 2908 1573 2970 &scendet
1588 2908 1760 2982 Sacerdos:
1782 2912 1889 2993 illeque

516 3010 757 3086 communicabit,
780 3018 834 3072 ant
855 3028 876 3070 a
897 3010 1064 3072 Sacerdme
1086 3010 1322 3072 communionem
1342 3007 1482 3086 mcipist.
1518 3005 1767 3072 Arebimandm‘ta
1788 3019 1888 3072 aretem

516 3115 548 3170 et
568 3108 815 3190 Arabipresbpter
835 3126 855 3169 a
877 3107 1043 3170 Sacerdote
1063 3107 1233 3170 Manto
1254 3106 1337 3168 illam
1358 3106 1515 3185 accipient.
1550 3105 1629 3167 Sane
1644 3108 1671 3169 si
1685 3107 1735 3170 vel
1750 3110 1887 3171 minimae

518 3206 559 3269 du
581 3224 639 3269 usu
662 3205 829 3269 cochlearis
851 3205 1027 3270 dubitationi
1047 3206 1133 3269 locus
1156 3212 1256 3279 esset,
1287 3204 1490 3268 discuteretur
1517 3203 1566 3265 illa
1588 3221 1646 3285 per
1667 3204 1726 3269 boc
1747 3208 1887 3269 testimo-

517 3306 609 3381 nium,
631 3305 711 3387 quod
734 3304 951 3368 consuetudine
973 3304 1097 3367 aliarum
1119 3306 1250 3367 omniurn
1267 3303 1472 3366 Ecclesiamm
1486 3301 1669 3365 sufficienter
1686 3303 1886 3367 confirmatur.

518 3402 628 3466 Similis
647 3404 758 3484 ubique
774 3411 821 3466 est
843 3422 1000 3467 sacrorum
1021 3405 1232 3485 mysteriorum
1254 3403 1439 3479 reverentia,
1460 3403 1561 3465 statim
1582 3409 1672 3480 atque
1695 3405 1885 3465 consecratio

516 3502 635 3565 illorum
658 3502 794 3583 perlecta
816 3510 877 3577 est;
901 3510 931 3564 et
953 3520 1020 3564 cum
1043 3502 1259 3579 distribuuntur
1281 3501 1434 3577 fidelibus,
1458 3507 1490 3563 et
1511 3517 1586 3583 erga
1607 3500 1745 3563 residuas
1767 3500 1886 3564 illonrm

488 3601 697 3682 ¹particulas:
725 3608 757 3663 ut
785 3602 815 3663 in
838 3600 1058 3664 Commentario
1081 3602 1119 3664 ad
1140 3600 1241 3665 Basilii
1262 3601 1427 3684 liturgiam
1449 3598 1559 3663 dictum
1586 3605 1650 3677 est,
1679 3596 1741 3661 turn
1768 3601 1827 3663 alio
1856 3602 1886 3663 in

518 3700 605 3777 loco,
633 3700 684 3761 ubi
706 3699 744 3762 de
767 3718 839 3762 cura
862 3700 1004 3783 religiosa
1027 3700 1211 3764 Sacramenti
1242 3697 1323 3780 apud
1345 3697 1514 3762 orientales
1537 3700 1698 3763 observata
1719 3698 1815 3763 insius
1838 3700 1888 3764 di·
1917 3700 1939 3734 ⁶·
1977 3720 1984 3735 ·

519 3800 632 3875 ximus3
655 3797 693 3859 de
716 3815 775 3878 qua
797 3808 886 3861 erunt
908 3815 1028 3879 quoque
1050 3798 1215 3880 adjicienda
1239 3797 1392 3875 nonnulla,
1415 3816 1455 3860 ex
1477 3798 1608 3879 propriis
1631 3799 1776 3880 Syrorum
1798 3804 1887 3861 auto-

517 3896 612 3960 ribus.

607 3994 751 4070 Diximus,
773 3997 803 4058 in
815 3996 959 4079 liturgiis
981 4013 1052 4058 raro
1075 4013 1153 4076 quae
1176 3995 1347 4076 singulares
1369 3998 1575 4074 caeremonias
1597 4003 1737 4077 spectant
1758 3995 1889 4058 adscribi

519 4093 639 4171 solere,
669 4093 759 4175 idque
787 4094 909 4157 codices
931 4111 1029 4175 prope
1051 4111 1155 4156 omines
1177 4093 1274 4172 palam
1297 4094 1426 4170 iaciunt,
1457 4113 1524 4157 cum
1551 4094 1671 4158 aliunde
1700 4102 1888 4175 peterentur,

518 4193 697 4272 praesertim
720 4212 760 4254 ex
781 4211 842 4256 non
864 4196 976 4274 scripta
997 4192 1169 4269 traditione,
1198 4210 1406 4274 quacumque
1428 4192 1465 4256 ad
1487 4196 1546 4257 rite
1568 4191 1748 4256 celebranda
1778 4193 1890 4256 Sacra·

518 4298 619 4353 menta
641 4292 840 4380 pertinebant.
884 4291 967 4353 llaec
994 4291 1168 4354 observatio
1194 4309 1269 4374 erga
1299 4292 1386 4354 istam
1409 4309 1497 4373 quarn
1520 4294 1700 4381 exponimus
1722 4292 1758 4354 D.
1781 4291 1888 4355 iacobi

466 4451 473 4472 ,
518 4390 684 4471 biturgiam
707 4390 803 4453 locum
832 4389 937 4469 babet,
962 4408 1022 4453 non
1044 4392 1141 4452 minus
1163 4409 1252 4471 quam
1273 4407 1349 4471 erga
1371 4389 1462 4466 alias,
1485 4408 1610 4471 quarum
1631 4407 1705 4453 usus
1726 4407 1789 4453 non
1810 4390 1887 4453 adeo

518 4488 736 4568 frequentatur.
780 4489 892 4552 Verum
914 4488 996 4551 illum
1018 4489 1266 4571 qualemcumque
1290 4488 1439 4551 delectum
1461 4490 1619 4571 supplent,
1647 4497 1787 4570 mantum
1810 4505 1888 4569 opus

518 4593 595 4664 erat,
619 4586 721 4649 Olbeia
742 4587 906 4669 generalia.
945 4588 984 4650 ln
1007 4590 1081 4665 isto,
1111 4606 1189 4670 quae
1219 4587 1257 4651 ad
1287 4589 1376 4650 ritum
1400 4587 1624 4652 communionis
1652 4596 1793 4669 spectant
1813 4588 1887 4649 satis

519 4693 663 4747 scemate
674 4686 874 4765 explicantur,
896 4694 929 4748 ot
951 4703 1122 4768 agnoscere
1145 4685 1233 4750 facile
1254 4689 1294 4750 sit
1317 4688 1443 4750 mamma
1460 4687 1577 4769 Syriaci
1596 4688 1670 4750 ritus
1694 4705 1761 4750 cum
1777 4686 1887 4767 Aegy-

518 4784 638 4864 ptiace,
662 4802 749 4864 quem
774 4784 894 4848 Gabriel
917 4786 1087 4848 Patriarcba
1111 4794 1142 4848 et
1162 4785 1341 4849 Abulbircat
1362 4785 1430 4849 fuse
1452 4786 1602 4860 referunt,
1626 4784 1798 4848 similitudo.

609 4883 826 4945 Praescribitur
847 4885 878 4946 in
901 4883 1027 4965 Syriaco
1051 4883 1103 4948 illo
1126 4884 1247 4963 Olllcio,
1269 4892 1304 4947 ut
1324 4883 1493 4965 Sacerdos,
1517 4892 1676 4965 postquam
1698 4884 1777 4946 dicta
1799 4881 1890 4944 luerit
1936 4898 2009 4951 ttitns
2031 4896 2215 4951 remouere

520 4980 625 5043 brevis
649 4980 827 5060 Confessio,
860 4982 942 5045 Unus
965 4991 1056 5062 pater
1083 4992 1222 5060 sauctus,
1255 5001 1334 5066 quae
1362 4984 1473 5065 aliquot
1500 4985 1653 5047 eradonas
1675 4981 1713 5045 ad
1735 4981 1889 5044 arbitrium
1903 5000 1935 5037 ex
1953 4982 2043 5036 Officio
2062 4980 2191 5040 &uenit

521 5079 704 5156 recitandas,
727 5080 904 5162 subjunctas
926 5081 1025 5158 habet,
1047 5084 1166 5163 operiet
1188 5084 1331 5164 mysteria
1354 5082 1429 5146 ralis
1445 5081 1519 5160 uiss,
1538 5081 1726 5162 accipiatque
1736 5079 1890 5159 cochlear,

522 5183 554 5238 et
576 5178 753 5265 periculam
776 5197 864 5259 quam
886 5181 952 5259 ipse
973 5197 1031 5261 pro
1054 5182 1263 5245 commuuione
1285 5198 1407 5245 sumere
1428 5180 1535 5243 debet:
1558 5178 1630 5243 illud
1652 5197 1746 5261 super
1767 5178 1892 5243 calicem

521 5273 666 5353 collocet,
694 5278 782 5339 istam
804 5280 832 5340 in
855 5278 951 5343 disco
996 5253 1072 5342 Tum
1097 5279 1254 5344 deseendit
1281 5279 1319 5343 ab
1346 5279 1432 5343 altari
1454 5285 1683 5361 prostratosque
1705 5296 1807 5344 eoram
1829 5277 1891 5358 illo,
