5150 6534
554 809 703 894 ,646
898 777 905 789 “
1199 808 1431 887 noune

626 1009 714 1072 quam
739 992 913 1074 Geograpbi
935 992 1073 1054 nonnulli
1094 992 1258 1055 Armeniae
1281 992 1455 1058 attribuunt.
1484 992 1568 1055 lllum
1592 994 1672 1056 enim
1694 992 1882 1073 Episcdpum
1903 990 1998 1055 fuisse

621 1091 794 1153 Nestoriani
816 1091 948 1153 Antores
973 1098 1136 1169 testantur,
1167 1110 1225 1173 qua
1249 1091 1287 1153 de
1310 1110 1344 1153 66
1367 1092 1439 1154 nihil
1464 1090 1543 1173 apud
1565 1091 1718 1154 Jacobitas
1740 1092 1830 1155 nobis
1855 1092 1997 1154 occurrit

621 1191 734 1252 Verum
764 1208 831 1250 cum
858 1192 938 1252 inter
965 1196 1010 1251 tot
1033 1189 1173 1271 Syriacas
1196 1189 1348 1273 Liturgias
1370 1190 1452 1252 nulla
1474 1191 1513 1251 sit
1535 1208 1613 1271 6666
1636 1190 1762 1271 alicujus
1785 1190 1917 1265 autoris,
1947 1191 1998 1269 661

621 1289 792 1369 Episcopus
815 1296 865 1349 aut
887 1288 1061 1350 Patriarcha
1083 1306 1143 1350 non
1165 1287 1273 1364 fuerit,
1306 1306 1414 1350 nomen
1445 1288 1613 1370 praeferat,
1645 1308 1686 1350 ex
1715 1305 1753 1350 eo
1783 1288 1895 1351 indicio
1917 1287 1997 1349 baud

622 1387 760 1450 fortassis
795 1397 909 1449 temere
941 1388 1051 1467 conjici
1073 1394 1189 1467 potest,
1220 1387 1250 1447 in
1278 1387 1366 1448 simili
1388 1386 1534 1450 iacobum
1557 1387 1703 1469 dignitate
1726 1385 1832 1450 161666.
1878 1385 1911 1447 Si
1933 1384 1998 1447 Ne-

621 1488 773 1550 storianos
797 1486 950 1562 audimus,
981 1485 1079 1547 blarin
1109 1484 1275 1548 Salomonis
1306 1484 1412 1561 fllium,
1444 1493 1475 1546 et
1503 1485 1628 1546 Amrnm
1655 1487 1721 1567 ejus
1745 1486 1997 1561 abbreviatorem,

620 1595 781 1667 postquam
804 1583 937 1646 Severus
960 1583 1138 1647 Antiochiae
1160 1583 1346 1665 Episcopatu
1369 1601 1458 1664 quem
1482 1593 1685 1664 occupaverat
1711 1583 1859 1666 dejectus,
1881 1582 1999 1645 iuAe-

621 1689 718 1765 gypto
741 1681 882 1744 obiisset:
906 1689 939 1744 ut
961 1683 1028 1762 ejus
1052 1681 1217 1762 discipulus
1240 1690 1270 1745 et
1294 1681 1411 1744 assecla
1429 1682 1561 1744 lacobus
1575 1682 1768 1765 Serugensis,
1791 1682 1928 1745 Jacobus
1951 1680 2000 1743 ille

622 1782 660 1844 de
684 1799 744 1861 quo
770 1781 883 1861 agitur,
907 1780 1031 1842 mirifice
1054 1789 1166 1843 sectam
1191 1782 1256 1861 ejus
1278 1800 1336 1861 per
1359 1787 1450 1843 totam
1474 1782 1590 1861 Syriam
1612 1786 1810 1863 propagavit,
1833 1781 2002 1862 praecipuo

621 1881 762 1942 'fabritae
785 1880 815 1940 in
830 1879 992 1941 Armeniae
1013 1879 1133 1958 finibus,
1157 1879 1207 1941 ubi
1230 1879 1385 1941 lacobitae
1410 1878 1513 1941 sedem
1528 1878 1674 1943 Catholici
1696 1882 1754 1960 sui,
1778 1898 1836 1943 seu
1849 1878 2002 1957 Aiosrioni

621 1977 757 2041 utillum
788 1985 914 2055 vocant,
946 1977 1056 2041 dudum
1086 1980 1324 2055 constituerunt,
1356 1986 1386 2040 et
1408 1978 1438 2039 in
1462 1978 1568 2041 vicinis
1591 1979 1728 2043 urbibus.
1772 1979 1837 2042 lllic
1859 1996 2000 2060 magnam

621 2095 726 2140 eorum
749 2077 873 2139 caedem
895 2076 967 2138 fecit
989 2076 1119 2139 Peroses
1142 2095 1197 2139 seu
1221 2085 1251 2139 ut
1263 2078 1375 2139 Porsa'e
1398 2077 1534 2139 scribunt
1558 2078 1667 2139 116666
1690 2086 1720 2140 61
1743 2097 1784 2140 ex
1806 2097 1844 2140 ea
1867 2094 1903 2140 se
1927 2095 2001 2140 sur-

622 2176 713 2255 ripuit
734 2175 880 2251 Jacobus,
904 2173 1067 2255 habituque
1091 2175 1163 2239 Subi
1185 2177 1252 2237 sive
1273 2174 1419 2257 Religiosi
1442 2175 1565 2253 Persae,
1589 2177 1695 2238 evasit.
1742 2174 1875 2238 Comites
1904 2173 1999 2259 fugae

621 2275 698 2338 duos
727 2274 807 2335 illum
838 2271 996 2351 babuisse,
1028 2274 1116 2335 iidem
1147 2281 1268 2336 autores
1292 2273 1427 2334 scribunt
1450 2272 1613 2355 Georgium
1636 2283 1666 2336 et
1690 2273 1888 2357 Gregorium,
1923 2290 2001 2353 quos

620 2374 672 2435 ille
694 2374 876 2453 Episcopos,
900 2370 980 2432 illum
1004 2373 1062 2453 ipsi
1085 2372 1285 2434 Patriarcham
1309 2372 1533 2435 ordinaverunt.
1580 2372 1716 2454 Cumque
1737 2374 1850 2453 passim
1869 2370 2002 2434 ordina-

621 2476 719 2535 tiones
735 2471 861 2548 laceret,
885 2472 1075 2550 quocumque
1094 2471 1250 2551 transibat,
1274 2472 1356 2533 aiunt
1380 2491 1448 2534 eum
1472 2473 1653 2534 Sacerdotes
1677 2481 1708 2534 61
1729 2473 1883 2535 Diaconos
1908 2478 2002 2533 octo-

619 2574 704 2654 ginta
727 2570 807 2632 mille
830 2570 999 2646 ordinasse,
1023 2569 1117 2651 longo
1141 2572 1220 2632 vitae
1244 2571 1391 2650 decursu,
1421 2588 1488 2632 cum
1511 2571 1704 2653 septuaginta
1729 2578 1793 2632 tres
1816 2586 1917 2632 annos
1941 2569 2003 2629 im-

617 2670 757 2750 pleverit.
800 2667 880 2729 Nihil
901 2668 983 2729 illum
1005 2669 1035 2729 in
1059 2670 1178 2750 scriptis
1200 2669 1362 2749 reliquisse
1384 2669 1546 2730 verisimile
1568 2676 1624 2746 est,
1648 2687 1715 2730 cum
1737 2670 1767 2730 in
1790 2668 1940 2731 Tractatu
1962 2666 2001 2729 de

618 2769 691 2830 Fide
715 2770 851 2843 Patrum,
880 2765 930 2845 qui
953 2773 1033 2828 totus
1057 2785 1096 2828 ex
1119 2774 1256 2830 autorum
1286 2768 1336 2846 qui
1360 2767 1439 2847 apud
1461 2767 1614 2829 lacebitas
1637 2767 1884 2830 commendantur
1908 2767 2002 2828 16611-

618 2866 725 2927 moniis
749 2871 908 2926 contextus
932 2873 988 2944 661,
1012 2874 1044 2927 61
1059 2872 1089 2927 61
1105 2866 1208 2927 1661116
1225 2867 1290 2948 ejus
1299 2867 1422 2948 generis
1437 2864 1632 2928 collectaneis
1644 2867 1755 2928 mentio
1767 2867 1833 2947 ejus
1844 2864 1932 2928 nulla
1940 2863 2001 2928 liat.

1041 3126 1075 3195 2.
1121 3124 1263 3216 Vigilum
1290 3132 1325 3195 61
1350 3124 1568 3214 ,1666166666

716 3314 772 3394 Ex
794 3327 862 3390 loco
885 3326 1018 3389 Danielis
1042 3346 1109 3409 cap.
1133 3328 1162 3391 4.
1185 3347 1213 3388 v.
1237 3326 1287 3391 ltl.
1316 3324 1487 3389 0616616166
1510 3325 1693 3408 singularem
1716 3325 1874 3388 beatorum
1901 3327 2000 3408 spiri-

617 3435 698 3491 tuum
732 3430 867 3493 ordinem
896 3428 1051 3507 fecerunt,
1085 3430 1217 3513 vigilum
1247 3429 1379 3506 scilicet,
1411 3446 1539 3507 quorum
1566 3429 1639 3489 satis
1673 3427 1816 3510 frequens
1847 3430 2000 3493 memoria
2036 3451 2038 3455 ·

618 3530 716 3589 estin
739 3528 823 3589 libris
846 3528 1086 3607 Ecclesiasticis‚
1117 3529 1252 3608 quamvis
1275 3527 1313 3589 de
1336 3528 1453 3589 illorum
1476 3526 1636 3609 dignitate,
1668 3533 1698 3588 61
1719 3527 1788 3589 1666
1811 3528 1841 3587 16
1865 3527 1999 3591 66616611

617 3624 802 3704 Hierarobia,
825 3626 974 3707 perplexe
997 3627 1159 3707 loquantur
1179 3627 1319 3707 plerique
1341 3644 1446 3689 eorum
1470 3625 1628 3708 Theologi.
1660 3625 1741 3687 16166
1760 3642 1813 3687 666
1826 3626 1999 3704 praecipue

616 3721 740 3786 laudare
763 3725 863 3786 solent
884 3724 1030 3786 loannem
1052 3725 1230 3803 barensem,
1253 3726 1338 3806 cujus
1363 3723 1538 3786 testimoniis
1569 3723 1606 3784 ab
1630 3722 1801 3785 Abrabamo
1817 3721 2000 3785 Ecbellensi

616 3824 750 3901 acceptis
773 3842 846 3885 usus
870 3831 917 3885 est
939 3824 987 3884 vir
1009 3823 1192 3886 clarissimus
1215 3824 1349 3886 loannes
1372 3824 1517 3902 Morinos,
1541 3824 1592 3902 qui
1615 3821 1653 3884 de
1676 3822 1803 3904 Angelis
1827 3840 1868 3883 ex
1893 3822 1998 3902 Syro-

615 3937 681 3980 rum
704 3929 813 4000 mente‚
837 3923 958 4002 scripsit
980 3924 1010 3983 in
1033 3924 1112 3984 notis
1136 3923 1173 3983 ad
1197 3920 1410 3984 Ordinationes
1435 3923 1586 4001 Syriacas.
1630 3921 1670 3982 At
1693 3920 1732 3982 de
1753 3920 1880 3981 loannis
1906 3922 1996 3981 istius

585 4048 587 4051 >
614 4017 759 4081 Darensis
795 4029 892 4084 661616
920 4021 1085 4082 blaronitac
1120 4023 1176 4100 ipsi
1208 4022 1286 4083 16166
1316 4041 1350 4082 66
1381 4021 1576 4097 dissentiunt,
1612 4037 1678 4081 cum
1705 4017 1898 4080 Echelleusis
1925 4036 1997 4079 eum

615 4118 730 4180 vixisse
758 4126 865 4197 quarto
895 4118 1019 4181 saeculo
1048 4121 1205 4199 scripserit
1235 4122 1263 4181 in
1295 4121 1373 4181 notis
1404 4119 1440 4180 ad
1471 4117 1689 4199 HebedJesum:
1722 4117 1849 4178 Faustus
1865 4116 1998 4178 'Nairo—

615 4222 672 4277 nus
707 4216 786 4277 inter
816 4217 949 4296 quintum
980 4225 1010 4278 61
1040 4226 1159 4279 sextum
1189 4217 1360 4294 saeculum,
1390 4234 1448 4278 nec
1479 4219 1552 4278 satis
1582 4216 1699 4295 probat.
1743 4216 1836 4277 Recte
1869 4215 1996 4292 quidem

616 4314 733 4377 Severo
767 4313 956 4376 Antiocheno
987 4318 1189 4394 posteriorem
1222 4316 1302 4377 illurn
1330 4316 1462 4396 Judicat,
1493 4333 1559 4377 curn
1588 4332 1655 4376 eurn
1694 4313 1779 4385 citet3
1816 4312 1872 4371 sed
1909 4313 1997 4392 quod

615 4430 655 4472 ex
683 4412 806 4494 linguae
828 4412 971 4492 Syriacae
999 4413 1149 4494 elegantia
1179 4433 1267 4494 quam
1299 4416 1329 4476 in
1357 4416 1423 4496 ejus
1453 4413 1573 4495 scriptis
1595 4414 1756 4489 observat,
1788 4411 1998 4489 antiquiorem

615 4528 684 4571 esse
713 4510 998 4572 blubamedanorum
1027 4513 1154 4591 imperio
1184 4514 1348 4589 existimat,
1380 4511 1451 4573 nibil
1481 4513 1552 4593 egit.
1597 4510 1708 4572 Μ61166
1736 4509 1814 4570 euim
1842 4506 1997 4571 babemus

615 4609 711 4687 Syros
736 4610 785 4687 qui
809 4610 905 4688 patria
928 4627 982 4669 sua
1005 4609 1107 4693 lingua
1131 4611 1223 4692 longe
1246 4618 1317 4689 post
1334 4609 1552 4671 blubamedaua
1574 4618 1712 4688 tempora
1734 4607 1938 4684 scripserunt,
1963 4608 1998 4668 16

614 4707 723 4786 quibus
746 4709 873 4769 maxima
896 4709 1043 4769 sermonis
1065 4708 1263 4786 foecunditas,
1287 4716 1318 4770 61
1341 4709 1473 4771 Asiatica
1497 4709 1546 4770 illa
1569 4707 1721 4790 elegantia
1743 4704 1853 4784 ubique
1877 4704 1996 4766 lucent.

614 4804 697 4866 Unus
720 4806 798 4866 banc
821 4806 1024 4884 conjecturam
1048 4805 1157 4867 refellit
1179 4805 1405 4889 Abulfaragius‚
1429 4806 1479 4886 661
1504 4824 1570 4868 666
1593 4801 1823 4891 saeculoXlll0.
1839 4801 1997 4881 floruerit,

612 4903 701 4983 plura
735 4903 959 4984 elegantissime
990 4904 1126 4983 scripsit,
1157 4923 1245 4984 quam
1276 4906 1374 4984 quivis
1408 4905 1492 4965 alius.
1552 4904 1716 4984 Dionysius
1746 4900 1894 4962 barsalibi
1930 4919 1997 4963 666

614 5002 719 5063 saltem
754 5001 877 5062 saeculo
913 5002 1063 5079 antiquior
1095 5002 1194 5064 multis
1223 5020 1344 5083 quoque
1381 5003 1501 5082 scriptis
1538 5000 1670 5082 Syriacis
1706 4998 1853 5062 inclaruit.
1903 4997 1998 5079 lpsae

615 5118 690 5179 quas
714 5107 875 5161 tractamus
899 5097 1054 5181 Liturgiae
1076 5102 1181 5162 aetatis
1205 5103 1394 5181 posterioris,
1418 5101 1487 5163 stilo
1511 5101 1561 5161 illo
1584 5100 1670 5162 uberi
1691 5100 1824 5178 scriptae
1846 5105 1938 5174 sunt,
1964 5100 1998 5160 in

615 5217 675 5278 quo
703 5199 890 5279 potissimum
918 5198 1056 5259 consistit
1086 5197 1247 5260 0616616116
1276 5199 1424 5262 facundia.
1469 5201 1580 5261 Verum
1611 5199 1686 5260 baec
1716 5198 1788 5259 tanti
1818 5213 1882 5257 non
1905 5204 1999 5258 sunt:

614 5297 859 5377 nequemultum
882 5294 986 5376 refert,
1010 5296 1080 5376 quid
1105 5297 1260 5361 debeatis
1283 5298 1437 5378 spiritibus
1451 5296 1622 5360 0616616166
1638 5298 1777 5375 66611661,
1801 5312 1869 5355 cum
1884 5313 1998 5357 ornnes
