5150 6534
593 886 642 961 llll
659 878 829 960 SYRIACIS
857 864 1127 957 nnlcflnluttn
1146 878 1193 955 ΕΤ
1214 878 1481 956 tloonlunuttn
1507 880 1703 958 LITURGllS.
1781 881 1835 953 xl

460 1074 599 1147 sinceris
627 1073 836 1164 vebistisque
864 1066 1053 1160 codicibus,
1081 1076 1115 1139 et
1142 1090 1256 1139 earum
1283 1090 1378 1140 usum
1410 1072 1563 1161 viguisse
1595 1069 1736 1142 dubitari
1769 1073 1834 1142 vix

461 1200 569 1285 queat.
624 1186 879 1260 Observandum
914 1208 1019 1282 porro
1056 1194 1126 1274 est,
1164 1184 1390 1257 Jacobitamun
1425 1189 1595 1281 propriam
1636 1195 1670 1256 et
1705 1196 1832 1257 certum

459 1316 573 1378 notam
607 1302 789 1376 ambitiosis
824 1300 888 1374 illis
927 1304 1027 1375 titulis
1067 1304 1248 1389 contineri,
1283 1303 1434 1394 quamvis
1470 1305 1504 1371 in
1536 1305 1610 1395 ipsa
1646 1304 1831 1371 orationum

461 1425 571 1511 serie,
597 1424 658 1491 vix
691 1418 867 1514 quidquam
903 1419 1074 1512 singulare
1107 1419 1149 1490 ad
1185 1417 1315 1490 illorum
1348 1421 1539 1513 opinionem
1573 1415 1831 1488 confirmandam

461 1561 500 1609 se
528 1538 653 1609 oderat.
708 1534 838 1630 Nempe
864 1544 899 1607 ut
927 1536 1024 1625 alibi,
1053 1540 1081 1608 si
1112 1539 1183 1607 vita
1209 1543 1382 1629 suppetet,
1410 1535 1598 1604 accuratius
1624 1531 1831 1626 probabitur,

458 1652 631 1744 jactabant
656 1661 792 1723 veteres
819 1650 1079 1749 blonophysitae
1104 1653 1266 1742 maj0rem
1294 1652 1326 1720 in
1352 1648 1485 1720 modurn
1511 1650 1701 1720 testimonia
1728 1655 1832 1717 vete-

434 1766 534 1837 rum
560 1767 694 1838 Patrum
722 1789 807 1860 quae
833 1788 946 1838 novae
973 1788 1055 1838 suae
1082 1764 1290 1856 Theologiae
1316 1764 1434 1835 lavere
1469 1762 1688 1852 videbantur,
1723 1783 1832 1854 neque

462 1883 638 1955 utebantur
664 1881 765 1953 modo
793 1884 963 1954 sententiis
992 1904 1036 1952 ex
1062 1878 1269 1969 Athanasio,
1299 1878 1443 1967 Basilio,
1479 1877 1647 1970 Gregorio
1679 1877 1833 1948 Nazian-

463 2019 567 2089 zeno,
608 2008 642 2069 et
675 1995 853 2093 Nysseno,
890 1996 1029 2090 aliisque
1063 1995 1239 2083 Patribus,
1273 2015 1397 2085 magna
1433 2016 1512 2065 cura
1547 1995 1736 2087 excerptis,
1772 1992 1833 2063 sed

464 2111 618 2211 Gregorii
646 2112 885 2203 Thaumaturgi
912 2122 945 2182 et
970 2109 1201 2182 nonnullorum
1232 2113 1452 2181 vetustiorum
1486 2112 1661 2179 autoritate
1696 2130 1834 2202 pugnu-

462 2228 552 2300 bant.
604 2228 678 2299 Nec
706 2226 768 2299 illis
797 2229 960 2314 contenti,
985 2223 1154 2320 Epistulas
1181 2224 1258 2296 Julii
1284 2225 1418 2320 Papae,
1453 2231 1487 2296 et
1520 2235 1637 2295 vetera
1671 2223 1833 2316 quaedam

464 2347 587 2439 scripta
615 2341 696 2431 alia,
724 2364 863 2437 quorum
890 2341 1019 2413 falsitas
1048 2341 1167 2412 dudum
1192 2349 1370 2437 perspecta
1389 2351 1451 2428 est,
1478 2338 1722 2435 producebant:
1749 2342 1834 2409 inter

465 2482 549 2551 quae
575 2458 653 2528 illud
680 2462 861 2554 praecipue
888 2456 1067 2529 notandum
1093 2467 1165 2544 est,
1193 2460 1316 2553 scripta
1342 2457 1497 2551 Dionysii
1524 2456 1772 2550 Areopagitae,
1798 2465 1835 2525 ut

465 2573 542 2644 olim
569 2570 783 2659 credebatur,
811 2576 902 2668 prius
937 2576 1072 2665 ignota,
1111 2576 1252 2669 primum
1287 2572 1479 2663 allegatae
1507 2571 1702 2651 severianis
1728 2570 1834 2643 fuisse

463 2691 497 2758 in
513 2686 702 2759 Collaiione
721 2685 1011 2782 Constantinopoli
1037 2687 1148 2760 hahita
1176 2686 1237 2759 sub
1252 2689 1439 2759 Justiniauo
1458 2708 1543 2757 anno
1556 2686 1742 2758 DXXXIII.
1782 2686 1833 2757 Ea

462 2805 564 2894 igitur
589 2808 675 2875 ratio
702 2803 834 2875 videtur
859 2803 978 2887 luisse,
1006 2825 1066 2873 cur
1092 2802 1168 2874 Julii
1194 2803 1308 2898 Papae
1334 2805 1468 2874 nomine
1484 2802 1667 2893 Liturgiam
1689 2824 1833 2897 compo-

465 2922 608 3009 suerint,
635 2928 671 2989 ut
698 2921 790 3010 cujus
817 2921 1013 2990 testimoniis
1041 2921 1168 3013 passim
1193 2917 1389 3008 utebantur,
1424 2918 1511 2989 illius
1537 2919 1661 2988 nomini
1694 2924 1833 3009 gravior

465 3056 511 3104 ex
535 3033 708 3125 Liturgiae
734 3034 828 3105 titulo
856 3037 1015 3112 autoritas
1044 3033 1230 3105 accederet.
1282 3031 1451 3123 Liturgias
1473 3036 1559 3103 enim
1578 3031 1739 3121 scrihere,
1765 3057 1834 3106 non

465 3151 700 3243 cujuscumque
726 3147 865 3221 hominis
891 3148 970 3238 fuit,
998 3148 1058 3221 sed
1083 3148 1211 3218 illorum
1238 3151 1293 3241 qui
1320 3147 1377 3218 vel
1409 3148 1575 3238 dignitatis
1610 3146 1834 3242 amplitudine,

465 3261 524 3333 vel
550 3262 721 3335 doctrinae
746 3262 835 3335 lama
864 3267 1008 3336 caeteris
1035 3266 1288 3358 praestitissent.
1341 3262 1438 3334 Unde
1465 3266 1623 3334 excusari
1637 3284 1704 3333 non
1721 3270 1834 3356 potest

464 3378 595 3450 illorum
620 3380 835 3469 incogitantia
860 3378 917 3449 vel
943 3382 1152 3470 ignorantia,
1178 3380 1233 3472 qui
1261 3378 1336 3447 dum
1355 3378 1516 3474 Syriacas
1540 3378 1719 3469 Liturgias,
1747 3397 1834 3469 quae

465 3490 638 3564 Maronitis
664 3504 698 3563 et
725 3494 821 3589 Syris
858 3493 932 3566 aliis
965 3494 1107 3565 utendae
1130 3493 1467 3589 praescriberentur,
1504 3493 1557 3564 edi
1592 3501 1766 3580 curarent,
1799 3501 1834 3562 ut

466 3628 566 3678 sanas
594 3618 627 3678 et
654 3612 743 3679 omni
771 3611 895 3679 erroris
923 3611 1112 3702 suspicione
1139 3631 1282 3698 vacuas,
1310 3631 1370 3681 eas
1395 3609 1723 3696 commendaverunt,
1750 3627 1834 3700 quae

466 3732 591 3793 certum
620 3733 733 3793 sectae
760 3721 966 3794 Jacobiticae
993 3732 1156 3795 tesseram
1182 3723 1427 3818 praeferebant.

569 3837 660 3909 XIX.
712 3837 841 3928 lgnatio
868 3838 1010 3933 Martyri
1036 3861 1134 3910 unam
1167 3838 1355 3909 attributam
1387 3838 1511 3928 fuisse,
1545 3838 1609 3910 aba
1641 3842 1728 3910 ratio
1763 3837 1835 3928 luit,
1869 3866 1909 3919 1),
1927 3866 2044 3936 aarum.
2059 3865 2159 3935 maa„

466 3975 585 4047 nempe
612 3952 700 4046 quod
727 3953 971 4023 Antiochenam
998 3953 1113 4026 sedem
1148 3956 1328 4043 tenuisset,
1362 3952 1423 4024 suh
1459 3955 1553 4044 cujus
1586 3953 1663 4025 olim
1692 3954 1834 4044 jurisdi-
1848 3951 1975 4004 artrnuu.

467 4072 577 4139 ctione
604 4066 663 4139 luit
688 4071 880 4140 vastissima
912 4069 1090 4141 Dioecesis
1125 4069 1286 4156 Orientis,
1329 4090 1375 4138 ex
1409 4091 1473 4161 qua
1510 4068 1553 4140 ob
1589 4068 1834 4164 amplitudinem

466 4181 630 4254 formatae
658 4193 734 4255 sunt
760 4186 906 4255 minores
924 4184 1128 4271 DioeceseS,
1156 4181 1217 4254 sed
1231 4192 1341 4253 tamen
1359 4185 1439 4254 satis
1453 4192 1574 4253 vastae
1588 4183 1835 4256 catholicorum

467 4295 614 4368 Persidis
642 4308 675 4368 et
706 4298 909 4387 Armeniae,
943 4298 986 4370 ad
1021 4321 1161 4393 quorum
1194 4274 1385 4392 exemplum
1414 4298 1622 4389 NestorIani,
1658 4300 1835 4374 Seleuciae

467 4422 501 4482 et
527 4410 750 4507 Ctesiphontis
765 4413 967 4507 Episcopus,
995 4413 1113 4508 quihus
1141 4422 1377 4484 successerunt
1394 4410 1558 4486 Catholici
1573 4414 1731 4505 Persidis,
1760 4412 1834 4487 Ca-

468 4524 608 4597 tholicos
641 4526 911 4621 appellaverunt,
946 4527 1076 4622 illisque
1104 4527 1363 4600 Patriarchalem
1392 4534 1600 4601 autoritatem
1635 4532 1723 4627 apud
1755 4554 1835 4604 suos

467 4639 658 4711 tribuenmt.

570 4755 646 4828 XX.
699 4757 874 4846 Dioscori,
901 4756 1040 4848 Severi,
1067 4756 1262 4848 Philoxeni,
1288 4758 1410 4832 Jacobi
1444 4761 1616 4851 Baradati,
1651 4772 1684 4833 et
1719 4764 1748 4832 si
1781 4764 1835 4853 qui
1874 4770 1914 4825 ne
1933 4773 2026 4826 severi
2044 4778 2092 4825 ote
2112 4772 2163 4828 Lt-

468 4880 543 4941 sunt
570 4869 625 4940 alii
650 4870 879 4943 Jacobitarum
906 4873 1006 4964 Divi,
1033 4872 1201 4966 Liturgias
1234 4873 1275 4945 ab
1310 4877 1391 4969 ipsis
1428 4880 1569 4972 scriptas
1601 4876 1705 4948 fuisse
1740 4884 1833 4947 certo
1847 4860 1946 4928 llll*

468 4984 579 5078 aliquo
607 4997 803 5076 argumento
830 4997 987 5057 constare
1013 5010 1081 5059 non
1107 5000 1226 5083 potest.
1280 4988 1431 5063 Severus
1459 4992 1590 5086 quidem
1616 4991 1716 5062 multu
1744 4995 1835 5063 scri-

468 5101 547 5193 psit,
574 5102 761 5195 ingensque
786 5100 962 5191 catalogus
990 5104 1062 5193 ejus
1090 5126 1229 5199 operum
1255 5126 1342 5198 quae
1367 5106 1611 5193 interciderunt,
1639 5128 1685 5176 ex
1699 5105 1836 5179 Catenis

469 5213 608 5285 Graecis
635 5215 752 5287 conlici
778 5225 903 5311 potest:
930 5226 1040 5288 tamen
1067 5218 1109 5289 de
1134 5217 1284 5311 Liturgia
1319 5218 1360 5290 ab
1395 5242 1436 5291 eo
1473 5224 1595 5316 scripta
1631 5220 1710 5293 nihil
1739 5223 1836 5296 nobis

468 5333 622 5404 occurrit.
673 5331 821 5404 Officium
847 5332 1007 5428 Baptismi
1035 5355 1100 5426 quo
1127 5334 1208 5430 Syri
1234 5345 1383 5424 utuntur,
1411 5358 1457 5406 ex
1480 5340 1642 5408 constanti
1662 5339 1837 5412 traditione

1578 5454 1630 5526 ,a
