5150 6534
595 857 672 934 asa
799 840 814 869 ·
1095 859 1453 937 uruusaru

594 1047 691 1137 regui
716 1048 763 1117 tui
787 1049 955 1141 impingua
980 1069 1055 1120 nos.
1107 1045 1151 1118 Et
1175 1055 1314 1143 propter
1339 1044 1422 1118 baec
1449 1049 1558 1118 omnia
1582 1048 1776 1142 praecipue,
1800 1043 1959 1117 Ecclesia

593 1171 648 1232 tua
683 1171 717 1232 et
748 1184 837 1255 grex
870 1173 945 1234 tuus
979 1161 1177 1259 deprecatur
1211 1174 1264 1252 te,
1298 1173 1332 1235 et
1362 1184 1425 1258 per
1457 1172 1513 1253 te,
1547 1170 1646 1257 atque
1679 1170 1789 1234 tecum
1821 1158 1964 1234 Panem

592 1286 701 1365 tuum,
729 1276 852 1349 dicens.
1132 1336 1135 1340 J

698 1393 859 1486 Papulas.
910 1391 1084 1466 Miserere.

696 1509 880 1581 Sacerdos.
932 1508 1003 1582 Nos
1031 1531 1173 1605 quoque.

698 1624 859 1718 Populos.
912 1625 963 1696 Te
989 1624 1168 1698 laudamus.

698 1738 881 1811 Sacerdos.
934 1740 1127 1837 Praecipue.

697 1855 885 1927 Diaconos.
939 1856 1045 1943 Quam
1072 1855 1215 1929 timenda
1241 1867 1294 1929 est
1318 1856 1402 1928 haec
1427 1855 1518 1928 hora.

699 1971 873 2044 Sacerdos
899 1973 984 2044 dicit
1008 1974 1262 2044 invocationem
1286 1971 1438 2066 Spiritum
1462 1975 1583 2069 sancti.

697 2086 960 2161 Misericordiam
987 2102 1074 2161 mam
1102 2086 1251 2161 obtestor
1277 2099 1312 2160 et
1337 2089 1517 2184 deprecor,
1543 2090 1687 2161 Domine
1712 2087 1824 2159 Deus:
1849 2087 1959 2158 mise-

596 2225 672 2274 rere
698 2206 784 2293 mei,
811 2213 845 2276 et
870 2204 1000 2277 ellirnde
1026 2227 1127 2301 super
1152 2227 1206 2276 me
1233 2214 1267 2276 et
1293 2226 1393 2299 super
1424 2203 1609 2277 oblationes
1643 2206 1724 2275 istas
1755 2206 1959 2299 propositas,

596 2321 735 2411 gratiam
762 2319 903 2416 Spiritus
929 2323 976 2392 tui
1002 2323 1125 2394 sancti:
1153 2331 1186 2391 et
1211 2321 1331 2393 munda
1357 2343 1411 2392 me
1426 2319 1468 2391 ab
1494 2317 1646 2392 omuibus
1662 2318 1802 2391 maculis
1817 2315 1965 2414 peccati,

598 2444 633 2505 et
659 2434 809 2507 conforta
835 2459 888 2508 me
916 2436 958 2507 ad
984 2439 1197 2509 ministerium
1224 2435 1287 2509 boc
1314 2459 1430 2531 purum
1457 2446 1491 2508 et
1516 2446 1674 2509 sanctum.

700 2550 884 2623 Sacerdos.
936 2550 1069 2623 Exaudi
1095 2575 1167 2641 me,
1192 2554 1345 2626 Domine.

700 2666 860 2762 Populos.
912 2668 1017 2765 llyrie
1047 2667 1184 2742 eleison.

700 2782 884 2855 Sacerdos.
940 2783 985 2855 Ut
1016 2807 1077 2880 per
1109 2781 1298 2882 ³illapsum
1338 2806 1430 2857 suum
1464 2781 1640 2873 exhibeat,
1670 2804 1793 2878 panem
1828 2779 1956 2876 pridem

596 2902 710 2988 istum,
738 2907 758 2982 †
785 2922 907 2995 corpus
934 2911 1084 2972 sanctum
1110 2902 1139 2988 †
1166 2899 1286 2973 Christi
1313 2902 1377 2973 Dei
1403 2903 1508 2973 nostri
1534 2901 1571 2987 †.

700 3014 858 3109 Popolas.
884 3018 1003 3089 Amen.

700 3131 884 3203 Sacerdos.
937 3132 980 3203 Et
1005 3137 1135 3205 mistum
1163 3133 1250 3227 quod
1276 3142 1329 3205 est
1354 3136 1388 3203 in
1412 3131 1477 3204 boc
1496 3132 1619 3219 calice,
1645 3132 1748 3204 iaciat
1763 3132 1958 3223 sanguinem

599 3247 720 3320 Christi
745 3248 809 3320 Dei
835 3252 949 3320 nostri.

701 3363 861 3457 Populos.
913 3364 1032 3435 Amen.

665 3459 669 3466 ¹
700 3479 884 3551 Sacerdos.
937 3478 1044 3554 Nobis
1071 3488 1181 3550 autem
1207 3501 1268 3574 per
1294 3478 1421 3550 illorum
1449 3480 1712 3572 susceptionem,
1739 3475 1796 3548 det
1827 3477 1958 3548 veniam

601 3596 812 3685 delictorum,
845 3600 1074 3670 remissionem
1110 3604 1343 3689 peccatorum,
1370 3597 1540 3666 scientiam
1566 3615 1683 3664 veram
1709 3591 1803 3680 fidei,
1830 3592 1960 3664 zelum-

601 3735 665 3808 que
690 3711 886 3784 laudabilem
912 3713 1102 3804 religionis,
1129 3720 1163 3781 et
1188 3713 1468 3807 participationem
1496 3716 1587 3782 vitae
1615 3718 1781 3810 aeternae.

653 3899 658 3912 ,
703 3827 862 3920 Populos.
914 3828 1032 3899 Amen.
1820 3833 1822 3836 ’

704 3942 879 4014 Sacerdos
904 3943 1094 4013 inclinatas.
1147 3943 1199 4012 Da
1219 3941 1372 4038 Domine,
1398 3941 1572 4013 Ecclesiae
1589 3951 1665 4012 tuae
1692 3952 1726 4012 et
1751 3940 1956 4037 praesulibus

490 4092 493 4099 ·
603 4063 696 4152 ejus,
722 4070 756 4130 ut
779 4064 875 4152 juxta
901 4063 1141 4155 praescriptum
1167 4058 1279 4150 legum
1305 4068 1432 4130 tuarum
1459 4082 1498 4132 se
1511 4068 1640 4149 gerant,
1668 4056 1820 4129 omnibus
1847 4054 1960 4134 diebus

602 4161 693 4247 vitae
720 4197 811 4246 suae.

659 4373 662 4379 .
705 4277 855 4361 Ftecaas
880 4313 1005 4361 oecon.
1057 4289 1101 4360 Et
1127 4288 1244 4362 oculas
1269 4289 1507 4360 intellectuales
1524 4290 1642 4360 mentis
1655 4299 1792 4360 nostrae
1817 4286 1960 4359 illumina

604 4390 765 4493 Domiue,
800 4415 835 4476 ut
868 4405 1127 4502 contemplemur
1165 4404 1322 4476 miracula
1354 4404 1464 4497 legum
1500 4415 1627 4476 tuarum
1659 4404 1857 4475 divinarum:
1884 4410 1961 4475 eta

604 4520 689 4615 lupis
716 4521 937 4617 spiritualibus
964 4524 1155 4593 universum
1181 4542 1321 4613 gregem
1349 4530 1437 4592 tuum
1454 4543 1637 4594 conserva:
1665 4530 1699 4591 et
1716 4519 1812 4593 simul
1826 4518 1960 4591 relere-

604 4659 677 4710 mus
702 4637 763 4708 tibiw
787 4636 927 4729 gloriam
954 4648 987 4709 et
1012 4635 1162 4725 laudem,
1189 4647 1253 4708 etc.

707 4753 867 4847 Populos.
918 4754 1038 4825 Arnen.

709 4867 883 4941 Sacerdos
908 4868 1099 4939 inclinatas.
1151 4869 1319 4941 Memento
1345 4869 1489 4940 Domine
1515 4889 1629 4939 eorum
1665 4869 1720 4963 qui
1745 4870 1904 4940 invocant
1928 4876 1960 4939 te

607 4970 681 5054 cum
706 4982 770 5054 fide
795 5005 898 5070 vera,
925 4994 960 5055 et
984 4983 1072 5057 bona
1099 4994 1276 5078 operantur
1301 4993 1438 5079 propter
1464 5005 1585 5055 nomen
1610 4994 1699 5054 tuum
1726 4992 1886 5056 sanctum.

709 5097 859 5169 llltecaas
884 5118 1008 5170 coeam.
1062 5098 1185 5170 Omnes
1227 5120 1360 5193 quoque
1399 5097 1545 5194 reliquos
1585 5099 1801 5172 0rtbodoxos
1837 5100 1960 5172 auxilio

606 5223 664 5285 tuo
691 5211 853 5306 adjuvans
879 5214 1039 5305 Dc'mine,
1064 5213 1204 5286 benedic
1231 5236 1292 5287 eos
1320 5216 1374 5309 qui
1396 5218 1514 5307 juvant
1538 5212 1723 5288 Ecclesiam
1757 5227 1847 5288 tuam
1879 5238 1962 5288 sau·
