5150 6534
787 847 1541 945 GREGORllCATHOLIClORIENTIS,
1578 865 1628 926 oc.
1690 784 1695 794 =
1784 852 1861 927 467

467 1076 470 1082 ·
593 1034 778 1106 Sacerdos.
832 1035 916 1105 Pax.
1053 1111 1055 1113 ,

591 1149 753 1243 Populus.
807 1149 951 1222 Etcum
979 1154 1095 1245 spiritu
1122 1161 1188 1222 tuo.

592 1267 779 1337 Diaconos.
832 1267 926 1354 Post,
954 1277 1016 1336 etc.
1240 1263 1242 1273 '

590 1381 751 1474 Populus.
806 1381 930 1454 Coram
959 1393 991 1452 te
1016 1384 1169 1454 Domine.

590 1496 774 1570 Sacerdos.
829 1497 924 1569 Nunc
956 1499 1099 1568 Domine
1132 1497 1397 1592 quandoquidem
1424 1502 1652 1591 pergratiam
1687 1509 1775 1570 tuam
1802 1505 1860 1569 in-

488 1612 831 1709 comprehensibilem,
845 1617 1053 1708 'praestitisti
1079 1613 1176 1687 nobis
1203 1624 1238 1685 ut
1265 1618 1584 1687 communicaremus
1601 1613 1675 1686 buic
1696 1618 1858 1711 mysterio

487 1728 621 1816 divino,
649 1740 682 1799 et
709 1729 838 1800 divinos
872 1729 1155 1824 facientemque
1189 1728 1286 1802 nobis
1320 1734 1466 1801 uniretur
1501 1752 1623 1825 corpus
1656 1730 1735 1817 hoc,
1769 1730 1857 1824 quod

486 1853 540 1916 est
565 1867 685 1938 corpus
714 1854 801 1916 tunm
830 1856 992 1931 sanctum,
1020 1855 1054 1914 et
1080 1849 1216 1936 sanguis
1254 1845 1317 1933 hic,
1346 1849 1399 1940 qui
1427 1855 1479 1916 est
1505 1848 1642 1936 sanguis
1669 1855 1743 1917 tuus
1770 1870 1857 1940 pro-
1977 1876 1980 1880 ’

485 1962 683 2053 pitiatorins,
710 1984 753 2032 ue
780 1962 983 2034 condemnes
1010 1984 1073 2033 nos
1101 1964 1133 2031 in
1162 1963 1215 2033 die
1242 1962 1459 2033 revelationis
1488 1972 1581 2047 tuae,
1615 1983 1743 2056 sponse
1770 1986 1858 2033 coe-

485 2073 579 2146 lestis
608 2074 756 2164 Christc;
783 2100 891 2171 neque
918 2077 1022 2148 facias
1049 2100 1112 2149 nos
1140 2078 1269 2150 alienos
1289 2101 1308 2147 a
1331 2078 1429 2171 plena
1454 2076 1858 2172 perfectaquevoluptatc

487 2194 635 2261 convivii
664 2195 708 2263 tui
735 2192 930 2286 spiritualis:
965 2215 1073 2286 neque
1102 2193 1143 2265 ab
1172 2193 1228 2265 illo
1256 2192 1344 2264 bono
1371 2192 1546 2287 spirituali:
1581 2202 1614 2262 tu
1647 2197 1700 2286 qui
1736 2191 1857 2261 arrha-

485 2303 606 2377 bonem
634 2311 724 2377 vitae
751 2307 869 2378 dedisti
884 2307 994 2395 nobis,
1022 2331 1144 2401 corpus
1161 2314 1423 2402 sanguinemque
1441 2318 1531 2377 tuum
1546 2318 1704 2378 sanctum.
1731 2307 1858 2378 Verum

486 2442 547 2515 per
573 2426 714 2513 gratiam
743 2433 841 2510 tuam,
870 2447 971 2518 parce
999 2424 1095 2493 nobis
1128 2424 1286 2510 Domine,
1321 2445 1430 2516 neque
1458 2421 1604 2516 repellas
1631 2445 1693 2493 nos
1721 2420 1763 2492 ab
1792 2445 1857 2491 ac-

487 2534 596 2607 cubitu
624 2548 690 2625 tuo,
720 2542 870 2631 quamvis
898 2539 999 2609 induti
1025 2537 1176 2609 vestibus
1213 2539 1355 2611 sordidis
1383 2542 1456 2610 ausi
1483 2560 1595 2608 sumus
1623 2537 1787 2608 accedere
1815 2535 1856 2605 ad

486 2663 601 2724 sancta
629 2664 692 2724 tua.
735 2653 786 2723 'lu
814 2658 900 2724 enim
928 2658 1001 2748 ipse
1029 2677 1066 2724 es
1094 2656 1236 2726 Domine
1263 2658 1317 2748 qui
1345 2676 1406 2748 pro
1433 2651 1668 2748 peccatoribus
1696 2656 1856 2723 incarna-

486 2776 539 2840 tus
566 2791 614 2854 es,
643 2779 776 2839 etcum
804 2770 987 2864 publicanis
1016 2780 1247 2856 conversatae,
1276 2772 1410 2840 veniam
1436 2768 1500 2839 illis
1527 2770 1734 2840 concessisti.
1783 2766 1855 2838 Nos

486 2906 617 2986 quoque
632 2884 775 2956 Domine
802 2883 848 2955 illi
875 2908 1000 2973 sumus,
1028 2888 1082 2979 qui
1109 2897 1143 2957 te
1169 2886 1317 2958 confessi
1344 2884 1475 2969 fuimus,
1502 2906 1611 2977 neque
1628 2905 1749 2954 nomen
1766 2892 1857 2951 tuum

485 2997 742 3091 abnegavimus:
770 2991 829 3071 sed
858 3005 933 3096 quia
961 3002 1118 3096 operibns
1140 3004 1263 3072 nostris
1284 3000 1446 3095 deturpati
1474 3021 1599 3085 sumus,
1627 3021 1728 3091 parce
1755 2995 1852 3069 nobis

484 3115 640 3198 obone,
675 3120 816 3207 ignosce
849 3117 995 3191 nobiso
1029 3120 1236 3188 misericors:
1269 3138 1312 3186 ne
1344 3120 1378 3185 in
1411 3113 1596 3207 gebennam
1633 3113 1745 3185 tradas
1778 3135 1854 3199 nos,

483 3253 558 3303 cum
584 3252 706 3326 corpus
736 3241 823 3302 tuum
852 3243 884 3303 et
912 3236 1047 3324 sanguis
1076 3244 1161 3320 tuus,
1190 3234 1222 3301 in
1238 3230 1395 3302 membris
1423 3233 1557 3316 nostrie,
1584 3233 1617 3298 in
1645 3226 1855 3322 corporibuS,

483 3357 518 3418 et
544 3346 717 3419 animabus
743 3352 867 3421 nostris
896 3347 1090 3420 abscondita
1126 3351 1206 3419 sint:
1240 3347 1302 3418 sed
1329 3345 1514 3440 depellatur
1540 3347 1627 3435 ignis
1655 3342 1759 3415 odore
1787 3342 1855 3413 ali-

479 3466 612 3534 moniae
638 3462 724 3534 illius
752 3461 904 3534 deilicae:
934 3462 1236 3535 obtundaturacies
1254 3461 1356 3553 gladii
1378 3460 1556 3543 versatilis,
1584 3483 1604 3529 a
1630 3460 1737 3550 ligura
1764 3460 1854 3527 ima-

481 3581 569 3670 ginis
596 3588 673 3649 tuae
701 3590 850 3664 sanctae,
878 3583 954 3672 quia
981 3579 1039 3651 tibi
1075 3578 1217 3671 gloriam
1243 3576 1431 3666 referimus,
1459 3598 1480 3646 o
1507 3579 1616 3669 pictor
1642 3577 1854 3670 peritissime,
1977 3634 1982 3645 .

480 3704 515 3766 et
546 3694 636 3764 Patri
669 3704 726 3766 tuo
763 3694 872 3787 opifici
914 3692 1114 3784 admirabib‘,
1152 3705 1186 3764 et
1218 3692 1354 3788 Spiritui
1389 3702 1507 3764 sancto
1542 3690 1737 3785 plasmatori
1763 3710 1848 3783 per·
1941 3721 1946 3732 ·

480 3807 584 3898 fecto,
611 3818 674 3879 etc.

584 3923 745 4016 Populos.
798 3927 918 3997 Amen.

586 4040 774 4110 Diaconos.
827 4040 974 4111 BenedIc
1000 4041 1153 4112 Domine.

584 4153 768 4226 Sacerdos.
820 4158 913 4227 Deus
941 4154 1081 4226 benedic
1109 4155 1259 4227 omnibus
1288 4154 1397 4226 nobis.

903 4459 1438 4502 ψ

540 4794 602 4885 m
644 4740 989 4885 urrunomu'
1029 4792 1330 4885 onuoouu
1361 4783 1793 4880 lucumonem

1050 4983 1280 5067 dottt.

568 5224 597 5289 l.
643 5215 755 5293 Aaron
778 5226 866 5303 bujus
888 5224 1053 5307 Liturgiae,
1075 5227 1102 5287 is
1123 5225 1191 5305 ipse
1214 5226 1265 5305 qui
1288 5244 1329 5287 ex
1346 5221 1477 5285 Historia
1492 5219 1702 5302 Dynestiarum
1719 5219 1850 5281 Arabica

479 5335 511 5391 et
538 5327 643 5392 Latine
672 5329 710 5392 ab
738 5329 878 5392 Eduardo
910 5327 1063 5391 Pocockio
1093 5327 1203 5390 Oxonii
1233 5327 1327 5392 1666.
1356 5327 1452 5403 edita,
1484 5325 1657 5386 notissimus
1687 5330 1744 5386 est.
1791 5321 1851 5384 Sed
1949 5410 1955 5420 ³

506 5452 631 5496 remus-n.
1493 5483 1499 5489 .
1599 5427 1648 5500 62
