5150 6534
1196 801 1353 882 4&
2033 850 2037 853 -
2209 787 2934 884 tirune1A

1403 985 1739 1078 Populus.
1836 983 2190 1072 Miserere.

1406 1099 1777 1173 Sacerdos.
1881 1098 2028 1172 Nos
2083 1120 2371 1194 quoque.

1402 1215 1729 1308 Populus.
1833 1212 1937 1285 Te
1986 1212 2355 1287 laudamus.

1405 1331 1785 1401 Diaconus.
1894 1327 2109 1415 Quam
2161 1327 2474 1401 terribilis
2528 1337 2634 1400 est
2682 1326 2855 1400 haec
2905 1327 3093 1402 hora.

1471 1599 1827 1673 Sacerdos
1875 1600 2244 1672 inclinatus
2295 1599 2465 1671 dicit
2513 1599 3029 1673 Invocationem
3080 1600 3387 1695 Spiritum
3434 1602 3690 1678 meh.

1405 1787 1735 1862 Miserere
1786 1790 1946 1875 mei,
1998 1787 2224 1876 Deus,
2275 1788 2477 1860 Pater
2529 1791 2987 1885 omnipotens3
3037 1799 3107 1862 et
3154 1793 3338 1861 mitte
3390 1813 3595 1885 *super
3663 1809 3831 1877 nos,
3887 1797 3951 1861 et

1201 1926 1409 2000 super
1462 1902 1838 1977 oblationes
1890 1906 2058 1976 istas
2112 1906 2529 1998 propositas,
2585 1903 2897 1999 Spiritum
2950 1914 3132 1977 tuum
3186 1917 3522 1993 sfflletum,
3595 1905 3951 1977 Dominum

1200 2029 1270 2091 et
1319 2018 1805 2110 vivificantem,
1858 2016 2162 2109 ejusdem
2214 2016 2433 2090 throni
2485 2029 2867 2091 consortem
2919 2028 3137 2092 tecum
3174 2021 3358 2093 Deus
3413 2021 3651 2105 Pater,
3707 2017 3947 2089 simul-

1200 2155 1330 2227 que
1381 2140 1805 2226 regnantem:
1859 2134 1972 2227 qui
2025 2132 2180 2205 olim
2231 2131 2494 2205 locutus
2549 2142 2656 2205 est
2703 2156 2828 2232 per
2880 2155 3003 2208 eos
3058 2137 3166 2230 qui
3222 2133 3595 2205 dilexerunt
3667 2145 3763 2221 te,
3835 2133 3947 2201 (fi...

1198 2251 1430 2341 rigens
1486 2269 1610 2321 eos
1664 2247 1749 2319 ad
1802 2250 2193 2320 veritatem:
2247 2251 2396 2344 ipse
2449 2248 2749 2321 similiter
2801 2241 3094 2342 veniat,
3123 2261 3190 2321 et
3242 2249 3611 2321 sanctificet
3647 2245 3947 2321 oblatiu-

1195 2384 1319 2436 nes
1372 2366 1536 2436 istas
1587 2367 1993 2459 propositas.

1404 2478 1705 2549 Etlevam
1768 2500 2020 2550 vocem.
2124 2477 2391 2550 Exaudi
2444 2502 2550 2551 me
2604 2479 2912 2551 Domine.

1402 2592 1724 2686 Populus.
1829 2592 2045 2689 Kyrie
2098 2591 2379 2666 eleison.

1401 2705 1772 2779 Sacerdos.
1886 2707 1974 2779 Ut
2047 2706 2327 2781 illabens
2406 2706 2614 2782 faciat
2689 2731 2931 2805 panem
3013 2706 3275 2803 quidem
3358 2707 3586 2810 istum,
3676 2703 3950 2805 Corpus
4060 2794 4071 2799 ⁴

1199 2819 1444 2894 Christi
1495 2824 1625 2895 Dei
1678 2825 1910 2898 nostri.

1408 2938 1736 3032 Populus.
1840 2939 2082 3013 Amen.

1402 3051 1772 3125 Sacerdos.
1876 3050 1966 3124 Et
2017 3054 2279 3125 mistum
2334 3052 2514 3149 quod
2565 3064 2672 3128 est
2720 3057 2790 3126 in
2839 3054 2968 3127 hoc
3023 3051 3257 3142 calice,
3312 3052 3517 3125 faciat
3550 3054 3995 3162 εαιιξιιίιιοιιι’

1200 3165 1447 3241 Christi
1497 3169 1627 3240 Dei
1678 3171 1911 3242 nostri.

1402 3283 1727 3376 Populus.
1833 3286 2079 3357 Amen.

1401 3398 1769 3495 Sacerdos.
1875 3398 2092 3474 Nobis
2147 3407 2400 3487 autem,
2457 3408 2525 3470 et
2579 3396 2882 3473 omnihus
2936 3401 3049 3493 qui
3102 3420 3185 3469 ea
3210 3399 3632 3493 suscepturi,
3683 3394 3960 3491 illisque

1192 3516 1734 3585 communicaturi
1789 3536 2046 3602 sumus,
2100 3513 2259 3586 fiant
2310 3513 2397 3584 ad
2448 3517 2865 3587 sanctitatem
2918 3517 3182 3585 animae
3234 3515 3722 3609 puritatemque
3777 3533 3955 3598 cor-

1188 3629 1409 3722 poris:
1463 3630 1955 3701 mundationem
2008 3632 2522 3722 cogitationum,
2576 3638 2646 3701 et
2698 3629 3220 3725 purificationem
3275 3630 3551 3715 mentiS,
3605 3625 3691 3698 ad
3725 3648 3960 3721 prae—,

1191 3746 1643 3816 servationem
1663 3799 1684 3834 ,
1739 3756 1805 3816 et
1858 3744 2184 3818 cautelam
2239 3768 2278 3816 a
2333 3744 2509 3817 malo
2562 3746 2983 3839 pernicios03
3039 3743 3124 3815 ad
3160 3744 3667 3816 excusationem
3713 3762 3960 3844 coram

1190 3867 1290 3929 te:
1347 3871 1415 3931 et
1466 3859 1550 3929 ad
1606 3855 1906 3932 standum
1973 3860 2057 3931 ad
2122 3860 2468 3931 dexteram
2531 3869 2752 3948 tuam3
2820 3864 2972 3954 quia
3045 3870 3113 3931 tu
3178 3857 3573 3932 benedictus
3639 3876 3717 3928 es
3789 3857 3956 3933 Do—

1192 3976 1400 4064 mine,
1454 3997 1603 4046 cum
1655 3979 1999 4069 unigenito
2052 3975 2226 4050 Filio
2282 3985 2427 4063 tuo,
2484 3986 2553 4046 et
2606 3974 2854 4070 Spiritu
2906 3986 3020 4047 tuo
3089 3982 3361 4064 sancto,
3412 3994 3625 4063 nunc,
3678 3980 3816 4043 etc.

1398 4090 1721 4183 Populus.
1828 4092 2069 4163 Amen.

1395 4206 1747 4279 Sacerdos
1798 4208 2184 4279 inclinatus.
2277 4206 2538 4278 Idcirco
2596 4206 2933 4277 offerimus
2987 4204 3104 4278 tihi
3158 4204 3554 4277 sacrificium
3604 4200 3739 4274 hoc
3794 4201 3953 4297 spi÷

1191 4320 1430 4392 rituale
1481 4325 1933 4410 incruentum,
1985 4344 2111 4417 pro
2165 4321 2473 4395 Ecclesia
2527 4332 2640 4394 tua
2696 4331 2927 4394 sancta
2980 4332 3049 4392 et
3102 4317 3526 4392 orthodoxa:
3581 4338 3709 4414 pro
3766 4337 3955 4399 con-—

1192 4439 1581 4509 servatione
1629 4439 1984 4511 Pastorum
2037 4458 2380 4528 verorum,
2436 4440 2546 4530 qui
2599 4436 2919 4527 religiose
2972 4434 3358 4529 dispensant
3406 4431 3603 4507 nobis
3654 4428 3956 4513 verbum

1192 4554 1525 4624 veritatis.
1591 4575 1717 4647 pro
1789 4563 1966 4625 statu
2030 4556 2143 4648 pio
2215 4552 2493 4624 filiorum
2566 4554 2713 4644 ejus
2785 4562 2853 4622 et
2922 4554 3123 4624 totius
3180 4547 3361 4621 Cleri
3412 4547 3755 4642 religiosi.
3819 4568 3956 4643 pro

1114 4762 1134 4768 ο
1190 4689 1363 4761 pace
1413 4667 1658 4756 mundi,
1713 4680 1781 4741 et
1832 4667 2161 4740 bellorum
2214 4670 2625 4740 cessatione:
2678 4689 2804 4763 pro
2858 4665 3164 4759 Regibus
3216 4661 3539 4750 fidelihus,
3593 4672 3664 4735 et
3708 4682 3956 4762 eorum

1190 4785 1300 4876 qui
1354 4781 1578 4854 hostili
1632 4787 1852 4856 animo
1909 4794 2082 4874 sunt,
2136 4783 2631 4855 conciliatione.
2686 4803 2810 4877 pro
2863 4781 2990 4853 illis
3044 4783 3157 4876 qui
3207 4783 3274 4852 in
3328 4776 3717 4851 carceribus
3768 4766 3954 4865 sunt,

1189 4898 1258 4966 in
1313 4898 1629 4969 custodiis
1686 4911 1799 4971 aut
1850 4900 1918 4969 in
1973 4898 2213 4971 exilio:
2266 4921 2391 4995 pro
2436 4899 2565 4971 illis
2604 4902 2714 4992 qui
2755 4900 3075 4970 invocant
3107 4916 3354 4969 nomen
3395 4905 3577 4967 tuum
3615 4901 3956 4983 sanctum,

1190 5020 1258 5082 et
1310 5011 1623 5084 auxilium
1680 5036 1721 5085 a
1774 5025 1841 5085 te
1896 5024 2277 5108 expectant.

1394 5127 1696 5197 Elevans
1745 5150 1998 5199 vocem.
2106 5129 2213 5200 Da
2276 5138 2344 5199 et
2408 5127 2707 5201 concede
2773 5149 2896 5223 per
2952 5127 3417 5200 miserationes
3470 5133 3620 5195 tuas
3671 5119 3959 5211 multaS,

1181 5236 1498 5334 Domine,
1550 5265 1791 5338 pacem
1845 5265 2151 5316 securam
2177 5242 2530 5318 Ecclesiae
2585 5254 2739 5315 tuae
2792 5254 3068 5316 sanctae
3103 5252 3170 5315 et
3206 5237 3679 5313 orthodoxae:
3729 5239 3963 5330 justi-2
