5150 6534
597 880 672 959 146
925 947 934 966 .
1098 881 1461 958 bll'lllllllb

698 1068 860 1162 Populus.
915 1066 1051 1141 Omnes.

698 1183 887 1254 Diaconos.
939 1181 1031 1254 Post

698 1299 884 1370 Sacerdos.
935 1296 1184 1370 inclinationem
1217 1295 1377 1369 collorum
1409 1306 1601 1388 nostrorum
1635 1297 1693 1370 tibi
1725 1307 1761 1372 et
1791 1319 1909 1372 euram
1936 1309 1975 1373 te

594 1415 780 1505 oderimus,
813 1423 849 1484 ut
882 1414 1102 1509 percipiamus
1133 1435 1153 1484 a
1185 1422 1219 1483 te
1245 1410 1529 1504 benedictionem,
1560 1435 1647 1508 quae
1678 1423 1882 1510 praeparatu
1916 1423 1976 1488 est

593 1528 769 1603 humilibus
795 1527 914 1616 corde,
950 1531 1026 1622 quia
1053 1538 1087 1600 tu
1114 1550 1153 1601 es
1176 1527 1283 1620 judex
1310 1531 1566 1620 cogitationum,
1601 1536 1636 1600 et
1670 1539 1835 1602 scrutator
1865 1551 1976 1602 men-

592 1649 672 1718 tium
699 1648 853 1731 Domine,
880 1654 915 1716 et
940 1643 999 1714 tibi
1026 1641 1167 1735 gloriam
1193 1641 1388 1733 referimus,
1420 1653 1454 1714 et
1487 1645 1660 1735 unigenito
1691 1641 1779 1716 Filio
1807 1653 1877 1736 tuo,
1904 1653 1975 1718 ete.

701 1759 863 1853 Papulas.
915 1760 1034 1835 Amen.
1738 1797 1742 1809 ·

700 1874 886 1946 Sacerdos.
941 1874 1027 1961 Quia
1060 1895 1122 1970 per
1162 1870 1396 1945 abundantiam
1436 1873 1547 1946 divitis
1589 1873 1839 1949 misericordiae
1878 1885 1977 1966 tuae,

597 1994 691 2065 Deus
718 1985 831 2076 Pater,
858 1987 900 2060 ad
928 1987 1068 2061 salutem
1094 1999 1241 2061 nostram
1269 1991 1386 2061 misisti
1412 1988 1513 2061 filium
1533 2000 1634 2077 tuum,
1660 1997 1697 2060 ut
1722 2011 1799 2062 eum
1825 1993 1881 2086 qni
1906 2013 1977 2063 er-

599 2128 679 2178 rore
705 2109 838 2202 peccati
864 2103 1021 2177 seductus
1047 2103 1156 2176 luerat
1181 2104 1354 2177 voluntate
1380 2125 1450 2195 sua,
1478 2103 1674 2178 deduceret:
1708 2115 1743 2177 et
1766 2104 1927 2180 liberaret
1955 2129 1979 2180 a

596 2220 700 2295 lovea
733 2222 850 2292 mortis
884 2229 918 2291 et
950 2219 1117 2292 Satanae:
1154 2230 1188 2292 et
1219 2223 1293 2315 ipse
1328 2241 1391 2315 per
1417 2242 1456 2292 se
1491 2224 1599 2315 ipsum
1633 2223 1866 2316 purgationem
1891 2220 1979 2294 feeit

594 2335 711 2432 leprae
737 2335 839 2409 illius:
871 2346 906 2407 ιιι
941 2339 1119 2407 etianmum
1152 2335 1298 2408 Domine
1336 2336 1482 2408 illumina
1515 2334 1642 2408 vultum
1669 2338 1777 2423 ιιιιιιιι,
1817 2346 1851 2408 et
1883 2334 1979 2410 salvi

596 2452 773 2523 efficiamur
800 2450 864 2523 boc
890 2460 1060 2544 tempore,
1087 2471 1152 2543 quo
1187 2450 1284 2525 simul
1316 2471 1392 2522 cum
1417 2453 1586 2546 mysteriis
1612 2452 1684 2522 istis
1712 2452 1855 2538 sanctis,
1883 2471 1978 2545 quae

593 2566 654 2639 tibi
681 2566 873 2651 ollemntur,
901 2565 1154 2658 deprecationes
1181 2575 1314 2637 nostras
1340 2565 1398 2637 tibi
1418 2565 1598 2654 ollerimns,
1625 2576 1661 2638 ιιι
1685 2563 1784 2636 uobis
1808 2584 1878 2635 uon
1903 2565 1977 2637 sint

595 2686 629 2753 in
656 2682 978 2772 condemnationem,
1003 2703 1113 2775 neque
1139 2683 1173 2753 in
1200 2691 1348 2770 reatum,
1382 2680 1443 2755 sed
1475 2685 1507 2755 in
1542 2679 1654 2753 cordis
1680 2677 1978 2770 confortationem,

595 2808 630 2869 et
656 2800 885 2892 aspersionem
913 2797 1139 2869 conscientiae
1166 2796 1326 2886 mundae,
1354 2807 1389 2868 et
1415 2795 1456 2869 ad
1471 2798 1702 2869 remissionem
1729 2795 1875 2869 omnium
1900 2793 1995 2866 ini-'

596 2915 752 3007 quimtum
780 2921 986 2983 nostrarum:
1019 2933 1081 3006 per
1113 2934 1263 2985 amorem
1298 2934 1382 3004 erga
1416 2909 1568 2983 homiues
1603 2920 1713 3000 ιιιιιιιι,
1746 2921 1781 2983 et
1812 2910 1979 3002 unigeniti

594 3030 641 3098 tui
669 3029 724 3121 qui
750 3026 791 3099 ab
819 3034 958 3098 aeterno
986 3049 1007 3097 a
1032 3035 1067 3097 te
1092 3031 1223 3118 genitus
1251 3039 1316 3117 est,
1343 3026 1732 3122 SpiritusqueParaoliti,
1757 3023 1977 3120 vivificantis,

595 3139 722 3237 tibique
749 3139 972 3214 connaturalis
1000 3151 1035 3213 et
1060 3142 1365 3232 consubstantialis,
1391 3165 1491 3234 nunc,
1518 3152 1580 3214 ete.

701 3256 864 3350 Populos.
916 3256 1036 3329 Amen.

699 3372 887 3443 Diacoaas.
942 3371 1088 3445 Stemus.
1159 3425 1162 3429 ,

700 3487 885 3558 Sacerdos.
941 3484 1072 3560 Caritas
1099 3488 1163 3559 Dei
1190 3487 1310 3575 Patris,
1338 3496 1400 3558 etc.

699 3602 861 3696 Populus.
913 3597 958 3671 m
984 3624 1059 3672 cnm
1085 3603 1202 3697 spiritu
1229 3611 1294 3673 tuo.

699 3716 884 3788 Sacerdos.
939 3716 1077 3788 Sursum
1105 3717 1219 3789 eorda.

701 3830 864 3924 Populea
918 3830 1087 3903 Habemus
1114 3831 1158 3903 ad
1185 3831 1372 3903 Dominum.

699 3946 883 4021 Sacerdos.
937 3947 1070 4018 Gratias
1099 3968 1238 4038 agamus
1265 3945 1418 4019 Domino.

616 4148 623 4155 ,
699 4062 860 4154 Papulas.
912 4063 1058 4152 Dignum
1085 4073 1120 4133 et
1143 4065 1266 4153 justum
1294 4072 1353 4134 est.

700 4178 875 4249 Sacerdos
901 4178 1093 4249 inclinatas.
1147 4176 1238 4248 Vere
1265 4176 1400 4269 dignum
1435 4186 1469 4248 et
1496 4178 1620 4267 justum
1647 4183 1701 4244 est
1725 4181 1762 4244 nt
1797 4179 1831 4244 te
1856 4169 1977 4264 glori-

595 4292 751 4380 licemus,
779 4303 811 4363 te
838 4291 1034 4379 adoremus,
1068 4300 1102 4362 te
1127 4291 1318 4381 laudemus,
1352 4300 1385 4363 te
1419 4291 1605 4363 exaltemus
1638 4287 1792 4383 opilicem
1825 4287 1976 4359 omnium

597 4416 822 4478 creaturarum
849 4407 1027 4480 visibilium
1054 4416 1088 4477 et
1110 4406 1339 4496 invisibilium,
1366 4406 1409 4478 ab
1436 4406 1500 4478 illis
1528 4408 1615 4477 enim
1640 4424 1747 4477 voces
1779 4399 1888 4473 laudis
1916 4397 1978 4472 tibi

597 4521 786 4594 offeruntur.

701 4637 852 4708 Eleeaas
877 4659 1003 4708 uocem.
1058 4637 1249 4710 Glorilicant
1274 4647 1308 4708 te
1334 4638 1479 4710 Domine
1506 4637 1639 4708 ordines
1665 4630 1889 4727 Angelorum,
1915 4629 1978 4702 le-

595 4756 715 4844 giones
741 4752 1042 4845 Archangelorum,
1069 4765 1227 4825 catervae
1254 4755 1411 4824 virtutum
1437 4749 1720 4839 immaterialium,
1756 4771 1843 4844 qnae
1867 4747 1979 4822 inde-

596 4871 743 4939 sinenter
770 4867 934 4939 extoDunt
960 4891 1067 4940 voces
1090 4868 1271 4959 jubilorum
1298 4867 1425 4962 absque
1452 4871 1671 4955 reversione,
1708 4886 1783 4937 cum
1810 4863 1980 4940 effudens

597 4984 770 5071 scientiae,
804 4993 839 5054 et
865 4986 1002 5071 timore,
1039 4992 1072 5053 et
1104 5005 1178 5053 oum
1212 4987 1393 5080 sapientia,
1428 4986 1533 5055 variis
1564 4980 1881 5056 sanctificationibus
1909 4979 1974 5052 di-

596 5098 726 5185 stincta,
754 5096 916 5169 extollunt
941 5117 1061 5185 voces,
1088 5095 1242 5189 clamant,
1269 5098 1496 5171 vociferantur
1523 5109 1558 5170 et
1583 5098 1704 5172 dcent

700 5210 861 5302 Populus.
914 5212 1068 5284 Sanctus.
