5150 6534
939 839 1571 958 striculi-enutri.
1863 839 1942 912 217

565 1030 724 1123 judicium
751 1029 937 1116 nobiscum,
964 1049 1030 1097 nou
1057 1026 1200 1097 reducas
1227 1028 1261 1096 in
1279 1028 1473 1097 memoriam
1486 1027 1673 1118 iniquitates
1700 1035 1847 1113 nostras,
1874 1049 1942 1098 nou

570 1145 613 1217 ad
646 1168 790 1217 examen
817 1148 986 1230 strictum,
1019 1157 1127 1214 voces
1155 1163 1218 1212 uos
1246 1154 1279 1213 et
1319 1144 1517 1213 constituas:
1553 1163 1596 1210 ue
1631 1143 1732 1212 simus
1769 1141 1887 1215 exules
1922 1167 1942 1213 a

569 1263 677 1352 gotia
704 1272 772 1347 tua,
799 1282 907 1353 neque
935 1257 1032 1329 alieni
1060 1251 1101 1327 ab
1129 1255 1332 1328 haereditate
1359 1267 1431 1328 tua:
1465 1279 1508 1326 ne
1535 1255 1614 1326 diris
1641 1256 1839 1327 cmciatibus
1865 1269 1942 1329 tra-

570 1374 697 1464 damur,
722 1391 791 1446 nou
820 1375 860 1445 ad
888 1394 1038 1445 vermem
1073 1371 1248 1443 rodentem
1281 1371 1499 1466 praecordia‚
1535 1393 1609 1442 cum
1644 1375 1752 1467 impiis
1784 1373 1942 1445 amandes

568 1480 650 1578 uos3
685 1512 752 1561 uon
779 1493 813 1559 iu
839 1497 936 1585 parte
969 1510 1085 1559 eorum
1112 1490 1168 1580 qui
1200 1497 1234 1557 te
1268 1487 1504 1558 crucifixerunt
1530 1509 1746 1559 censeamur:
1774 1511 1840 1560 non
1868 1512 1943 1560 cum

569 1608 678 1699 impiis
706 1613 905 1692 statuemur:
932 1625 1001 1675 nou
1027 1604 1208 1697 participes
1236 1603 1420 1695 iniquorum
1455 1605 1573 1674 simus:
1610 1625 1677 1673 non
1712 1607 1744 1673 in
1781 1603 1942 1700 supplicia

570 1729 603 1791 et
630 1719 792 1792 stridores
820 1718 964 1789 dentium
991 1719 1223 1813 projiciamur:
1256 1739 1324 1788 non
1358 1716 1508 1808 abneges
1535 1739 1618 1806 nos,
1653 1718 1758 1789 veluti
1793 1742 1854 1791 eos
1888 1725 1943 1815 qui

569 1845 604 1905 te
630 1857 696 1906 non
723 1845 904 1905 noverunt:
932 1855 1040 1926 neque
1067 1831 1188 1927 perdas
1215 1854 1278 1903 nos
1306 1831 1402 1903 simul
1429 1832 1593 1905 cumillis
1628 1836 1684 1926 qui
1719 1845 1752 1905 te
1785 1857 1851 1906 uon
1885 1835 1944 1905 di-

568 1949 732 2020 lexerunt.
785 1949 912 2020 Verum
945 1946 1141 2018 illucescere
1179 1946 1284 2019 uobis.
1310 1945 1365 2018 lac
1399 1946 1539 2018 salutem
1572 1957 1678 2040 tuam;
1711 1971 1813 2044 parce
1845 1950 1944 2022 nobis

572 2064 752 2136 secuudum
781 2086 929 2134 amorem
956 2073 1046 2133 tuum
1074 2083 1156 2153 erga
1182 2062 1343 2133 homiues.
1386 2063 1479 2133 Mitte
1506 2060 1603 2134 nobis
1632 2063 1763 2134 divitius
1790 2064 1944 2166 clemen-

570 2182 753 2269 duetore,
780 2189 888 2250 statue
914 2199 976 2249 nos
1005 2176 1046 2248 ad
1074 2177 1247 2248 dexterum
1273 2187 1383 2264 tuam3
1418 2168 1584 2248 memento
1621 2183 1764 2250 omnium
1796 2193 1942 2254 nostrum

569 2316 632 2390 per
659 2293 926 2365 misericordiam
961 2303 1067 2363 tuam:
1101 2292 1197 2365 salva
1231 2315 1294 2365 uos
1329 2292 1509 2364 secundum
1543 2293 1779 2366 multitudinem
1813 2301 1943 2387 gratim

570 2420 664 2497 tuae,
701 2417 735 2479 et
761 2408 883 2500 adjuva
910 2430 972 2479 nos
1000 2430 1060 2502 per
1087 2408 1294 2479 clementiam
1323 2418 1419 2479 tuam.
1472 2407 1630 2500 Adjunge
1657 2429 1720 2482 nos
1749 2415 1848 2502 gregi
1874 2422 1942 2499 tuo,

570 2533 604 2594 et
628 2546 765 2596 numera
792 2546 855 2595 nos
882 2527 968 2595 inter
995 2522 1129 2594 ordines
1157 2523 1351 2595 dilectorum
1371 2535 1512 2612 tuorum,
1537 2524 1592 2595 lac
1609 2547 1672 2596 nos
1700 2526 1820 2618 dignos
1836 2550 1943 2619 regno

570 2648 637 2724 nro,
667 2651 700 2710 et
726 2638 824 2710 induc
851 2661 914 2711 nos
941 2643 974 2709 iu
1000 2636 1178 2710 thalamum
1204 2649 1303 2711 tuum.
1356 2638 1400 2709 Et
1425 2648 1563 2734 propter
1597 2638 1681 2711 haee
1708 2639 1860 2715 Ecclesia
1886 2651 1942 2714 tua

571 2763 604 2824 et
630 2775 718 2845 grex
744 2764 819 2826 tuus
848 2754 1046 2849 deprecatur
1073 2762 1118 2841 te,
1145 2763 1179 2824 et
1205 2776 1265 2849 per
1293 2764 1325 2825 te
1352 2764 1385 2824 et
1412 2764 1518 2825 tecum
1534 2755 1666 2825 Patrem
1689 2763 1791 2846 tuum,
1818 2757 1944 2834 dicens.

674 2868 837 2960 Populus.
889 2868 1063 2940 Miserere.

674 2984 858 3056 Sacerdos.
911 2983 984 3055 Nos
1013 3005 1157 3076 quoque,
1184 2991 1247 3054 ete.

673 3099 834 3192 Populus.
888 3099 940 3170 'l'e
966 3098 1202 3190 glorificamus.
1368 3086 1371 3093 ’

675 3215 863 3285 Diaconos.
919 3214 1026 3298 Quam
1054 3211 1197 3283 timenda
1226 3222 1278 3284 est
1304 3210 1389 3284 haec
1415 3212 1508 3301 horu,
1525 3218 1599 3285 etc.

675 3330 851 3401 Sacerdos
878 3331 964 3401 dicit
990 3330 1244 3400 devocationem
1269 3327 1422 3421 Spiritus
1447 3333 1567 3400 sancti.

673 3446 838 3517 Miserere
864 3444 962 3517 uobis
990 3445 1082 3516 Deus
1109 3446 1209 3516 Pater
1237 3448 1460 3538 omnipotens,
1488 3455 1522 3515 et
1536 3447 1628 3516 mitte
1652 3468 1753 3539 super
1779 3469 1841 3519 uos
1857 3446 1943 3543 Spi-

574 3565 671 3633 ritum
698 3569 787 3632 tuum
815 3571 961 3633 sanctum
991 3564 1045 3654 qui
1073 3562 1182 3631 omnin
1210 3559 1329 3654 replet
1355 3560 1514 3653 Deusque
1542 3571 1592 3630 est
1619 3582 1720 3656 super
1747 3563 1868 3661 omnia,
1893 3565 1943 3632 ti-

569 3677 671 3771 bique
703 3675 992 3748 consubstautialis
1027 3684 1060 3745 et
1095 3677 1264 3764 unigenito
1300 3672 1384 3746 Filio
1419 3684 1492 3761 tuo;
1527 3677 1581 3768 qui
1613 3678 1700 3745 omni
1739 3675 1821 3754 hora
1844 3658 1943 3749 ‘dona

571 3790 751 3879 distribuit3
779 3791 961 3885 dividitque
989 3800 1022 3860 et
1049 3789 1107 3865 dat
1131 3788 1289 3878 singulis,
1322 3799 1421 3883 prout
1452 3789 1538 3861 vult:
1576 3794 1631 3884 qui
1658 3789 1810 3862 omuibus
1837 3814 1944 3886 prae-

572 3928 651 3979 sens
680 3918 743 3996 est,
772 3929 879 4000 neque
905 3906 982 3977 loco
1011 3903 1307 3991 circumscribitur,
1340 3908 1394 3997 qui
1421 3908 1522 3976 vitam
1557 3909 1702 3976 continet
1738 3928 1851 3977 eorum
1888 3910 1944 4000 qui

571 4026 703 4111 vivunt,
730 4032 764 4092 et
789 4019 960 4115 perfector
988 4021 1168 4091 sanctitatis
1196 4027 1387 4089 sanctornm
1414 4031 1481 4091 est:
1517 4029 1553 4090 ut
1579 4020 1696 4115 illapsu
1724 4042 1785 4091 suo
1812 4024 1944 4092 sancti-

570 4137 674 4209 liouns
706 4140 866 4232 mysteria
893 4120 976 4207 baec
1003 4158 1105 4231 pure,
1133 4156 1187 4205 me
1221 4155 1354 4227 quoque
1388 4156 1407 4204 a
1443 4132 1597 4206 sordibus
1629 4135 1781 4206 mundum
1816 4137 1943 4207 efficiat.

674 4252 858 4323 Sacerdos.
911 4251 1043 4323 Exaudi
1070 4272 1124 4320 me
1150 4250 1304 4319 Domine.

674 4368 835 4459 Populus.
888 4366 992 4461 llyrie
1020 4365 1165 4451 eleison,
1192 4363 1299 4458 llprle
1326 4362 1465 4450 eleison,
1493 4362 1598 4459 Kyrie
1625 4365 1763 4437 eleison.

656 4482 852 4554 Sacerdos
878 4483 1015 4552 eternus
1041 4475 1165 4551 nocem.
1219 4479 1361 4573 Ipseque
1388 4477 1525 4573 illapsus
1552 4492 1585 4551 et
1612 4483 1839 4573 sanctificans,
1867 4484 1943 4555 effi-

571 4600 636 4669 ciat
660 4620 781 4691 panem
810 4597 939 4691 quidem
967 4599 1074 4682 istum,
1103 4593 1223 4687 corpus
1251 4604 1401 4664 sanctum
1428 4603 1461 4664 et
1477 4595 1705 4685 sanctificaus3
1734 4620 1856 4693 corpus
1874 4622 1943 4692 pu·
2026 4622 2027 4625 ’

571 4711 727 4802 rilicaus„
749 4723 783 4784 et
825 4713 1106 4807 propitiatorium3
1146 4730 1269 4803 corpus
1312 4708 1440 4780 donans
1476 4712 1773 4805 incorruptionem:
1819 4735 1942 4807 corpus

571 4827 705 4900 Domini
730 4828 795 4898 Dei
823 4838 856 4899 et
882 4828 1068 4898 Salvatoris
1095 4825 1201 4896 nostri
1227 4823 1311 4895 Jesu
1340 4823 1481 4913 curisti,
1513 4825 1555 4896 ad
1590 4830 1821 4900 remissionem
1854 4851 1942 4923 pec-

571 4953 722 5014 catorum
749 4954 783 5013 et
808 4945 911 5014 vitam
939 4951 1109 5012 aeternam
1136 4941 1392 5032 suscipientium.

676 5057 836 5150 Populus.
889 5058 1008 5130 Amen.

677 5171 862 5244 Sacerdos.
915 5172 959 5242 Et
984 5171 1122 5241 calicem
1148 5167 1255 5261 bunc,
1288 5169 1407 5242 efficiat
1440 5172 1636 5261 sanguinem
1671 5175 1786 5243 vivum
1818 5183 1852 5245 et
1882 5178 1944 5245 vi-
2074 5174 2078 5178 ’

573 5285 722 5376 vilicum,
751 5289 945 5379 sanguinem
967 5309 1086 5382 purum
1103 5296 1137 5357 et
1153 5296 1316 5377 sanctum,
1343 5288 1539 5378 sauguinem
1557 5285 1781 5380 purificantem
1798 5300 1832 5362 et
1858 5313 1945 5366 sau·
