5150 6534
1192 801 1352 878 334
2197 801 2921 880 LITURGIA

1194 988 2520 1085 quaeperbo-'tatemmamcreasti‚
2586 989 2828 1077 Pater,
2890 987 3052 1075 Fili,
3114 984 3520 1083 etSpiritns
3582 992 3936 1060 semein

1401 1221 2018 1293 namnam.
2150 1219 2793 1292 lliseeetiamnum
2857 1218 3935 1317 Dominehymnosetlndoe

1192 1337 1623 1431 imperfectas
1672 1348 1964 1424 nostras,
2016 1359 2165 1408 cum
2218 1335 2522 1409 laudibus
2574 1335 2867 1427 Vigilum
2928 1329 2959 1368 ²
3011 1345 3080 1438 et
3123 1336 3545 1428 Angelorum
3594 1340 3710 1432 qui
3757 1360 3935 1433 per-

1191 1460 1397 1545 petuo
1456 1452 1834 1545 glorificant
1895 1462 1999 1539 te,
2064 1462 2133 1523 et
2188 1456 2401 1544 junge
2465 1462 2739 1540 cannis,
2807 1461 2877 1522 et
2937 1450 3236 1547 psalmos
3295 1462 3568 1525 nostros
3628 1452 3931 1526 imbelles

1192 1590 1344 1638 cum
1394 1568 1700 1641 cantibus
1751 1569 1880 1641 illis
1930 1572 2349 1641 suavissimis
2402 1573 2754 1662 igneorum
2805 1578 2875 1639 et
2925 1566 3354 1664 spiritualium
3415 1568 3758 1659 ordinum,
3822 1576 3933 1666 qui

1195 1683 1642 1756 indesinenter
1689 1684 1958 1758 laudant
2010 1696 2118 1774 te;
2168 1685 2493 1780 simulque
2534 1689 2749 1778 junge
2800 1696 3037 1757 cantus
3083 1687 3407 1756 insuaves
3455 1694 3730 1759 nostros
3780 1710 3933 1761 omn

1193 1798 1496 1873 cantibus
1539 1800 1907 1895 praeclaris
1935 1800 2316 1888 Cherubim,
2370 1805 2478 1896 qui
2522 1824 2672 1873 cum
2708 1804 2945 1874 timore
2979 1800 3377 1873 benedicunt
3417 1799 3561 1889 tibi,
3611 1811 3686 1874 et
3717 1824 3930 1877 voees

1198 1926 1430 1987 tenues
1481 1917 2076 1991 sanctificationum
2125 1929 2499 1990 nostrarum
2517 1970 2538 2005 ,
2610 1940 2761 1989 cum
2822 1916 3448 1990 sanctificationibus
3512 1921 3931 1992 suavissimis

1191 2029 1540 2125 Serapln‘m
1605 2055 1737 2104 sex
1800 2034 1943 2105 alas
2007 2033 2418 2106 habentium:
2485 2036 2596 2127 qui
2661 2044 2768 2105 ter
2830 2032 3242 2105 sanctificant
3307 2043 3411 2120 te,
3480 2031 3738 2106 duabus
3805 2034 3929 2107 alis

1196 2155 1503 2236 tegentes
1551 2147 1766 2221 facies
1817 2171 2002 2238 suas,
2053 2160 2329 2245 propter
2381 2158 2728 2244 aspectum
2762 2147 3123 2220 terribilem
3155 2157 3368 2221 tuum:
3421 2146 3680 2222 duabus
3708 2161 3927 2224 autem

1190 2271 1500 2354 tegentes
1551 2265 1762 2361 pedes
1813 2289 1975 2339 suos
2028 2265 2113 2338 ab
2168 2266 2412 2338 ardore
2464 2274 2612 2337 tuo:
2669 2265 2925 2337 duabus
2979 2274 3199 2336 autem
3250 2263 3484 2336 volant
3535 2264 3622 2337 ad
3666 2266 3927 2339 alteru-

1190 2387 1402 2467 trum,
1451 2401 1632 2453 vooe
1681 2404 1929 2475 magna
1981 2383 2345 2480 clamantes
2401 2393 2468 2454 et
2520 2382 2838 2452 dicentes.

1400 2495 1728 2589 Populus.
1833 2498 2139 2571 Sanctus.
3145 2560 3158 2567 ,

1396 2610 1749 2685 Sacerdos
1813 2615 2196 2686 inclinatus.
2303 2616 2590 2688 Sanctus
2606 2668 2630 2702 ,
2706 2615 2993 2685 Sanctus
3007 2665 3033 2697 ,
3100 2612 3388 2685 Sanctus
3456 2634 3572 2704 es,
3639 2614 3928 2687 Domine

1193 2726 1592 2800 Sanctorum
1611 2783 1634 2818 ,
1701 2729 1889 2803 Deus
1958 2732 2186 2803 Pater:
2266 2734 2377 2825 qui
2446 2734 2682 2802 misisti
2747 2729 2831 2799 ad
2895 2751 3023 2801 nos
3087 2728 3510 2801 Salvatorem
3566 2730 3925 2801 Dominum

1192 2841 1555 2931 Christum,
1611 2848 1723 2940 qui
1774 2868 1814 2916 a
1867 2856 1935 2917 te
1987 2851 2251 2937 genitus
2307 2857 2412 2918 est
2463 2844 2547 2919 ab
2604 2855 2918 2933 aeterno,
2969 2867 3105 2917 non
3159 2846 3645 2939 temporaliter-,⁶
3686 2855 3759 2917 et
3789 2868 3925 2918 na-

1189 2967 1295 3027 tus
1347 2970 1454 3030 est
1503 2982 1596 3030 ex
1643 2960 1941 3057 Deipara
1991 2962 2272 3055 Virgine
2335 2962 2591 3050 Maria,
2652 2965 3000 3034 nativitate
3063 2959 3382 3051 bumana,
3447 2960 3635 3035 Deus
3700 2973 3925 3035 tamen

1187 3095 1588 3167 permanens
1644 3075 1901 3171 absque
1949 3081 2343 3164 mutatione,
2399 3077 2762 3151 secuudum
2817 3087 3160 3164 naturam,
3214 3087 3325 3148 aut
3375 3099 3758 3172 personam.

1394 3190 1696 3265 Ηεοαω
1744 3216 1995 3264 vocem.
2103 3194 2233 3281 Qui
2283 3216 2433 3265 cum
2486 3192 2884 3288 perfecisset
2904 3203 3110 3264 totam
3152 3191 3709 3287 dispensationem
3737 3216 3924 3266 suam

1188 3305 1584 3395 salutarem,
1659 3330 1861 3403 supra
1927 3308 2255 3381 humanae
2323 3318 2601 3379 naturae
2654 3308 3135 3394 conditionem,
3208 3319 3482 3405 propter
3538 3331 3709 3396 nos,
3777 3313 3926 3405 ipse

1188 3422 1489 3495 Verbum
1538 3423 1758 3513 Deus,
1813 3427 2235 3515 incarnatus,
2287 3447 2582 3519 vespere
2638 3424 2751 3495 illo
2817 3447 2948 3519 quo
3013 3409 3298 3495 futurum
3366 3435 3512 3497 erat
3579 3436 3651 3499 ut
3716 3437 3926 3520 pate-

1188 3549 1373 3609 retur
1435 3539 1847 3632 voluntarie,
1901 3546 2161 3638 accepit
2209 3563 2447 3637 panem
2510 3534 2540 3575 ³
2595 3563 3007 3612 communem
3059 3545 3128 3613 in
3178 3563 3409 3613 manus
3443 3565 3601 3615 suas
3630 3551 3926 3631 sanctas

1191 3665 1260 3724 et
1311 3657 1563 3745 gratias
1616 3678 1866 3749 agens,
1920 3660 1977 3745 -Ι-
2026 3657 2404 3745 benedixit,
2458 3665 2500 3739 †
2554 3656 3026 3744 sanctificavit,
3078 3655 3132 3748 †
3184 3667 3254 3728 et
3315 3657 3551 3750 fregit,
3614 3657 3930 3751 deditque

1188 3766 1426 3841 turbae
1480 3794 1644 3845 suae
1697 3773 2168 3869 Apostolicae,
2222 3784 2288 3844 et
2350 3772 2517 3844 dixit
2586 3773 2671 3845 ad
2738 3795 2879 3845 eos.
2984 3774 3134 3843 Hoc
3200 3783 3303 3845 est
3367 3795 3612 3868 corpus
3680 3797 3929 3864 meum,

1192 3888 1474 3980 accipite
1527 3900 1595 3961 et
1662 3889 2054 3961 manducate
2121 3913 2212 3961 ex
2285 3913 2408 3977 eo,
2487 3895 2515 3926 ‘¹
2571 3892 2722 3984 quia
2794 3886 3047 3982 absque
3114 3888 3313 3960 dubio
3382 3888 3536 3960 illud
3599 3888 3928 3980 frangitur

1192 4028 1316 4100 pro
1370 4006 1590 4077 mundi
1646 4008 1812 4094 vita,
1884 4010 2139 4099 eritque
2204 4003 2402 4078 vobis
2474 4017 2542 4078 et
2606 4005 2911 4075 omnibus
2979 4007 3046 4073 in
3118 4026 3227 4074 me
3297 4003 3758 4091 credentibus,
3844 4005 3927 4077 ad

1191 4125 1722 4216 propitiationem
1776 4121 2198 4210 delictorum,
2252 4124 2714 4193 remissionem
2749 4128 3175 4214 peccatorum
3212 4128 3277 4189 et
3311 4123 3519 4192 vitam
3562 4129 3930 4193 aeternam.

1397 4236 1720 4329 Populus.
1824 4239 2062 4310 Amen.

1398 4350 1764 4423 Sacerdos.
1869 4352 1957 4424 Et
2006 4362 2357 4448 postquam
2413 4356 2925 4441 coenavissent,
2992 4356 3257 4446 accepit
3322 4353 3593 4423 calicem
3662 4355 3934 4425 mistum

1191 4469 1352 4540 vino
1407 4479 1473 4539 et
1527 4491 1731 4562 aqua,
1785 4472 1850 4539 in
1903 4490 2136 4540 manus
2188 4490 2346 4540 suas
2400 4490 2637 4562 puraS,
2693 4477 2759 4537 et
2810 4470 3065 4558 gratias
3132 4489 3384 4558 agens,
3452 4475 3494 4549 †
3556 4464 3937 4560 benedixit,

1190 4586 1247 4671 ·1-
1300 4583 1771 4672 sanctificavit,
1826 4586 1883 4671 ·1-
1936 4593 2004 4654 et
2054 4583 2233 4655 dedit
2285 4582 2618 4679 discipulis
2674 4586 2848 4670 suis,
2905 4582 3202 4677 dixitque
3273 4583 3355 4654 ad
3422 4606 3574 4656 eos:
3629 4584 3761 4655 Hic
3828 4598 3939 4659 est

1189 4699 1480 4791 Sanguis
1534 4722 1720 4771 meus
1773 4699 2181 4773 Testamenti
2231 4702 2434 4785 novi,
2488 4703 2807 4793 accipite,
2874 4698 3082 4771 bibite
3149 4723 3242 4771 ex
3314 4722 3397 4771 eo
3461 4720 3586 4773 vos
3659 4721 3935 4774 omnes:

1187 4811 1442 4909 absque
1497 4813 1697 4886 dubio
1753 4818 1927 4886 enim
1980 4816 2088 4888 ille
2142 4814 2489 4887 effunditur
2539 4837 2662 4909 pro
2727 4813 2947 4884 mundi
3013 4819 3190 4901 vita,
3271 4820 3525 4910 eritque
3589 4814 3797 4889 vobis
3870 4826 3943 4888 et

1191 4930 1521 5019 omnibus,
1578 4934 1686 5026 qui
1738 4935 1806 5001 in
1857 4955 1965 5003 me
2018 4932 2328 5004 credituri
2380 4940 2562 5018 sunt,
2621 4929 2703 5001 ad
2755 4934 3293 5026 propitiationem
3329 4931 3748 5022 delictorum,
3804 4956 3939 5004 re-

1195 5048 1573 5120 missionem
1627 5057 2089 5141 peccatorum,
2144 5058 2210 5118 et
2262 5050 2471 5118 vitam
2525 5056 2885 5118 aeternam.

1395 5161 1716 5255 Populus.
1819 5166 2057 5237 Amen.
