5150 6534
946 858 1149 938 efflictum
1174 859 1345 938 ariston
1369 861 1644 940 tununnensis.
1906 866 1984 939 403

608 1046 688 1116 tiam
714 1054 749 1117 et
773 1044 1001 1118 rectitudinem
1029 1046 1224 1119 Pastoribns
1252 1049 1348 1138 ejus:
1375 1047 1592 1139 vigilantiam,
1619 1059 1652 1121 et
1677 1047 1886 1123 honestatem
1910 1051 1983 1123 Sa-

610 1159 802 1233 cerdotibus
830 1163 919 1252 ejus:
956 1160 1114 1233 decorem
1141 1170 1175 1232 et
1209 1159 1440 1233 sublimitatem
1467 1161 1628 1236 Diaconis
1663 1168 1752 1258 ejus:
1786 1164 1981 1240 modestiam

610 1284 645 1346 et
679 1279 889 1348 sanctitatem
921 1276 996 1348 filiis
1027 1279 1120 1368 ejus:
1161 1276 1369 1347 sedulitatem
1407 1287 1441 1348 et
1472 1277 1739 1372 tranquillitatem
1775 1283 1861 1352 natis
1892 1284 1982 1373 ejus:

606 1391 764 1462 nnimtem
792 1402 826 1463 et
852 1392 1066 1464 concordiam
1094 1392 1419 1484 congregationibus,
1439 1392 1530 1484 ejus;
1557 1392 1794 1468 exultationem
1821 1403 1855 1465 et
1880 1394 1982 1466 laeti-

607 1506 687 1579 tiam
708 1506 773 1579 illis
796 1507 851 1601 qui
874 1509 909 1577 in
928 1509 1001 1599 ejus
1023 1507 1124 1580 tutela
1147 1517 1231 1581 sunt.
1266 1508 1429 1593 Quoniam
1449 1507 1580 1599 adjutor
1606 1520 1639 1579 et
1666 1510 1816 1582 salvator
1837 1515 1982 1582 omnium

606 1629 643 1693 tn
674 1643 732 1709 es,
765 1618 889 1716 tibique
924 1622 1067 1714 gloriam
1102 1621 1295 1713 referimus,
1323 1632 1355 1693 et
1381 1625 1551 1714 unigenito
1578 1621 1664 1695 Filio
1692 1633 1760 1712 tuo,
1788 1631 1822 1697 et
1843 1624 1979 1720 Spiritui

606 1742 665 1808 tuo
691 1747 809 1809 sancto
835 1760 940 1828 nuuc,
966 1748 1030 1812 ato.

658 1843 665 1854 ’
712 1851 874 1948 Populus.
921 1854 1048 1936 Amen.

694 1949 887 2044 'sorados
911 1969 1104 2040 inclinatus.
1157 1969 1327 2042 Memento
1354 1970 1466 2057 etiam,
1492 1971 1646 2057 Domine,
1672 1969 1801 2043 illorum
1829 1970 1884 2064 qui
1904 1968 1979 2040 Ec-

607 2078 746 2154 clesiam
772 2092 860 2158 tuam
888 2094 1036 2156 sanctam
1051 2084 1159 2157 verbo
1179 2084 1360 2171 doctrinae,
1388 2094 1422 2155 et
1440 2088 1636 2181 operatione
1658 2083 1822 2158 bonorum
1840 2107 1980 2180 operum

602 2200 740 2289 juvant:
767 2220 1041 2295 eorumquoque
1068 2202 1123 2296 qui
1150 2203 1285 2274 visitant
1311 2200 1470 2292 infirmos,
1498 2212 1530 2272 et
1557 2202 1743 2273 vinctorum
1770 2223 1882 2272 curam
1909 2223 1979 2293 ge-

606 2319 697 2386 runt:
725 2313 847 2407 adiuva
873 2313 950 2388 illos
976 2339 1037 2411 per
1063 2319 1297 2389 miserationes
1324 2326 1411 2405 tuas,
1439 2326 1472 2388 et
1491 2315 1647 2388 auxilium
1666 2315 1731 2388 illis
1752 2314 1892 2412 praebe,
1918 2337 1980 2411 per

606 2424 816 2504 clementiam
843 2442 941 2503 tuam.
1956 2506 1962 2515 ,

652 2559 671 2612 s
711 2543 861 2617 namo
884 2568 1011 2618 nocem,
1065 2546 1189 2620 Libera
1222 2558 1257 2619 et
1288 2546 1387 2620 salva
1422 2569 1486 2619 nos
1513 2547 1657 2619 Domine
1683 2547 1776 2618 Deus
1811 2570 1831 2618 a
1862 2545 1979 2617 furore

603 2658 714 2751 malo,
746 2669 780 2731 et
806 2684 826 2733 a
852 2664 1024 2736 tormentis
1051 2663 1156 2735 duris:
1184 2663 1225 2736 ab
1253 2662 1407 2735 incendio
1434 2672 1468 2733 et
1494 2672 1604 2735 terrae
1631 2672 1739 2749 motu,
1772 2686 1792 2734 a
1819 2659 1978 2733 submer-

603 2776 702 2848 sione
729 2785 763 2848 et
788 2776 992 2872 pestilentia:
1021 2776 1224 2875 apericulis
1252 2788 1285 2851 et
1310 2775 1617 2873 persecutionibus:
1645 2801 1665 2848 a
1693 2775 1789 2849 bellis
1817 2786 1851 2847 et
1866 2778 1979 2871 capti-

603 2889 763 2963 vitatibus
792 2891 940 2968 acerbis:
975 2895 1151 2990 apopulis
1186 2892 1522 2984 immisericordibus,
1558 2903 1592 2964 et
1623 2893 1816 2989 expertibus
1852 2894 1978 2964 timoris

599 3006 669 3104 tui,
703 3017 737 3080 et
770 3005 813 3079 ab
845 3008 998 3082 omnibus
1030 3008 1112 3097 illis,
1147 3031 1233 3104 quae
1267 3019 1406 3105 propter
1438 3020 1579 3104 peccata
1612 3019 1728 3082 nostra
1762 3032 1782 3080 a
1819 3017 1852 3080 to
1879 3029 1979 3102 super

602 3140 668 3192 nos
693 3120 903 3201 inducuntur:
941 3127 1016 3219 qma
1043 3134 1078 3197 tu
1104 3148 1143 3199 es
1173 3124 1353 3197 auxiliator
1388 3128 1548 3213 omnium,
1585 3134 1619 3196 et
1652 3123 1802 3198 salvator
1835 3128 1978 3194 omnium

603 3237 660 3329 qui
684 3238 844 3312 invocant
869 3251 919 3311 te:
954 3240 1079 3336 tibique
1109 3241 1253 3334 gloriam
1288 3250 1324 3312 et
1357 3239 1488 3311 landem
1520 3239 1705 3312 referemus
1743 3248 1776 3310 et
1808 3239 1976 3329 unigenito

602 3347 690 3438 Filio
716 3362 793 3443 tuo,
822 3364 886 3427 etc.

705 3464 866 3561 Populus.
921 3471 1042 3542 Amen.

707 3581 882 3674 Sacerdos
914 3586 1106 3657 inclinatos.
1165 3586 1336 3659 Memento
1371 3586 1516 3658 Domine
1549 3605 1664 3655 eorum
1700 3585 1755 3677 qui
1788 3581 1978 3654 obtulerunt

601 3694 704 3794 bodio
730 3698 917 3775 oblationes
942 3701 1135 3798 praeclaras
1164 3722 1265 3798 snper
1301 3700 1407 3775 altare
1439 3711 1527 3772 tuum
1562 3710 1731 3771 sanctum:
1765 3708 1799 3769 et
1829 3695 1976 3769 retribue

601 3803 692 3904 bona
719 3814 878 3912 operibus
904 3817 1051 3890 illorum:
1078 3817 1210 3912 comple
1232 3816 1496 3889 benedictionem
1518 3827 1605 3887 tuam
1630 3817 1663 3885 in
1683 3812 1832 3885 domibus
1850 3834 1975 3899 eorum,

603 3935 639 4004 et
663 3927 770 4002 bbere
797 3954 857 4004 cos
885 3956 905 4005 a
931 3933 1031 4006 malo.

707 4046 858 4119 Eicomas
882 4070 1008 4119 occasu.
1061 4047 1231 4122 Memento
1258 4051 1403 4122 Domine
1439 4070 1554 4119 eorum
1589 4050 1643 4141 qui
1669 4049 1828 4117 invocant
1855 4066 1977 4117 nomen

604 4172 696 4236 tunm
723 4170 902 4242 sanctum:
922 4162 1043 4255 adjuva
1070 4174 1105 4236 et
1131 4163 1282 4238 conforta
1310 4164 1385 4237 illos
1412 4166 1445 4234 in
1472 4162 1617 4257 praelio:
1652 4162 1779 4235 custodi
1813 4169 1847 4231 et
1872 4158 1978 4230 libera

601 4275 678 4361 illos
705 4300 726 4349 a
751 4277 853 4351 malo:
882 4289 955 4352 esto
977 4278 1042 4353 illis
1061 4279 1161 4372 galea
1178 4280 1307 4371 solutis,
1334 4289 1368 4352 et
1381 4278 1551 4351 brachium
1574 4275 1814 4374 insuperabile:
1842 4274 1975 4370 comple

601 4414 721 4489 pacem
746 4402 836 4466 tuam
861 4396 895 4466 in
921 4393 1077 4469 cordibus
1104 4418 1231 4485 eornm,
1259 4405 1294 4467 et
1320 4395 1460 4490 dispone
1488 4397 1639 4467 timorem
1665 4402 1754 4465 tuum
1781 4395 1815 4462 in
1843 4393 1975 4462 anima-

599 4506 825 4597 busentum,
858 4512 934 4604 quia
962 4520 996 4581 tu
1023 4532 1061 4582 es
1088 4511 1239 4585 salvator
1266 4523 1383 4584 noster
1409 4509 1570 4582 Domine:
1606 4520 1640 4581 et
1674 4510 1730 4582 tibi
1764 4506 1907 4601 gloriam
1942 4514 1977 4574 et

599 4621 733 4712 landem
758 4622 945 4714 referimus,
972 4628 1209 4721 unigenitoque
1236 4627 1323 4700 Filio
1350 4650 1458 4715 nuno,
1485 4634 1546 4697 etc.

708 4737 871 4834 Populus.
912 4742 1032 4813 Amen.

703 4852 881 4927 Sacerdos
906 4856 1098 4930 inclinatus.
1139 4859 1279 4932 Praesta
1307 4855 1404 4932 nobis
1431 4856 1575 4928 Domine
1601 4863 1636 4925 ut
1662 4855 1856 4925 memoriam
1883 4872 1974 4944 aga-

599 4987 675 5041 mus
707 4967 772 5043 boc
804 4979 957 5067 tempore
992 4983 1129 5045 sanctae
1155 4974 1333 5046 Genitricis
1360 4976 1425 5046 Dei
1457 4973 1602 5059 Mariae,
1635 4968 1773 5041 Joannis
1803 4967 1974 5063 Baptistae

600 5092 635 5155 et
660 5081 820 5194 Stephani
845 5089 942 5181 primi
968 5088 1213 5180 Diaconorum,
1241 5093 1452 5184 omniumque
1479 5109 1595 5160 eorum
1623 5087 1679 5180 qui
1706 5107 1726 5154 a
1753 5080 1890 5157 saeculo
1917 5079 1976 5152 tibi

599 5195 804 5292 placuerunt

651 5335 777 5379 romum
1713 5313 1763 5388 54
