5150 6534
993 862 1409 941 atturniam
1814 866 1865 942 25

1081 1182 1290 1280 Obsipaatio.

595 1406 687 1477 Deus
715 1406 770 1499 qui
795 1404 893 1477 nohis
919 1406 1100 1499 praestitit,
1127 1415 1163 1477 ut
1189 1410 1508 1481 communicaremus
1536 1408 1761 1486 Sacramentis
1789 1417 1863 1508 ejus

494 1521 614 1594 divinis
642 1533 675 1594 et
700 1520 940 1609 ineffabilibus,
965 1524 1039 1616 ipse
1066 1520 1185 1612 dignos
1211 1522 1314 1594 iaciat
1339 1546 1403 1595 nos
1428 1546 1537 1616 regno
1565 1547 1647 1617 suo,
1681 1529 1770 1623 quod
1796 1552 1865 1603 non

491 1643 629 1728 transit,
657 1649 690 1710 et
715 1639 792 1710 loco
820 1640 953 1732 quietis,
979 1637 1037 1710 uhi
1063 1648 1115 1708 cst
1140 1638 1297 1729 gaudium
1323 1639 1527 1713 indesinens:
1556 1644 1784 1739 concedatque
1794 1647 1863 1714 nri-

493 1757 725 1846 sericordiam‚
752 1764 786 1827 et
811 1752 933 1825 tribuat
958 1757 1093 1825 veniam
1121 1753 1315 1827 delictorum
1342 1765 1375 1826 et
1401 1760 1635 1830 remissionem
1648 1771 1863 1854 peccatorum

492 1876 742 1945 commissorum
776 1869 885 1943 verbo
920 1880 954 1941 et
990 1892 1115 1966 opere,
1148 1873 1343 1965 unicuique,
1378 1874 1434 1965 qui
1466 1876 1633 1969 particeps
1667 1874 1776 1950 factus
1811 1885 1863 1948 est

491 1987 719 2060 Eucharistiae
746 1990 858 2058 istius:
885 1990 1147 2082 propitieturque
1173 1988 1284 2076 Deus,
1320 1995 1354 2057 et
1380 1987 1518 2059 dimittat
1550 1992 1601 2078 ei,
1632 2012 1694 2085 pro
1727 2013 1793 2086 quo
1829 1999 1863 2063 et

492 2108 585 2195 cujus
613 2127 713 2176 causa
742 2100 887 2176 oblatum
915 2113 967 2175 est
992 2102 1091 2174 hodie
1119 2103 1317 2176 sacrificium
1343 2103 1445 2193 istud,
1470 2127 1533 2200 per
1559 2110 1729 2180 orationes
1756 2110 1861 2178 etin-

491 2225 731 2294 tercessionem
757 2223 871 2292 matris
899 2224 1039 2291 amictae
1062 2221 1203 2310 justitia,
1230 2221 1317 2292 coeli
1344 2220 1503 2310 secundi,
1528 2219 1677 2314 Virginis
1695 2226 1861 2294 immacu·
1884 2221 1933 2283 4

490 2338 596 2426 latae,
623 2346 760 2409 sanctae
787 2338 957 2428 genitricis
984 2336 1047 2407 Dei
1074 2336 1212 2407 llariae.
1264 2336 1309 2408 Et
1334 2359 1396 2432 per
1421 2340 1576 2408 virtutem
1600 2361 1756 2430 magnam
1776 2360 1861 2410 cru-

491 2457 539 2527 cis
566 2456 711 2524 victricis
740 2463 774 2523 et
798 2452 956 2524 vivificae
982 2450 1223 2541 custodiamur‚
1250 2463 1284 2523 et
1310 2451 1494 2525 salvemur:
1530 2464 1564 2524 et
1588 2477 1649 2549 per
1676 2456 1860 2545 orationes

490 2570 653 2656 Domine,
679 2568 941 2663 Prophetarum,
973 2567 1230 2662 Apostolorum,
1262 2568 1469 2664 Martyrum
1501 2567 1759 2661 Confessam,
1791 2559 1861 2642 Ju-'

490 2697 627 2775 storum,
637 2683 1007 2771 Sacerdotum,Patnrm
1022 2694 1223 2774 sanctorum,
1236 2684 1410 2756 Pastorum
1425 2706 1594 2775 verorum,
1609 2684 1860 2782 Doctorumque

490 2802 780 2890 Orthodoxorum‚
794 2809 827 2872 et
840 2822 901 2894 per
914 2802 1082 2871 orationes
1098 2803 1196 2873 totius
1213 2811 1329 2872 coetus
1342 2810 1376 2871 et
1386 2803 1657 2893 congregationis
1671 2812 1860 2876 sanctorum

490 2924 545 3015 qui
573 2919 739 2992 Christum
765 2925 978 3005 amaverunt,
1005 2926 1038 2986 et
1062 2926 1244 3011 praecepta
1270 2918 1343 3006 ejus
1370 2917 1612 2989 custodiemnt:
1640 2929 1674 2990 et
1690 2940 1752 3013 per
1772 2940 1859 2990 ora-

488 3040 612 3110 tionem
638 3036 744 3109 sancti
770 3031 812 3103 D.
839 3031 880 3103 N.
917 3031 958 3103 ad
994 3033 1087 3122 cujus
1124 3054 1273 3103 mensam
1306 3031 1511 3104 Sacrificium
1546 3034 1791 3123 ordinavimus3
1823 3043 1859 3106 ut

490 3154 587 3222 etiam
614 3151 721 3220 sancti
747 3150 840 3238 cujus
866 3147 1051 3239 Litargiam
1077 3146 1343 3238 celebravimus;
1370 3158 1404 3219 et
1429 3148 1519 3220 beati
1544 3148 1654 3220 Patris
1680 3154 1785 3220 nostri
1802 3152 1858 3244 qui

488 3266 586 3339 hodie
612 3262 709 3335 nobis
735 3274 886 3359 praeest,
913 3274 948 3335 ut
975 3267 1072 3335 etiarn
1099 3285 1161 3358 per
1185 3273 1338 3353 vestras,
1364 3262 1486 3335 iratres
1501 3269 1566 3336 mei
1587 3275 1621 3336 et
1642 3265 1857 3355 dominimei‚

488 3380 693 3453 insaecula.

590 3513 765 3586 Sacerdos
791 3517 932 3606 inapoait
958 3512 1113 3582 dealt-am
1141 3511 1264 3598 altari,
1292 3516 1327 3581 cl
1354 3511 1438 3581 dicit
1465 3511 1662 3581 Orationem
1684 3531 1856 3581 commea-

488 3631 636 3704 dalioais
661 3630 769 3722 Isaac,
797 3636 849 3699 ter
874 3633 1012 3721 signans
1034 3625 1194 3720 populum
1219 3629 1316 3722 signo
1344 3630 1472 3714 crocia,
1500 3632 1535 3697 et
1560 3627 1654 3696 dicit.
1812 3635 1817 3644 '

589 3764 692 3837 Abite
718 3767 752 3835 in
778 3785 862 3858 pace
889 3761 1010 3833 fratres
1038 3768 1071 3830 et
1098 3758 1207 3831 dilecti
1233 3762 1353 3831 nostri:
1383 3757 1649 3831 commendamus
1675 3779 1741 3830 vos
1768 3779 1855 3851 gra-

486 3883 553 3952 tiae
580 3890 614 3951 et
640 3878 888 3951 misericordiae
914 3878 1082 3948 Trinitatis
1107 3884 1262 3961 sanctae,
1297 3897 1371 3945 curn
1397 3876 1521 3945 viatico
1549 3883 1583 3945 et
1608 3873 1855 3946 benedictioni-

486 3993 566 4085 bus,
593 4016 674 4090 quas
702 3996 896 4089 suscepistis
924 3991 965 4064 ab
994 3991 1088 4063 altari
1114 3992 1341 4086 propitiatorio
1369 3989 1519 4062 Domini:
1545 3989 1648 4081 longe
1670 3992 1798 4085 positos
1822 4001 1856 4062 et

486 4115 679 4207 proximos,
705 4111 808 4182 vivos
836 4120 869 4180 et
894 4116 1063 4198 mortum,
1089 4106 1249 4177 liberatos
1277 4127 1339 4199 per
1366 4127 1498 4176 crucem
1521 4107 1694 4204 uictricem
1711 4106 1855 4194 Domini,

487 4230 703 4320 consignatos
731 4228 828 4317 signo
862 4224 1015 4320 baptismi
1046 4225 1161 4294 sancti.
1222 4219 1282 4292 llla
1315 4220 1464 4316 expiabit
1498 4221 1617 4293 delicta
1651 4231 1787 4310 vestra,
1823 4230 1857 4292 et

488 4345 624 4417 dimittet
650 4343 786 4414 crimina
812 4351 945 4430 vestra,
972 4349 1242 4431 mortuorumque
1269 4345 1476 4409 vestrorum:
1504 4348 1538 4408 et
1564 4359 1631 4429 ego
1659 4359 1778 4411 servus
1797 4339 1855 4408 in-

486 4461 599 4532 firmus
627 4468 660 4529 et
685 4467 845 4552 peccator
871 4455 1133 4527 misericordiam
1159 4463 1193 4524 et
1221 4452 1378 4524 auxilium
1397 4474 1585 4547 consequar
1607 4456 1854 4547 perorationes

485 4588 630 4648 vestras,
682 4573 783 4645 Alite
809 4575 843 4643 in
868 4594 953 4668 pace
979 4571 1163 4663 gaudentes
1189 4579 1223 4639 et
1249 4567 1455 4656 exultantes,
1484 4578 1518 4638 ct
1543 4590 1605 4663 pro
1634 4591 1687 4639 me
1715 4576 1819 4638 orate.

590 4705 764 4776 Sacerdos
796 4703 978 4774 inclinatas
1013 4724 1130 4772 coram
1158 4723 1274 4771 occasa
1309 4704 1418 4787 ailae,
1453 4700 1538 4770 dicit
1572 4702 1665 4770 intra
1696 4722 1734 4769 se
1765 4698 1855 4769 hanc

489 4822 701 4907 Orationem,
725 4841 792 4913 pro
818 4843 856 4890 se
882 4823 977 4912 ipso,
1003 4825 1146 4889 secreto.

590 4956 656 5026 Per
683 4953 881 5025 sacrificium
909 4951 996 5047 quod
1024 4950 1197 5024 obtulimus
1224 4948 1341 5037 hodie,
1367 4950 1516 5044 placetur
1534 4950 1696 5020 Dominus
1724 4955 1758 5016 ct
1775 4945 1854 5018 Au-

487 5071 555 5160 geli
582 5072 654 5160 ejus
681 5068 780 5140 electi
806 5079 840 5140 et
866 5071 990 5156 sancti,
1018 5077 1051 5138 ct
1077 5090 1137 5160 per
1164 5065 1242 5137 illud
1267 5076 1415 5160 praestet
1443 5069 1587 5160 quietem
1605 5072 1639 5132 et
1662 5066 1855 5134 memoriam

486 5180 608 5255 honam
643 5188 796 5276 genitrici
822 5206 904 5256 suae
931 5192 965 5253 et
991 5185 1113 5253 sanctis
1140 5184 1225 5271 suh,
1259 5180 1477 5276 omnibusque
1504 5176 1664 5249 defunctis
1690 5175 1854 5269 fidelihus

486 5302 668 5394 praecipue
694 5300 741 5372 illi
767 5323 828 5395 pro
857 5320 921 5394 quo
948 5307 982 5369 et
1007 5299 1102 5389 cujus
1129 5320 1230 5371 causa
1259 5296 1402 5370 oblatum
1431 5305 1482 5370 est
1506 5294 1571 5368 hoc
1598 5294 1805 5370 sacrificium.
