5150 6534
726 770 729 774 ⁷
811 841 812 844 ¹
912 831 1115 913 momnis
1140 833 1402 913 ntmuncmu
1427 833 1666 913 amoenam
1890 831 1965 909 411

606 1022 869 1096 misericordium
900 1030 990 1094 tuam
1021 1023 1170 1113 ignosce
1195 1019 1293 1111 mibi,
1326 1031 1361 1093 et
1390 1044 1453 1117 per
1492 1021 1699 1095 clementiam
1730 1030 1818 1094 tuam
1848 1022 1969 1095 munda

605 1160 678 1209 me:
705 1148 804 1235 atque
829 1137 1015 1213 oblationes
1040 1140 1123 1210 istos
1151 1136 1320 1209 sanctifica
1345 1159 1407 1232 per
1432 1136 1589 1232 Spiritum
1615 1147 1705 1210 tunm
1730 1148 1890 1225 sanctum,
1910 1142 1967 1233 qui

606 1252 755 1347 aequalis
782 1266 834 1328 est
859 1252 916 1326 tibi
941 1254 1035 1326 Deus
1059 1253 1172 1343 Pater,
1198 1262 1233 1324 et
1256 1252 1341 1325 Filio
1368 1263 1426 1326 tuo
1452 1256 1635 1345 unigenito,
1660 1252 1840 1326 secundum
1873 1253 1968 1326 divi·-

603 1371 757 1458 nitatem,
785 1367 1019 1457 substantiam,
1054 1378 1205 1440 natumm
1237 1379 1271 1440 et
1302 1368 1568 1442 dominationem
1619 1368 1697 1465 lpse
1730 1368 1898 1458 adveniat,
1933 1380 1967 1443 et

603 1482 776 1576 illabetur,
816 1494 852 1556 et
883 1506 946 1580 per
976 1482 1261 1556 obumbrationem
1296 1506 1410 1572 suam,
1441 1484 1591 1580 perficiat
1623 1484 1708 1557 baec
1745 1494 1965 1576 sacramento,

603 1621 728 1696 corpus
759 1612 795 1674 et
825 1602 1019 1693 sangninem
1051 1601 1211 1692 unigeniti
1245 1599 1320 1672 Filii
1345 1602 1407 1687 tui,
1443 1610 1477 1673 et
1510 1622 1572 1696 per
1597 1623 1639 1673 ea
1664 1602 1807 1675 Domine
1831 1603 1965 1674 veniam

603 1725 826 1811 consequautr
851 1737 939 1808 grex
964 1724 1038 1787 tuus
1063 1713 1230 1810 spiritalis.
1282 1766 1287 1774 ι

707 1832 895 1904 utrem
947 1828 1061 1904 Orate.

705 1947 891 2020 Sacerdos.
942 1944 1075 2019 Exaudi
1099 1969 1163 2019 me.

616 2109 620 2123 «
708 2063 868 2157 Populus.
918 2062 1024 2158 llyrie
1050 2063 1189 2136 eleison.

692 2179 881 2251 x›Sctcecdoo
905 2178 1043 2250 elecem
1066 2201 1192 2250 vocem.
1243 2178 1362 2276 Victor
1387 2186 1421 2250 et
1445 2171 1620 2252 1111111111
1651 2187 1846 2274 praestans,
1878 2199 1963 2251 san-

603 2300 677 2365 ctus
710 2304 745 2366 ot
779 2294 1003 2368 sanctificator
1034 2294 1177 2391 Spiritus
1212 2304 1359 2382 sanctus,
1393 2297 1465 2391 ipse
1498 2317 1561 2390 per
1593 2291 1895 2384 obumbrationem
1930 2304 1964 2367 et

602 2407 756 2506 illops'um
782 2432 886 2500 suum,
912 2433 1032 2506 panem
1059 2395 1189 2506 quidem
1215 2414 1313 2483 istum
1336 2408 1439 2483 faciat
1464 2431 1587 2507 corpus
1609 2408 1732 2484 Christi
1758 2411 1822 2482 Dei
1846 2411 1962 2483 nostri.

708 2526 869 2620 Populos.
921 2527 1041 2599 Amen.
1160 2601 1162 2603 ,
2060 2526 2064 2531 ’

707 2640 890 2718 Sacerdos.
942 2640 986 2713 Et
1021 2641 1159 2714 cobcem
1198 2641 1304 2733 bunc,
1342 2643 1538 2735 sanguinem
1578 2638 1700 2714 Christi
1736 2642 1820 2729 Dei,
1856 2625 1963 2725 Regis

602 2760 719 2831 nostri.

606 2915 608 2918 v
706 2872 867 2967 Populus.
918 2872 1038 2945 Amen

609 3046 610 3049 ,
700 2987 889 3060 xSoccrdoo.
941 2988 986 3060 Ut
1018 2986 1169 3063 omnibus
1202 3011 1245 3060 ca
1279 2986 1536 3083 accipientibus,
1567 2998 1603 3059 et
1635 2987 1962 3076 communicantibus,

600 3106 668 3178 sint
692 3106 813 3201 pignus
837 3103 954 3177 solutis
980 3104 1023 3177 ad
1048 3107 1151 3177 vitam
1177 3114 1357 3177 aeternam.

625 3272 626 3275 ,
661 3267 666 3285 t
705 3219 867 3313 Populoe.
917 3221 1036 3296 Arnen.

704 3333 879 3407 &cerdm
911 3335 1102 3407 incibatus.
1153 3334 1338 3430 Propterea
1373 3335 1541 3408 offerimus
1574 3334 1632 3408 tibi
1671 3335 1866 3409 sacrificium
1897 3334 1963 3408 boc

602 3449 784 3547 spirituale,
811 3451 991 3524 secundnm
1017 3451 1199 3525 doctrinam
1223 3451 1358 3523 Domini
1382 3454 1506 3538 nostri,
1532 3472 1594 3547 pro
1620 3453 1778 3525 universa
1807 3449 1962 3523 Ecclesia

602 3576 728 3654 saneta,
754 3588 817 3662 pro
842 3568 1038 3642 Pastoribue
1065 3566 1282 3657 Ortbodoxis,
1308 3569 1365 3660 qui
1389 3565 1580 3662 pascendae
1605 3566 1713 3639 eidem
1737 3577 1871 3657 vacant,
1898 3589 1960 3663 pro

600 3678 752 3774 Regibus
777 3680 949 3771 fidelibus,
981 3705 1044 3779 pro
1072 3686 1261 3756 cessatione
1286 3680 1468 3773 bellomm,
1506 3705 1568 3779 pro
1596 3686 1801 3780 peregrinis,
1833 3692 1869 3754 ct
1893 3681 1961 3754 ad-

601 3799 712 3886 venis,
738 3807 773 3869 et
797 3819 859 3894 pro
888 3798 1041 3873 omnibus
1067 3799 1132 3872 illis
1158 3802 1214 3893 qui
1237 3802 1397 3872 invocant
1421 3821 1543 3872 nomen
1568 3811 1658 3873 tuum
1683 3809 1842 3887 sanctum,
1868 3800 1961 3871 Deus

600 3922 728 4002 noster,
752 3923 788 3985 ut
815 3912 1013 4005 adjuventur
1044 3938 1105 4012 per
1136 3917 1276 4008 gratiam
1310 3927 1418 4005 tuam,
1443 3926 1486 3987 >ct
1516 3918 1691 3989 visitentur
1722 3938 1783 4011 per
1814 3917 1960 3989 misero-

600 4031 725 4101 tionem
752 4039 850 4100 tuam.
1295 4061 1297 4064 ·

704 4145 855 4216 Etcum
886 4168 1010 4217 vocem.
1058 4143 1195 4218 Robora
1222 4154 1256 4217 et
1281 4145 1451 4234 confirma,
1476 4146 1631 4236 Domine,
1657 4144 1845 4219 Ecclesiam
1871 4155 1959 4219 tuam

601 4270 750 4333 sancum
783 4284 882 4357 quam
915 4264 1119 4357 acquisivisti
1152 4260 1402 4353 exgentibus,
1436 4270 1470 4333 et
1503 4261 1642 4335 salvasti
1672 4286 1735 4358 per
1766 4265 1961 4355 sanguinem

599 4378 759 4468 unigeniti
784 4376 859 4447 Filii
885 4379 940 4448 tui.
992 4379 1180 4449 Praeserva
1207 4400 1281 4449 eam
1309 4375 1351 4449 ub
1378 4375 1529 4451 omnibus
1550 4378 1745 4453 haeresibus
1771 4381 1958 4476 perversis:

601 4489 733 4586 depelle
759 4489 801 4563 ab
829 4514 870 4563 ea
896 4490 1010 4565 hostes
1037 4491 1187 4565 occultos
1214 4503 1248 4566 et
1273 4491 1482 4565 manifestos:
1508 4514 1687 4590 compesce
1713 4494 1755 4568 ab
1775 4517 1817 4567 ca
1842 4497 1959 4587 virgas

602 4628 719 4679 omnes
744 4605 865 4699 furoris
892 4618 926 4679 et
950 4606 1180 4696 rebellionum,
1205 4610 1304 4681 visito
1331 4631 1406 4681 eam
1431 4631 1493 4705 per
1518 4613 1659 4701 gratim
1684 4620 1792 4699 biam,
1825 4622 1858 4683 et
1889 4608 1966 4681 be-‘

600 4721 701 4795 nedic
725 4720 813 4794 illam
840 4722 980 4796 dextera
995 4734 1050 4795 tna
1077 4716 1309 4820 omnipotenti:
1335 4722 1447 4796 bubita
1473 4747 1575 4821 super
1590 4748 1665 4798 eom
1689 4725 1959 4814 misericorditer,

600 4845 641 4909 et,
660 4859 723 4933 per
747 4841 988 4933 protectionem
1013 4841 1155 4934 potentis
1181 4837 1307 4912 brachii
1338 4843 1405 4929 tui,
1438 4850 1475 4912 ut
1506 4840 1630 4932 gaudio
1665 4842 1755 4938 quod
1788 4845 1822 4915 in
1846 4853 1881 4916 te
1907 4853 1959 4917 est

601 4952 791 5027 afficiamur·
812 4954 869 5026 filii
902 4958 987 5047 ejus,
1012 4976 1184 5048 vocesque
1210 4976 1354 5045 suaves,
1385 4967 1419 5029 ct
1448 4967 1563 5048 graus
1597 4961 1778 5051 gratimum
1809 4962 1957 5033 actiones

599 5067 750 5143 referant
775 5068 845 5159 tibi,
871 5078 905 5141 et
930 5069 1016 5142 Filio
1043 5079 1099 5183 tuo
1125 5074 1294 5162 unigenito
1321 5083 1355 5144 et
1380 5073 1517 5169 Spiritui
1542 5084 1658 5149 sancto
1683 5084 1749 5148 tuo.

541 5198 547 5208 '
703 5186 862 5279 Populus.
914 5186 1033 5258 Amen.
