5150 6534
594 796 674 893 aaa
1160 818 1393 898 ιιιιι

594 1074 630 1145 d.
672 1072 824 1166 Propter
856 1093 965 1167 opero
994 1078 1114 1147 nostra
1147 1072 1293 1161 odibilia
1326 1094 1395 1145 non
1416 1076 1534 1168 prices
1554 1050 1724 1169 populum
1746 1079 1838 1210 hamt
1871 1073 1961 1147 dono

1163 1193 1220 1270 ιιι
1248 1188 1398 1261 cocleari.

697 1325 814 1407 Smne
835 1338 1012 1421 deprecatio
1034 1338 1195 1401 occurrit
1186 1356 1216 1401 ιι
1239 1338 1338 1402 multis
1361 1336 1504 1422 liturgiis
1526 1356 1587 1402 non
1608 1337 1699 1402 modo
1721 1338 1876 1421 Syriacis,
1905 1338 1961 1403 sed

593 1441 802 1527 Aegyptiacis,
825 1458 913 1524 quam
936 1442 976 1538 oh
998 1441 1104 1507 Severi
1125 1460 1265 1525 magnum
1287 1444 1367 1505 inter
1385 1440 1537 1505 Jacobitas
1559 1458 1679 1521 nornen,
1702 1441 1752 1504 hic
1774 1443 1881 1540 paucis
1902 1462 1960 1536 ιιι-

592 1542 779 1623 plicahimus,
803 1559 840 1605 eo
863 1541 960 1626 magis
983 1542 1064 1624 quod
1085 1542 1218 1606 colorem
1248 1539 1406 1625 quemdam
1428 1542 1543 1605 erroris
1566 1535 1648 1605 circa
1672 1540 1761 1605 fidem
1788 1531 1960 1627 gravissimi

594 1640 712 1705 relerre
733 1640 888 1717 videatur,
909 1659 1011 1724 aquo
1040 1646 1140 1707 tamen
1169 1640 1340 1706 orientales
1369 1647 1439 1704 sunt
1464 1639 1649 1706 alienissimi
1699 1638 1854 1723 Quidquid
1882 1642 1959 1705 enini

594 1741 731 1804 Ecclesia
753 1758 875 1821 semper
903 1740 1022 1817 docuit,
1052 1748 1083 1804 ct
1109 1738 1256 1805 aduersus
1284 1740 1457 1804 Donatistas
1485 1739 1690 1824 propugnavit
1720 1735 1768 1803 de
1785 1736 1961 1834 integtitate

595 1839 864 1919 Sacramentorum,
887 1841 974 1903 etiarn
996 1841 1101 1923 siper
1122 1840 1216 1904 malos
1239 1848 1271 1904 et
1295 1840 1430 1922 peccatis
1453 1829 1734 1920 plenos'ministros
1756 1837 1959 1918 celebrantur,

593 1936 623 1999 id
647 1939 771 2021 agnovit
793 1938 954 2003 Orientalis
978 1938 1126 2005 Ecclesia.
1170 1940 1245 2002 Nam
1276 1940 1316 2003 de
1337 1937 1488 2021 Baptismo
1518 1939 1559 2000 ita
1581 1937 1787 2001 administrato
1809 1929 1959 2026 nunquam

594 2036 749 2113 dubitavit,
772 2038 906 2120 ιιιιιιιιι
929 2038 968 2101 de
990 2039 1096 2102 eodem
1118 2039 1157 2102 ab
1179 2038 1347 2102 Haereticis
1370 2045 1530 2119 suscepto,
1558 2036 1719 2119 aliquando
1739 2037 1834 2100 variis
1858 2036 1960 2116 'llaec

593 2135 734 2219 logorum
756 2154 878 2200 suorum
901 2138 1092 2219 opinionibus
1115 2132 1225 2221 agitata
1247 2137 1348 2201 luerit
1383 2136 1531 2200 Fuerunt
1553 2137 1632 2199 enim
1660 2137 1712 2218 qui
1738 2135 1829 2200 talem
1855 2136 1958 2221 Bapti-

594 2254 689 2298 smum
710 2236 830 2320 penitus
852 2235 1043 2313 damnavere,
1065 2254 1165 2319 neque
1187 2226 1276 2302 modo
1299 2225 1473 2350 susceptum
1496 2234 1533 2298 ιι
1556 2234 1613 2299 illis
1635 2234 1808 2313 haereticis,
1833 2226 1957 2316 quorum

593 2335 775 2417 Baptismum
797 2342 885 2398 vetus
906 2334 1044 2400 Ecclesia
1066 2338 1190 2418 rejecit,
1224 2336 1277 2401 sed
1302 2336 1432 2399 omnium
1462 2335 1512 2415 qui
1541 2352 1558 2396 a
1585 2334 1752 2397 Jacobilica
1783 2333 1843 2397 ιιι
1864 2331 1956 2399 alieni

545 2485 546 2490 ,
595 2441 708 2512 essent,
730 2441 763 2496 ut
783 2433 1030 2498 Nestorianorum
1053 2439 1084 2498 et
1106 2433 1419 2510 Calchedonensium,
1441 2441 1474 2496 ut
1495 2449 1609 2496 vocare
1630 2431 1730 2495 solent
1752 2431 1955 2516 Orthodoxos,

595 2550 672 2613 quos
694 2533 726 2594 ιιι
748 2532 853 2596 eadem
876 2534 975 2597 classe
997 2526 1177 2599 collocant*
1196 2533 1238 2595 ‘ln
1260 2553 1329 2598 eum
1352 2550 1488 2596 errorem
1501 2546 1584 2595 casu
1605 2533 1717 2614 potius,
1741 2539 1772 2595 ct
1793 2529 1957 2616 temporum

595 2631 772 2710 calamitate,
796 2646 887 2714 quana
906 2639 991 2696 certo
1014 2632 1141 2697 consilio
1164 2632 1298 2714 prolapsi
1320 2639 1400 2697 sunt.
1428 2630 1503 2694 Nam
1525 2651 1593 2695 cum
1604 2626 1957 2696 Canoncsconciliorum

594 2738 729 2793 veteram
752 2732 783 2793 in
797 2731 952 2813 Syriacam
972 2731 1105 2816 linguam
1120 2730 1330 2810 transferrent,
1355 2730 1436 2813 quod
1457 2729 1568 2794 iactum
1590 2739 1636 2794 est
1657 2730 1748 2813 paulo
1770 2739 1843 2813 post
1864 2741 1956 2795 occa·

593 2838 694 2911 potam
716 2849 734 2893 a
755 2829 979 2895 Muhamedanis
1000 2831 1126 2913 Syriam,
1150 2830 1415 2915 Carthaginiense
1423 2832 1578 2913 octoginta
1599 2837 1717 2912 septem
1737 2818 1956 2915 Episcoporoai

594 2928 650 2991 sub
679 2928 849 3023 Cypriane,
881 2928 1006 3011 reliquis
1040 2931 1278 3013 conjunxerant,
1307 2931 1441 3011 tantique
1468 2928 1611 3021 Martyris
1640 2947 1750 2993 nomen
1777 2929 1837 2993 illis
1864 2927 1971 3023 fraudi

594 3028 659 3107 luit,
683 3029 753 3092 dum
774 3027 910 3092 homines
931 3029 1045 3092 veteris
1067 3022 1211 3093 historiae
1232 3028 1311 3093 haud
1334 3030 1407 3093 satis
1428 3029 1531 3111 periti,
1555 3047 1634 3111 quae
1656 3028 1693 3091 ab
1716 3028 1776 3092 illis
1797 3028 1968 3136 Episcopis

595 3127 632 3191 de
654 3128 874 3210 rebaptisandis
895 3127 1058 3192 haereticis
1080 3129 1241 3193 constituta
1261 3129 1391 3208 lucrant,
1413 3130 1522 3193 eodem
1542 3128 1628 3193 loco
1634 3127 1840 3207 habuerunt)
1848 3147 1885 3193 ac
1905 3130 1957 3192 ιἰ-

593 3227 675 3310 liqua
698 3228 901 3292 conciliorum
930 3229 1085 3292 decreta.
1109 3229 1215 3311 ltaque
1243 3228 1409 3293 Concilium
1437 3229 1527 3307 illud,
1556 3227 1712 3310 Epistolae
1740 3227 1906 3312 Cypriani,
1926 3235 1957 3292 et

594 3327 814 3410 Episcoporum
851 3328 1021 3391 sententiae
1059 3327 1274 3391 ιιιιιιιιιι
1265 3348 1297 3391 m
1333 3329 1537 3418 antiquissima
1577 3327 1731 3392 canonum
1771 3323 1957 3392 Collectiooa

594 3426 728 3508 Syriaca,
751 3445 829 3509 quae
857 3435 941 3491 extat
970 3428 1000 3489 in
1022 3429 1133 3510 optimo
1157 3425 1448 3505 Codicellediceo,
1477 3427 1592 3509 absque
1619 3435 1690 3490 nota
1718 3426 1780 3491 ulla
1809 3428 1956 3492 censoria.

595 3526 670 3588 llinc
692 3528 893 3601 occasionem,
917 3526 1167 3609 autoritatemque
1189 3527 1268 3589 nacti
1281 3527 1485 3591 Jacobitarum
1507 3526 1649 3590 doctores
1672 3526 1839 3608 praecipui,
1861 3525 1961 3610 Seve-¹

594 3642 646 3686 rus
669 3625 836 3706 inprimis,
860 3623 1104 3688 Orthodoxoram
1132 3625 1314 3709 Baptismum
1344 3626 1486 3689 damnare
1515 3634 1695 3707 coeperunt:
1723 3644 1792 3689 nam
1819 3620 1970 3689 erlarii

596 3723 741 3805 Syrorum
755 3723 969 3787 Nomocanone
983 3724 1085 3787 similis
1099 3725 1163 3808 ejus
1175 3722 1295 3790 nomine
1312 3724 1502 3803 Constitutio‚
1522 3729 1610 3805 quam
1620 3724 1755 3788 nonnulli
1766 3725 1863 3788 secati
1876 3732 1958 3807 sunt:

595 3822 807 3904 prudentiores
821 3821 882 3901 alii,
903 3822 1188 3903 conprobaverant.
1216 3825 1328 3888 Verum
1341 3825 1416 3887 haec
1439 3823 1477 3886 ad
1499 3824 1680 3905 Baptismum
1702 3823 1799 3887 solum
1821 3826 1957 3906 pertine-

596 3921 681 3985 bant:
704 3921 743 3984 de
763 3919 888 4003 reliquis
903 3920 1101 3985 sacramentis
1124 3924 1161 3987 ab
1182 3923 1301 3987 homine
1317 3923 1457 3987 diversae
1473 3923 1542 3986 fidei
1553 3922 1724 3999 celebratis,
1746 3923 1820 3986 nihil
1842 3922 1958 3988 videtur

595 4021 715 4102 publice
733 4022 932 4086 constitutum.
956 4021 1074 4102 Siquid
1094 4022 1436 4108 aluriosisquihusdam
1446 4023 1563 4100 zelotis,
1574 4022 1700 4085 alteros
1715 4030 1891 4086 attentatum
1902 4032 1960 4103 est,

596 4121 666 4185 odio
689 4120 790 4202 potius
807 4139 895 4202 quam
914 4121 982 4203 Jure
994 4120 1103 4184 lactum
1120 4123 1192 4185 satis
1208 4124 1394 4206 agnoscitur.
1416 4120 1568 4186 Jacobitas
1579 4125 1658 4187 enirn
1671 4124 1816 4202 quosdam
1828 4122 1962 4204 Episco-

594 4238 651 4303 pos
670 4219 885 4283 Eucharistiam
898 4238 916 4282 a
931 4219 1078 4283 llelchitis
1099 4239 1153 4284 seu
1168 4221 1353 4286 Orthodoxis
1375 4231 1591 4300 consecratam,
1608 4221 1804 4303 proculcasse
1819 4221 1962 4305 legimus,

596 4328 627 4382 et
643 4305 775 4382 vicissim
792 4338 809 4381 a
826 4318 949 4382 Graecis
964 4319 1146 4397 Latinorum,
1160 4339 1177 4383 a
1193 4320 1306 4384 Latinis
1327 4321 1512 4384 Graecorum
1524 4316 1715 4384 Sacramenta
1737 4320 1846 4384 eodem
1870 4321 1962 4386 modo

596 4418 732 4501 projecta
750 4426 829 4496 sunt,
849 4417 931 4481 nullo
940 4421 1021 4501 jure.
1050 4418 1110 4483 Sed
1125 4420 1163 4482 de
1182 4420 1228 4484 his
1243 4438 1304 4484 non
1323 4422 1423 4503 agitur
1438 4422 1469 4482 in
1484 4421 1542 4483 ista
1559 4430 1589 4483 et
1604 4420 1746 4483 similibus
1762 4421 1963 4488 orationihus.

681 4518 770 4581 lstius
800 4525 898 4580 autem
925 4518 1001 4580 haec
1030 4520 1179 4583 sententia
1186 4541 1195 4596 ;
1233 4511 1322 4584 orare
1352 4520 1563 4597 Sacerdotem,
1593 4529 1626 4582 ut
1654 4520 1736 4583 Deus
1766 4520 1804 4584 ad
1833 4530 1965 4601 peccata

597 4616 770 4703 Sacerdotis
792 4624 822 4679 et
845 4616 979 4693 aliorum,
1001 4634 1062 4680 non
1085 4618 1235 4699 attendat,
1265 4628 1317 4682 aut
1346 4637 1448 4682 eorum
1472 4636 1563 4682 causa
1586 4617 1783 4682 Christianum
1815 4621 1967 4701 populum

595 4709 846 4797 circumstantem,
869 4717 1015 4780 beneficio
1039 4716 1120 4796 quod
1142 4727 1339 4799 exspectatur
1354 4720 1464 4800 privet,
1487 4736 1595 4799 nempe
1617 4716 1726 4780 ellectu
1749 4718 1908 4799 orationis,
1931 4728 1965 4783 et

494 4820 500 4831 '
582 4817 812 4881 elementorum
834 4818 1057 4899 propositorum
1081 4820 1318 4883 consecratione.
1355 4817 1398 4880 lta
1421 4818 1509 4897 enin,
1533 4815 1694 4897 verbisque
1716 4817 1812 4900 magis
1834 4817 1968 4901 perspi-

595 4917 677 4993 cuis,
705 4917 733 4980 id
762 4915 948 5000 significatur
974 4918 1004 4978 in
1037 4916 1169 4998 Copticis
1203 4917 1400 4981 orationihus.
1453 4915 1541 4990 Quod
1568 4935 1585 4978 a
1614 4914 1809 4980 Sacerdotum
1838 4919 1968 4996 merito,

593 5018 716 5098 vitaque
739 5016 856 5080 illorum
878 5015 1029 5099 inculpata
1052 5017 1177 5080 allectos
1201 5018 1385 5081 Sacramenti
1406 5015 1546 5098 pendeat,
1571 5034 1659 5079 nemo
1683 5014 1858 5098 Theologus
1883 5016 1968 5080 inter

595 5114 765 5179 Orientales
788 5116 978 5180 existimavit.
1028 5115 1070 5179 lta
1098 5117 1190 5199 igitur
1220 5126 1309 5180 orant
1338 5135 1378 5179 ex
1408 5114 1510 5179 cordis
1539 5114 1741 5197 plenitudine,
1771 5115 1966 5198 propriaque

594 5215 780 5299 indignitatis
804 5217 1004 5296 conscientia,
1033 5214 1154 5278 latendo
1176 5234 1211 5277 se
1232 5224 1315 5279 tanto
1339 5224 1458 5303 tamque
1481 5212 1607 5276 mirabili
1628 5214 1794 5276 ministerio
1816 5212 1968 5298 indignos

596 5333 681 5378 esse:
704 5317 869 5396 timoreque
891 5334 931 5379 ne
952 5317 1000 5379 sui
1023 5333 1115 5378 causa
1129 5316 1211 5378 Deus
1234 5315 1360 5398 gratiam
1383 5322 1415 5378 et
1436 5312 1613 5377 heneficium
1635 5312 1716 5394 quod
1735 5313 1908 5394 postulatur
1930 5322 1966 5378 et
