5150 6534
567 860 645 934 496
1071 855 1432 935 titulati

571 1056 698 1118 amator
724 1045 903 1135 bominum,
930 1046 1134 1139 insipientias
1157 1023 1274 1139 populi
1301 1044 1369 1131 tui..
1400 1040 1458 1114 ble
1484 1064 1618 1140 quoque
1643 1053 1859 1140 peccatorem
1886 1042 1941 1117 in-

568 1159 689 1231 mulum
715 1168 807 1231 tuum
833 1162 966 1255 suscipe
993 1162 1079 1230 inter
1105 1157 1344 1253 deprecatores
1376 1166 1467 1245 bros,
1501 1180 1612 1255 neque
1636 1157 1784 1255 repellas
1818 1184 1876 1234 me
1902 1160 1942 1234 ab

567 1273 771 1346 haereditate
797 1285 865 1360 tna,
892 1282 1029 1370 propter
1056 1295 1160 1368 opera
1187 1296 1261 1343 mea
1290 1295 1376 1367 qnae
1402 1284 1436 1344 te
1462 1273 1596 1365 indigna
1623 1286 1710 1347 sunt.

676 1389 852 1460 Sacerdos
879 1389 1016 1460 eleanan
1041 1410 1166 1460 nocem.
1221 1386 1390 1460 Confirma
1417 1398 1451 1459 et
1466 1399 1614 1461 sustenta
1639 1387 1831 1462 Ecclesiam
1856 1400 1943 1463 tuam

569 1506 712 1578 Domine
737 1528 798 1600 por
826 1508 995 1577 orationes
1023 1503 1248 1599 acceptabiles
1266 1512 1301 1573 et
1314 1500 1486 1598 pacificas,
1512 1504 1689 1582 Pastorum
1706 1505 1839 1579 illorum
1859 1527 1941 1601 qnos

569 1621 701 1713 elegisti
728 1631 761 1692 et
791 1622 972 1707 vocavisti,
1008 1621 1243 1714 mysteriisque
1275 1621 1339 1691 tuis
1373 1622 1497 1692 sanctis
1529 1618 1722 1714 perfecisti,
1756 1629 1791 1693 et
1823 1621 1941 1716 quibus

570 1738 800 1808 oeconomiam
828 1736 944 1806 domus
971 1744 1060 1822 tuae,
1087 1757 1162 1806 eum
1189 1736 1365 1806 autoritate
1391 1733 1570 1806 credidisti.
1615 1736 1669 1807 Da
1695 1734 1760 1807 illis
1787 1737 1940 1828 Domine,

568 1863 604 1923 ut
630 1877 649 1923 a
676 1850 761 1944 lupis
787 1848 1035 1922 insidiatoribus
1062 1871 1148 1922 oves
1177 1860 1250 1920 tuas
1285 1848 1463 1940 vigilanter
1497 1849 1713 1941 custodiant,
1734 1862 1941 1947 pascentque

568 1989 635 2037 non
664 1970 853 2053 oscitanter,
885 1964 986 2037 etad
1013 1966 1108 2060 prata
1136 1967 1340 2050 securitatis,
1368 1974 1467 2058 atque
1494 1962 1535 2035 ad
1562 1987 1667 2059 aquas
1694 1969 1833 2083 quietis,
1861 1988 1942 2063 pure

569 2090 701 2152 etcum
729 2080 856 2152 bonore
882 2103 942 2153 eas
970 2079 1153 2168 deducant,
1186 2077 1377 2173 talentaque
1410 2102 1471 2151 sua
1504 2078 1684 2175 prudenter
1710 2080 1940 2177 multiplicent:

570 2206 727 2268 avertens
747 2200 875 2266 interea
898 2221 918 2267 a
938 2195 1061 2291 populo
1088 2206 1157 2281 tuo,
1184 2205 1216 2265 et
1242 2192 1446 2265 haereditate
1464 2205 1520 2288 tua
1537 2217 1600 2289 per
1622 2197 1794 2267 orationes
1815 2217 1940 2282 eorum,

570 2334 701 2383 omnem
716 2313 941 2405 captivitatem
954 2313 1193 2406 perniciosam3
1209 2331 1340 2381 omnem
1355 2308 1641 2381 conturbationem
1653 2313 1940 2398 noxiam,omnem

568 2427 761 2498 violentiam
788 2430 1023 2519 cujuscumque
1050 2428 1203 2517 generis,
1240 2446 1370 2495 omnem
1407 2424 1667 2517 alienigenarum
1699 2427 1939 2498 incursionem:

571 2564 702 2613 omnem
729 2546 983 2637 perversitatem
1012 2553 1046 2612 et
1072 2544 1268 2635 nequitiam,
1297 2562 1428 2611 omnem
1455 2544 1655 2613 inimicitiam
1681 2552 1715 2612 et
1741 2544 1838 2629 tram,
1865 2539 1940 2636 pla-

569 2680 632 2749 gas
661 2679 776 2730 amnes
805 2668 838 2730 et
864 2656 1092 2729 rebellionem.
1134 2657 1236 2747 Ange
1261 2656 1423 2744 Domine,
1456 2679 1517 2751 por
1551 2656 1814 2729 misericordiam
1840 2666 1940 2746 mam,

570 2784 603 2843 et
630 2796 776 2846 amorem
805 2796 887 2864 erga
914 2772 1064 2843 homines
1093 2782 1193 2857 tuum,
1221 2771 1468 2843 omnebonum
1495 2772 1697 2867 perlectum,
1723 2795 1825 2845 omne
1851 2794 1939 2865 gau·

570 2887 656 2958 dium
690 2890 883 2983 pacilicum,
920 2909 1050 2958 omnem
1085 2886 1324 2957 exultationem
1358 2898 1392 2958 et
1427 2889 1590 2981 quietem,
1624 2886 1874 2960 unanimitatem
1908 2893 1940 2958 et

570 3003 796 3093 concordiam,
823 3025 952 3073 omnem
979 3004 1162 3073 castitatem
1189 3010 1223 3072 et
1248 3003 1436 3095 puritatem,
1463 3001 1700 3094 benignitatem
1720 3014 1754 3075 et
1774 3006 1938 3088 unionem,

569 3129 604 3189 ut
630 3122 746 3190 unitati
773 3132 849 3191 tuae
876 3118 1006 3190 sublimi
1033 3140 1115 3212 prae
1143 3116 1311 3203 omnibuS,
1345 3116 1522 3191 offeramus
1555 3122 1736 3210 gratiarum
1765 3120 1938 3203 actionem,

569 3236 675 3328 qualis
701 3235 831 3328 gloriae
858 3245 934 3307 tuae
961 3233 1118 3321 debetur,
1146 3232 1456 3328 adorationemque,
1490 3235 1597 3328 qnabs
1631 3234 1729 3306 decet
1762 3238 1938 3306 essentiam

569 3360 656 3420 tuam
684 3362 716 3421 et
732 3350 817 3421 Filio
846 3361 901 3423 tuo
929 3354 1112 3442 unigenito,
1140 3358 1174 3419 et
1187 3346 1323 3442 Spiritui
1351 3358 1405 3420 tuo
1433 3353 1516 3421 vivo
1544 3360 1577 3421 et
1604 3359 1721 3420 sancto
1749 3372 1851 3440 nnnc,
1878 3358 1938 3420 etc.

672 3465 833 3557 Populus.
888 3468 1007 3536 Amen.
1892 3473 1894 3478 '

673 3579 847 3651 Sacerdos
879 3581 1070 3651 inclinatus.
1123 3581 1292 3651 Memento
1315 3578 1459 3650 Domine
1484 3581 1598 3675 populi
1625 3584 1671 3651 tui
1698 3580 1754 3673 qui
1781 3588 1846 3650 stat
1872 3602 1938 3651 no-

568 3691 714 3780 biscum,
747 3705 781 3766 et
807 3694 1004 3789 deprecatur
1030 3718 1151 3767 nomen
1178 3708 1287 3783 tuum,
1319 3717 1402 3789 prae
1435 3695 1587 3768 omnibns
1618 3716 1745 3789 purum.
1800 3693 1938 3790 Suscipe

569 3805 628 3879 bas
657 3807 860 3894 oblationes,
888 3831 970 3902 quas
998 3808 1186 3884 abtulerunt
1212 3811 1288 3900 tibi,
1316 3809 1540 3899 confidentes,
1567 3810 1654 3905 quod
1680 3833 1743 3905 per
1769 3814 1937 3883 orationes

569 3933 703 3993 nostras
737 3921 875 3994 humiles
911 3926 1175 4019 acceptabantur.
1237 3928 1379 4019 Suscipe
1413 3948 1472 3996 eas
1507 3924 1548 3996 ab
1584 3927 1646 3999 illis
1679 3927 1843 4010 Domine,
1880 3947 1938 4022 per

571 4061 719 4109 amorem
746 4061 829 4129 erga
855 4039 1005 4111 homines
1034 4051 1137 4133 tuum,
1170 4053 1206 4114 nt
1238 4065 1305 4114 non
1342 4040 1511 4112 auferatur
1545 4063 1623 4137 spes
1656 4041 1864 4113 adorantium
1890 4054 1937 4113 te:

571 4164 604 4223 et
632 4176 748 4225 eorum
775 4158 873 4225 etiam
901 4158 954 4248 qui
980 4157 1156 4228 voluerunt
1183 4159 1316 4245 olierre,
1348 4156 1408 4228 sed
1435 4156 1623 4228 facultatem
1650 4178 1717 4228 non
1745 4155 1937 4230 babuerunt

569 4265 681 4364 Exple
708 4267 920 4359 indigentiam
948 4293 1073 4359 eorum,
1100 4297 1161 4367 per
1189 4296 1339 4346 amorem
1365 4282 1452 4343 tunm
1481 4294 1563 4363 erga
1591 4271 1750 4343 homines.

674 4383 850 4455 Sacerdos
876 4384 1012 4455 elevans
1042 4409 1167 4458 nocem.
1212 4390 1256 4460 Et
1282 4398 1317 4458 ut
1343 4387 1500 4460 iratribus
1527 4387 1590 4458 illis
1616 4391 1741 4459 nostris
1770 4410 1939 4483 praesen-

569 4498 672 4585 tibus,
706 4508 739 4568 et
765 4496 938 4571 nobiscnm
966 4503 1147 4590 stantibus,
1174 4505 1448 4598 clementiamque
1478 4513 1565 4575 tuam
1593 4503 1745 4575 omnibus
1772 4526 1940 4599 praesen-

569 4623 635 4685 tem
663 4612 929 4709 deprecantibus,
957 4620 1167 4714 susoipiendo
1195 4630 1286 4708 vota,
1315 4618 1516 4705 oblationes,
1543 4620 1703 4713 primitias
1731 4628 1765 4690 et
1792 4619 1938 4691 decimas

570 4752 705 4816 eorum,
733 4733 891 4821 ignoscas
919 4737 1225 4826 praevaricationes
1253 4756 1332 4808 suas
1365 4744 1399 4805 ct
1432 4744 1584 4825 nostras,
1618 4732 1833 4828 stabiliusque
1867 4735 1939 4806 illos

568 4841 715 4937 benigne
742 4855 776 4917 et
800 4846 952 4940 pacifice,
978 4860 1180 4946 avertasque
1208 4848 1249 4921 ab
1277 4850 1341 4921 illis
1367 4872 1429 4945 por
1455 4849 1725 4944 deprecationem
1744 4872 1862 4922 eorum
1886 4854 1938 4945 qui

569 4957 692 5032 iaciunt
716 4959 921 5033 voluntatem
948 4973 1056 5053 tuam,
1083 4988 1214 5036 omnem
1241 4967 1343 5053 iram,
1371 4975 1404 5036 et
1431 4962 1658 5052 afflictionem,
1690 4987 1790 5037 omne
1815 4965 1937 5038 bebnm

569 5084 603 5145 et
630 5073 812 5167 dissidium,
839 5078 976 5150 caedem
1004 5091 1037 5151 et
1064 5079 1188 5169 dolum,
1221 5081 1465 5153 dissensionem
1490 5101 1621 5151 omnem
1649 5089 1682 5150 et
1708 5079 1938 5169 rebeDion'em,

569 5189 832 5286 seditionemque
858 5198 1097 5288 perniciosam3
1131 5217 1262 5267 omnem
1291 5208 1418 5268 reatum
1446 5216 1512 5290 qno
1541 5197 1744 5266 conscientia
1772 5194 1937 5267 nubetur:

567 5317 750 5381 commutes
786 5318 895 5379 autem
929 5308 1072 5381 Domine
1105 5333 1166 5406 per
1203 5334 1315 5383 curam
1349 5324 1436 5384 tuam
1473 5308 1751 5405 omnipotentem,
1786 5331 1849 5406 pro
1889 5313 1936 5381 ira
