5150 6534
860 860 1701 941 tonnitsnnsonnnsls.
1891 858 1967 932 427

600 1054 760 1123 maasiae
790 1072 933 1147 expers,
968 1059 1001 1121 et
1038 1052 1129 1122 omni
1164 1049 1343 1123 substantia
1377 1050 1548 1143 superior,
1583 1045 1748 1141 quomodo
1777 1046 1918 1119 obtineri
1946 1070 1965 1118 a

601 1164 699 1238 nobis
725 1175 854 1262 posset,
885 1187 946 1262 per
972 1176 1121 1238 aromata
1147 1164 1358 1274 mqterialia?
1385 1164 1510 1235 Verum
1543 1160 1645 1233 induti
1670 1160 1768 1232 lilium
1797 1169 1884 1231 tuum
1913 1160 1969 1230 di-

600 1282 740 1369 lectum,
767 1280 941 1376 aequalem
968 1279 1026 1351 tibi
1057 1290 1242 1376 potestate,
1276 1281 1404 1374 gloria,
1437 1279 1605 1350 creatione
1641 1288 1674 1347 et
1707 1279 1965 1348 conservatione

602 1417 718 1468 eornm
746 1419 830 1491 quae
857 1405 950 1482 sunt,
977 1417 1039 1491 per
1063 1393 1300 1487 benignitatem
1335 1398 1406 1486 ejus
1441 1414 1556 1464 amore
1589 1414 1671 1484 erga
1704 1392 1854 1464 homines
1887 1389 1966 1485 ple-

549 1531 554 1541 ·
602 1513 784 1599 nissimam,
812 1510 963 1582 eumdem
994 1504 1008 1545 ⁸
1034 1513 1066 1580 in
1093 1512 1290 1583 sacrificium
1318 1522 1351 1582 et
1377 1510 1576 1581 oblationem
1609 1507 1736 1600 absque
1764 1505 1910 1594 macula,
1938 1515 1971 1576 et

602 1648 719 1723 puram
748 1624 914 1710 offerimus
941 1624 1011 1714 tibi,
1039 1648 1135 1720 quem
1161 1630 1269 1722 ipsum
1296 1626 1547 1721 deprecatorem
1573 1622 1746 1694 nobiscum
1777 1644 1855 1693 esse
1880 1620 1970 1692 laci-

601 1763 686 1813 mus.
739 1742 968 1837 Deprecamur
995 1752 1027 1812 to
1053 1740 1160 1812 solnm
1186 1741 1311 1813 bonum
1338 1751 1372 1813 et
1397 1739 1605 1832 magnificum
1632 1742 1666 1808 in
1687 1736 1876 1810 muneribus
1892 1735 1971 1810 Do-

602 1859 704 1945 mine,
731 1881 751 1929 a
778 1881 842 1952 quo
870 1880 969 1930 omno
996 1858 1104 1929 datum
1131 1855 1272 1946 bonum,
1300 1868 1335 1928 et
1360 1859 1469 1928 omnia
1495 1854 1582 1925 dona
1611 1851 1759 1948 perfecta
1787 1863 1879 1941 sunt,
1915 1855 1972 1947 qui

602 1970 712 2043 iecisti
736 1993 872 2064 magum,
899 1994 961 2044 neo
988 1971 1244 2065 investigabilia,
1271 1972 1445 2068 praeclara
1472 1973 1570 2040 etiam
1588 1977 1686 2063 atquc
1714 1970 1863 2057 excelsa,
1891 1971 1970 2063 qui-

601 2085 666 2160 bus
692 2107 760 2157 non
787 2098 839 2159 est
864 2109 1036 2175 numanae,
1063 2099 1098 2160 ut
1124 2088 1320 2161 sacrificium
1347 2086 1411 2159 boc
1437 2083 1633 2157 rationabile
1661 2087 1703 2155 sit
1735 2082 1971 2179 accipientibus

604 2202 648 2275 ad
680 2202 818 2275 salntem
846 2201 1052 2298 ‘perfectam
1089 2204 1131 2275 ad
1165 2203 1393 2275 liberationem
1427 2227 1447 2274 a
1481 2200 1609 2272 delictis
1637 2222 1775 2293 quorum
1811 2204 1859 2271 rei
1887 2210 1971 2287 sunt,

603 2328 639 2391 et
670 2315 713 2390 ad
745 2318 966 2391 salvationem
999 2342 1018 2389 a
1055 2320 1222 2413 suppliciis
1258 2319 1499 2403 acerbissimis,
1538 2327 1572 2388 et
1604 2314 1865 2387 intolerabilibus
1901 2337 1971 2406 ge-

601 2427 743 2522 hennae,
770 2443 868 2528 atque
895 2434 938 2505 ad
963 2434 1166 2529 voluptatem
1194 2446 1406 2506 aeternorum
1432 2434 1595 2505 bonorum
1623 2431 1902 2525 consequendam.

709 2548 870 2643 Populea.
923 2551 1041 2623 Arnen.

707 2665 881 2740 Sacerdos
912 2665 1103 2736 inclinatas.
1157 2666 1325 2739 Memento
1359 2668 1502 2738 Domine
1535 2666 1711 2737 Pastorum
1748 2661 1970 2734 Orthodoxo-

602 2799 689 2875 rum,
715 2782 769 2876 qui
796 2782 929 2853 suntin
956 2802 1162 2875 quocumque
1189 2781 1279 2872 loeo,
1306 2786 1502 2878 praesertim
1537 2803 1621 2852 vero
1655 2781 1696 2851 D.
1722 2778 1763 2850 N.
1797 2786 1830 2847 ct
1855 2776 1896 2846 D.
1929 2776 1969 2847 N.

602 2897 707 2968 vitam
733 2893 792 2967 tibi
817 2894 1001 2989 placentem
1028 2898 1109 2991 ipsis
1126 2897 1327 2987 concedens,
1353 2896 1626 2992 prudentiamque
1652 2918 1725 2967 curn
1752 2893 1869 2966 fiducia
1882 2916 1971 2966 con-

598 3012 766 3103 junctam,
814 3020 1018 3083 senectutem
1059 3011 1238 3105 placidam,
1277 3012 1520 3107 virtutibusque
1562 3010 1767 3082 cumulatam.
1820 3010 1873 3081 Da
1908 3010 1972 3082 illis

602 3129 778 3202 samtamm
803 3129 969 3221 corporis,
996 3125 1039 3197 ad
1066 3128 1290 3200 subiciendum
1307 3130 1489 3200 ministerio
1506 3125 1714 3214 sacerdotali,
1742 3136 1776 3197 et
1803 3127 1970 3223 spirituali.

555 3296 561 3300 -
602 3239 753 3315 Verbum
779 3242 1054 3313 etiamveritatis
1081 3240 1134 3313 lac
1161 3246 1193 3314 in
1221 3264 1281 3314 ore
1307 3242 1461 3332 babeant,
1489 3253 1523 3313 ut
1547 3251 1701 3344 qnantum
1727 3245 1866 3336 possint,
1885 3264 1971 3333 gre-

604 3377 668 3450 ges
694 3353 888 3427 confirment
914 3359 947 3427 in
973 3357 1244 3450 verareligionc,
1272 3381 1374 3454 super
1393 3359 1637 3431 fundamentum
1664 3357 1758 3428 fidei:
1787 3379 1845 3429 cos
1863 3369 1971 3429 autem

605 3473 662 3568 qni
695 3493 741 3542 err
772 3471 918 3544 adverso
950 3478 1116 3546 constituti
1149 3486 1241 3562 sunt,
1285 3498 1359 3547 cum
1393 3476 1467 3547 nelo
1499 3472 1711 3565 redarguant
1764 3471 1973 3546 sacerdotali

605 3586 714 3692 ordini
739 3587 888 3660 concede
915 3612 988 3659 cum
1016 3588 1186 3663 doctrinae
1213 3594 1364 3679 sanitate,
1390 3591 1526 3684 longam
1541 3612 1605 3660 nec
1626 3592 1766 3682 egestati
1790 3587 1971 3662 obnoxiam

605 3710 829 3788 senectutem,
862 3712 895 3773 et
930 3726 1089 3776 coronam
1124 3705 1252 3799 gloriae
1285 3706 1399 3803 populi
1430 3710 1484 3778 tui.
1537 3707 1698 3778 Diaconis
1730 3703 1833 3777 robur
1870 3710 1972 3777 mini-

605 3820 710 3892 sterio
738 3821 944 3891 conveniens
971 3821 1133 3913 eopccde,
1161 3822 1257 3894 simul
1283 3847 1357 3894 cum
1384 3822 1531 3896 moribus
1546 3823 1659 3909 castis,
1687 3832 1720 3892 et
1741 3843 1802 3917 spe
1816 3824 1971 3914 jucunda.

605 3931 777 4005 Memento
803 3934 946 4006 Domine
972 3958 1033 4030 per
1058 3923 1296 4029 benignitatem
1323 3938 1569 4009 misericordiae
1596 3948 1682 4023 tuac,
1711 3948 1745 4008 ct
1772 3941 1836 4009 mei
1861 3940 1973 4027 intimi,

605 4053 713 4144 nsque
740 4047 781 4119 ad
807 4059 930 4120 terram
956 4049 1087 4142 abjecti,
1116 4053 1158 4125 ob
1186 4076 1261 4125 mea
1289 4058 1436 4140 crimina,
1463 4063 1497 4127 et
1522 4056 1703 4149 propitiare
1729 4066 1869 4148 peccato
1884 4077 1973 4143 mco,

606 4163 742 4236 multum
771 4173 822 4237 cst
848 4168 943 4237 enim.
978 4168 1031 4239 Da
1058 4169 1135 4240 mibi
1161 4181 1196 4242 ut
1221 4193 1305 4266 pure
1332 4174 1491 4266 aspiciam
1516 4170 1626 4241 lumen
1643 4166 1794 4239 mirabile
1812 4174 1973 4242 scientiae

607 4291 704 4369 tuae,
737 4288 771 4351 et
801 4303 842 4352 ea
880 4304 965 4375 quae
993 4304 1123 4356 sursum
1150 4295 1225 4357 sunt
1251 4309 1428 4380 quaeram,
1463 4308 1549 4379 quae
1576 4306 1706 4356 sursum
1733 4295 1809 4355 sunt
1834 4289 1973 4381 sapiam,

609 4406 644 4468 et
668 4416 736 4467 non
763 4398 907 4486 cogitem
934 4395 976 4467 de
1004 4402 1142 4472 terrenis
1168 4400 1282 4492 rebus,
1310 4425 1395 4496 quae
1421 4400 1507 4472 infra
1534 4412 1567 4473 et
1594 4399 1710 4495 procul
1733 4424 1753 4473 a
1780 4410 1811 4471 te
1832 4404 1972 4473 animam

609 4510 784 4597 inclinant,
820 4514 853 4580 in
880 4534 1020 4605 eamque
1046 4514 1202 4588 tenebras
1227 4515 1401 4608 inducunt,
1433 4529 1560 4589 utnon
1587 4516 1650 4588 illis
1678 4538 1762 4610 quae
1789 4529 1971 4612 praestan-

608 4631 696 4700 tiora
723 4635 798 4699 sunt
824 4636 939 4699 careat
965 4633 1070 4700 anima
1099 4655 1192 4722 mea,
1222 4656 1332 4729 neque
1359 4638 1421 4706 sim
1448 4646 1602 4728 tanquam
1633 4632 1794 4705 aberrans
1830 4656 1849 4703 a
1883 4656 1973 4705 coe-

608 4741 686 4828 lesti
701 4746 892 4833 vocatione,
920 4754 1019 4838 atque
1036 4745 1176 4839 gloriae,
1204 4760 1237 4819 et
1254 4750 1462 4822 beatitudinis
1482 4773 1566 4845 quae
1584 4749 1650 4821 ibic
1670 4759 1733 4838 est,
1750 4752 1972 4844 privationem

610 4862 799 4934 sustineam.
851 4859 1028 4932 Moderare
1060 4867 1158 4935 etiam
1192 4869 1388 4937 tentationes
1414 4868 1458 4937 ita
1485 4875 1519 4937 ut
1544 4864 1618 4937 illas
1646 4867 1808 4938 sustinere
1833 4867 1972 4958 possim,

611 4985 647 5060 et
678 4972 825 5066 effingere
857 4974 974 5046 fluctus
1011 4989 1043 5048 et
1078 4983 1276 5071 agitationes
1310 4984 1526 5075 nequitiarum
1559 4980 1692 5053 saeculi.
1751 4977 1971 5052 Subdiaconis

610 5094 897 5183 perseverantiam
913 5095 944 5161 in
966 5092 1151 5184 honestate,
1182 5106 1215 5166 ct
1233 5097 1407 5191 praeclara
1427 5098 1701 5169 conversatione:
1725 5094 1845 5166 Psaltis
1868 5099 1971 5166 mini-

611 5208 747 5277 sterium
774 5207 959 5301 spirituale,
987 5218 1022 5279 et
1047 5209 1239 5302 dignitatem
1265 5234 1393 5283 morum
1421 5216 1683 5283 convenientem.
1734 5211 1971 5307 Interpretibus

611 5320 759 5393 concede
787 5327 1016 5420 perspicacem
1041 5327 1291 5421 intelligentiam
1316 5329 1478 5419 locorum,
1506 5339 1539 5400 et
1555 5330 1781 5401 tractationem
1801 5326 1972 5399 sublimem

668 5458 754 5502 tomus
768 5458 791 5501 n
1725 5447 1773 5518 57
