5150 6534
688 1309 1573 1557 Dtttllllltt

957 1919 1193 2100 Statu
1245 1919 1317 2100 lS

451 2249 1038 2329 ttutclllltttttn
1094 2253 1174 2328 ΕΤ
1235 2242 1822 2327 Jncosslrnnttu

851 2457 1433 2579 LITURGIIS.

995 2770 1280 2809 4—-

553 3178 579 3251 1.
616 3149 692 3254 Dc
719 3175 870 3272 Syriacis
897 3175 1128 3248 Melchitarum
1154 3180 1229 3250 sive
1257 3175 1539 3264 Orthodoxorum‚
1566 3185 1601 3247 ιιι
1628 3179 1727 3249 etiam
1753 3178 1819 3249 Ja-
1867 3192 2001 3248 stelenum
2018 3205 2044 3248 a
2061 3195 2140 3250 tneo-

451 3295 637 3368 cobitarum
662 3292 821 3385 Liturgiis
849 3295 1047 3385 conjunctim
1075 3294 1234 3380 dicemus,
1262 3291 1350 3388 quod
1383 3314 1451 3364 non
1478 3291 1578 3363 modo
1606 3292 1724 3363 eadem
1750 3293 1819 3364 lin-
1833 3277 2071 3417 ¹³¹²⁰L⁰f³¹¹¹¹³f¹¹¹⁰m
2085 3283 2141 3335 ¹⁰¹·

451 3433 517 3504 gua
544 3415 690 3508 scriptae
716 3419 802 3498 sunt,
829 3431 915 3504 quae
942 3419 993 3480 est
1008 3409 1150 3505 Syriaca
1170 3420 1279 3496 vetus,
1307 3407 1367 3480 sed
1394 3411 1491 3479 etiam
1508 3408 1596 3503 quod
1623 3418 1698 3481 sunt
1723 3408 1821 3504 plane
1833 3380 1902 3507 ΕΞ
1928 3373 2075 3436 nummu
2089 3368 2138 3421 h*

451 3527 585 3600 similes.
627 3526 680 3599 Ea
705 3547 791 3598 vero
818 3525 993 3597 similitudo
1019 3527 1145 3597 nonin
1171 3525 1244 3597 sola
1270 3523 1326 3596 illa
1352 3524 1502 3616 generali
1528 3546 1698 3596 sacrorum
1725 3525 1822 3598 cele-

369 3663 374 3670 ·
450 3641 653 3716 brandonum
686 3639 814 3729 forma,
851 3662 937 3736 quae
971 3639 1123 3713 omnihus
1156 3639 1320 3712 Ecclesiis
1347 3642 1527 3712 communis
1554 3650 1622 3728 est,
1659 3645 1821 3730 consistit,

450 3778 567 3828 uerum
592 3761 628 3828 in
653 3778 696 3829 eo
724 3756 812 3852 quod
837 3759 942 3852 prima
970 3765 1004 3827 et
1029 3759 1221 3851 praecipua,
1248 3755 1291 3827 ad
1318 3777 1415 3851 quam
1441 3754 1589 3851 reliquae
1624 3778 1820 3829 accommo-

452 3869 550 3943 datae
576 3882 661 3960 sunt,
689 3881 723 3944 et
739 3893 823 3967 quae
836 3870 966 3943 Jacobo
985 3869 1146 3958 tribuitur,
1174 3869 1215 3941 ab
1229 3874 1376 3965 utrisque
1392 3875 1544 3966 usurpari
1561 3871 1657 3948 solet
1691 3871 1820 3968 Nempe

454 3989 529 4082 quia
554 3987 730 4061 lacobitae
757 4011 831 4059 cum
858 3987 899 4059 ab
926 3985 1082 4058 Ecclesia
1110 3996 1333 4075 secesserunt,
1362 3997 1570 4059 sacramenta
1596 3991 1743 4082 ritusque
1758 4010 1820 4060 sa-

332 4121 339 4130 ·
452 4123 547 4191 crost,
582 4102 758 4176 Ecclesiae
791 4099 985 4175 Oadtolicae
1020 4106 1176 4199 proprios
1216 4113 1458 4190 servaverunt,
1498 4107 1595 4195 gnari
1635 4103 1819 4176 traditionis

451 4217 673 4312 Apostolicae
700 4243 720 4291 a
748 4242 811 4315 qua
838 4223 918 4293 satis
945 4219 1277 4292 commendabantur:
1313 4219 1442 4291 illorum
1474 4242 1559 4292 vero
1586 4218 1726 4292 sormam
1753 4242 1819 4290 an-

453 4335 585 4428 tiquitus
611 4335 774 4423 traditam,
801 4347 998 4430 pervertere
1025 4347 1058 4408 et
1085 4334 1241 4423 abolere,
1278 4335 1456 4426 sacrilegio
1492 4339 1681 4429 proximum
1710 4338 1820 4406 visum

451 4448 517 4522 illis
542 4447 669 4523 luisset.
703 4451 790 4522 Nam
817 4460 939 4524 tantum
966 4452 1069 4524 abluit
1094 4460 1130 4522 ut
1155 4451 1197 4523 de
1221 4451 1419 4546 Apostolica
1445 4448 1571 4521 illarum
1598 4448 1819 4543 liturgiarum

453 4567 582 4656 origine
609 4565 796 4639 dubitarent
822 4566 931 4660 (quod
957 4575 1023 4638 tam
1050 4589 1169 4640 secure
1202 4566 1352 4638 iecerunt
1383 4564 1656 4656 Reformatores)
1692 4577 1819 4638 utnon

451 4680 552 4752 modo
580 4704 640 4755 eas
667 4705 714 4754 ex
738 4682 977 4777 Apostolorum
1004 4685 1205 4755 institutione
1231 4705 1398 4771 manasse,
1425 4704 1543 4755 verum
1570 4681 1611 4767 ab
1639 4681 1702 4753 illis
1730 4685 1820 4754 scri-

451 4803 527 4892 ptas
552 4796 658 4869 luisse
685 4802 850 4870 communi
877 4801 1032 4894 opinione
1052 4809 1194 4886 teneant,
1222 4798 1310 4894 quod
1327 4809 1460 4894 practer
1485 4798 1606 4870 multos
1634 4796 1728 4884 alios,
1751 4797 1819 4868 do-

451 4915 519 4984 cuit
544 4915 684 5007 insignis
711 4915 799 5010 apud
825 4913 996 4987 Jacohitas
1023 4915 1228 5007 Theologus
1254 4917 1436 5012 Dionysius
1461 4912 1635 4986 Barsalihi.

554 5029 594 5102 Π.
622 5030 713 5103 Sane
740 5033 903 5102 maximus
931 5034 1075 5102 omniurn
1101 5031 1264 5128 Syrorum
1298 5030 1339 5101 de
1365 5027 1484 5101 Jacobi
1518 5029 1689 5120 Liturgiae
1725 5029 1816 5099 anti·
1865 5034 1929 5090 Cum
1948 5037 2050 5092 Graecis
2072 5057 2139 5094 cou-

452 5146 576 5237 quitate
603 5157 637 5217 et
663 5150 838 5218 autoritate
866 5168 1049 5220 consensus
1071 5157 1132 5234 est,
1158 5150 1192 5217 in
1219 5168 1283 5242 quo
1308 5146 1436 5218 illomm
1452 5145 1584 5218 traditio
1612 5142 1817 5215 Graecarum
1830 5125 2138 5264 ”⁰‘¹”‘,d⁰⁸[f³l⁰i“‘⁰

450 5256 679 5333 Ecclesiarum
704 5262 868 5334 traditioni
895 5271 947 5334 est
972 5261 1069 5356 plane
1097 5262 1224 5334 similis:
1250 5285 1326 5333 nam
1359 5262 1435 5333 licet
1461 5261 1514 5341 illa
1547 5262 1655 5332 rarius
1687 5270 1817 5332 utantur
1830 5220 1999 5352 {tfflm
2026 5221 2136 5283 mm

452 5397 473 5448 a
504 5375 614 5450 multis
647 5378 808 5467 saeculis,
847 5382 987 5474 primam
1020 5389 1128 5450 tamen
1164 5390 1197 5449 et
1231 5382 1488 5474 antiquissimam
1523 5379 1668 5450 omnium
1699 5377 1818 5468 luisse,

476 5515 598 5560 nomn
1589 5495 1606 5568 1
