5150 6534
730 1690 1110 1816 tinnierit
1145 1639 1407 1874 urrsoou
1440 1696 1860 1823 unoounuus.

1027 2002 1149 2073 Oratio
1177 2005 1258 2072 ante
1285 2001 1434 2073 osculnm
1458 2000 1576 2075 Pace.

678 2195 798 2299 Duos
825 2224 881 2316 qui
908 2243 948 2295 es
973 2242 1068 2292 mare
1093 2223 1201 2316 pacis,
1227 2219 1347 2293 fluvius
1374 2224 1531 2318 perennis
1558 2224 1727 2314 caritatis,
1753 2232 1788 2296 et
1812 2223 1889 2299 lons
1914 2248 1985 2322 pu-

606 2340 726 2428 ritatis,
753 2340 810 2433 qui
835 2355 953 2415 omnes
980 2335 1180 2408 accedentes
1208 2334 1251 2406 ad
1278 2345 1322 2422 te,
1348 2358 1435 2431 pace
1461 2359 1548 2431 quae
1578 2359 1599 2408 a
1635 2348 1669 2409 te
1702 2348 1754 2411 est
1787 2339 1981 2435 umquilloe

608 2451 796 2552 reddie,‘et
814 2453 997 2525 *sanctitate
1024 2472 1111 2545 quae
1136 2453 1264 2547 pariter
1291 2474 1310 2521 a
1336 2461 1372 2523 te
1398 2462 1451 2525 est
1476 2450 1680 2525 sanctificas:
1708 2452 1749 2524 da
1776 2454 1873 2527 nobis
1900 2477 1982 2527 ser-

604 2567 660 2643 vis
688 2578 722 2641 et
748 2566 941 2658 domesticis
968 2568 1052 2654 tuis,
1078 2565 1238 2653 Domine,
1276 2577 1311 2638 et
1341 2575 1477 2662 praesta
1509 2566 1607 2640 nohis
1642 2558 1814 2658 omnibus,
1840 2578 1877 2640 ut
1908 2592 1983 2642 cum

605 2684 748 2757 camtete
774 2682 842 2756 odii
870 2691 1027 2777 experte,
1063 2690 1097 2752 et
1122 2678 1300 2754 dilectione
1327 2683 1476 2770 sincera,
1511 2681 1749 2776 amplectamur
1779 2685 1922 2757 invicem
1948 2686 1982 2755 in

605 2801 747 2870 mritate
773 2818 873 2887 uera,
900 2804 935 2866 et
960 2796 1139 2868 dilectione
1165 2796 1396 2885 immaculata,
1428 2796 1672 2891 efficiamurque
1702 2796 1762 2869 tihi
1796 2796 1853 2869 lilii
1885 2802 1981 2895 pacis

605 2922 768 3003 ementes,
793 2910 1072 3008 perficientesque
1087 2911 1303 3000 ,voluntatem
1329 2920 1438 2983 tuam:
1465 2911 1719 3008 celeremusque
1753 2912 1811 2985 uhi
1837 2912 1981 3006 gloriam

605 3034 642 3098 et
677 3025 825 3116 laudem,
865 3026 1027 3120 simulque
1062 3028 1232 3117 unigenito
1271 3023 1358 3097 Filio
1398 3033 1476 3113 tuo,
1519 3036 1553 3098 et
1587 3026 1723 3121 Spiritui
1764 3038 1823 3101 tuo
1862 3037 1980 3102 sancto

604 3159 706 3231 nunc,
733 3150 797 3213 etc.

605 3239 609 3244 ¹
708 3254 871 3349 Populea.
925 3254 1045 3325 Amen.

603 3353 607 3360 ¹
676 3370 888 3464 ¹Diaconos
913 3369 998 3440 dicit
1022 3368 1176 3464 mediata
1229 3366 1364 3439 Stemus
1391 3366 1559 3441 decenter.

606 3503 610 3510 ’
708 3483 892 3555 Sacerdos.
946 3482 1070 3556 Coram
1106 3492 1158 3572 te,
1197 3481 1342 3554 Domine
1375 3503 1499 3574 magne
1540 3492 1574 3554 et
1611 3480 1787 3573 terribilis,
1822 3484 1980 3557 inclinant

604 3600 700 3672 servi
725 3601 773 3671 tui
798 3597 886 3672 colla
919 3601 1102 3670 animarum
1137 3605 1171 3668 et
1203 3618 1381 3692 corporum
1417 3617 1571 3685 suorum3
1603 3607 1638 3670 et
1670 3619 1745 3669 cum
1779 3601 1979 3673 contritione

524 3763 528 3768 .
601 3710 716 3785 cordis
743 3711 965 3807 deprecantur
991 3721 1042 3783 te:
1074 3712 1198 3782 exaudi
1231 3733 1293 3784 eos
1318 3733 1380 3807 per
1407 3713 1638 3782 miserationes
1665 3723 1753 3801 tuas,
1790 3724 1825 3785 et
1855 3714 1978 3806 adjuva

602 3817 681 3914 illos
706 3847 769 3923 per
794 3826 1000 3899 clementiam
1027 3834 1127 3915 tuam,
1153 3825 1335 3898 secundnm
1363 3828 1605 3920 promissiones
1625 3830 1787 3920 unigeniti
1812 3828 1888 3900 Filii
1913 3831 1978 3900 tui:
2053 3908 2058 3911 ,

599 3927 665 4038 'per
690 3961 787 4037 quem
814 3951 848 4013 et
873 3964 948 4012 cum
967 3929 1054 4036 'quo,
1079 3949 1115 4011 te
1141 3938 1238 4012 decet
1263 3939 1374 4031 gloria
1401 3949 1435 4011 et
1460 3938 1579 4030 honor,
1606 3950 1669 4013 etc.

601 4059 607 4067 '
708 4055 870 4148 Populea.
922 4056 1043 4127 Anien.

602 4263 606 4271 Ι
707 4170 892 4241 Sacerdos.
944 4170 1089 4241 Domine
1123 4167 1254 4257 lactor,
1291 4178 1324 4239 et
1359 4169 1512 4242 conditor
1546 4171 1712 4260 omnium,
1746 4173 1802 4267 qui
1836 4174 1977 4269 primum

605 4282 772 4356 homiuem
809 4306 855 4355 ex
886 4281 987 4355 nihilo
1013 4281 1182 4370 formasti,
1221 4290 1256 4353 et
1299 4280 1341 4353 ad
1367 4285 1580 4356 existentiam
1612 4283 1797 4357 adduxisti:
1837 4309 1977 4381 cumque

600 4394 792 4494 peccasset,
819 4407 853 4469 et
877 4396 1066 4469 mandatum
1094 4406 1183 4468 tuum
1209 4406 1443 4489 transgressus
1469 4397 1603 4486 luisset,
1630 4398 1788 4489 salvasti,
1814 4399 1977 4494 donisque

601 4513 667 4586 tuis
695 4512 829 4604 dignum
855 4509 984 4585 iecisti:
1011 4510 1119 4603 dirige
1145 4514 1245 4583 etiam
1271 4533 1358 4583 nunc
1385 4534 1530 4607 corpora
1555 4522 1671 4587 nostra
1699 4522 1734 4585 et
1750 4516 1878 4586 ammas
1904 4502 1976 4585 no-

599 4632 708 4699 stras:
735 4635 770 4699 et
795 4649 816 4697 a
841 4624 945 4698 lovea
971 4628 1206 4720 corruptionis,
1234 4625 1277 4697 ad
1304 4626 1476 4699 excelsum
1503 4637 1593 4699 tuum
1627 4626 1767 4700 sublime
1794 4627 1913 4701 eleva:
1941 4636 1975 4698 et

600 4750 736 4835 praesta
760 4738 859 4812 nobis
886 4750 922 4811 ut
948 4740 1039 4833 digni
1066 4743 1168 4813 simus
1183 4739 1387 4814 ‘muneribus
1413 4744 1496 4815 tuis:
1523 4740 1774 4839 referemusque
1807 4740 1866 4814 tili
1891 4742 1975 4835 glo-

599 4839 685 4927 nam
712 4864 747 4927 et
771 4853 915 4944 laudern,
932 4858 1178 4953 unigenitoque
1205 4854 1292 4927 Filio
1320 4866 1390 4947 tuo,
1417 4865 1481 4929 etc.

605 5024 609 5030 .
704 4968 867 5063 Populus.
918 4969 1039 5043 Amen.

703 5083 892 5155 Diaconos.
946 5081 1079 5156 Stemus
1106 5083 1273 5156 decenter.

704 5197 867 5292 Populea.
920 5196 1157 5270 Miserationes
1181 5198 1256 5270 Dei.

706 5310 891 5384 Sacerdos.
943 5304 1078 5387 ⁴Caritas
1104 5314 1169 5385 Dei
1194 5312 1316 5386 Patris.
