5150 6534
727 945 731 952 ,
786 849 838 924 m
872 847 1164 925 ttttttttttts
1200 817 1477 924 staticus
1770 849 1816 921 m

450 1031 531 1112 quod
552 1032 748 1112 praecipuum
770 1040 801 1093 et
823 1032 1024 1093 sanctuarium
1052 1049 1121 1094 esse
1153 1032 1360 1094 demonstrant
1389 1030 1499 1092 calices
1531 1039 1561 1093 ct
1590 1032 1691 1095 discus
1721 1033 1751 1096 in
1781 1053 1819 1096 co

449 1132 614 1213 designati:
645 1129 718 1192 nibil
748 1131 843 1193 simile
868 1132 897 1192 in
920 1131 993 1208 alio,
1023 1131 1102 1190 inter
1130 1131 1211 1210 quod
1241 1140 1272 1192 ct
1303 1130 1427 1192 altcrtrm
1456 1131 1621 1211 pinguntur
1651 1131 1819 1209 ordinandi,

449 1230 534 1311 quasi
556 1229 739 1292 accedentes
762 1229 800 1290 ad
822 1231 931 1304 altare3
955 1247 1056 1291 coram
1080 1247 1140 1309 ‹puo
1163 1237 1222 1291 stat
1243 1229 1413 1309 Episcopus
1435 1229 1606 1291 Ordinatur.
1650 1230 1704 1292 Est
1726 1248 1819 1310 porro

448 1329 523 1390 ritus
545 1328 609 1404 ille,
631 1329 816 1390 Graecorum
838 1319 965 1410 μεγάλη
988 1317 1122 1404 sigradae,
1147 1346 1235 1406 quem
1259 1328 1414 1407 Coptica,
1440 1327 1618 1407 Aethiopes,
1642 1336 1672 1390 ct
1694 1329 1743 1390 alii
1766 1348 1820 1391 rc-

447 1427 553 1504 tinent,
577 1436 611 1490 ot
632 1428 742 1489 dietum
765 1436 812 1488 est
835 1429 864 1488 in
888 1426 1108 1488 Comnrcutario
1132 1428 1168 1487 ad
1192 1427 1315 1505 primam
1339 1427 1511 1507 liturgiam.

534 1525 629 1608 igitur
659 1543 737 1605 quae
767 1527 797 1587 in
827 1543 864 1587 ea
886 1532 971 1605 parto
995 1525 1136 1605 legimus,
1167 1544 1254 1604 (putam
1278 1527 1403 1605 primum
1434 1524 1576 1587 Ordinem
1605 1541 1660 1586 scu
1684 1521 1819 1585 Ollicium

447 1633 557 1688 vocant
579 1626 609 1685 in
632 1624 746 1687 Codice
771 1624 964 1700 colbertino,
987 1631 1019 1686 ut
1041 1625 1072 1685 iu
1095 1643 1133 1686 eo
1156 1624 1236 1704 tpmd
1260 1624 1352 1685 edidit
1374 1624 1577 1701 Boderiarm's,
1608 1625 1647 1685 ita
1678 1623 1819 1684 videntur

447 1723 639 1804 accipienda,
669 1731 702 1785 ut
732 1724 767 1784 ad
799 1723 955 1784 l'rotlresin
984 1741 1040 1784 sen
1063 1723 1167 1785 Altare
1197 1725 1311 1800 lirinus,
1342 1723 1488 1803 pleraque
1519 1725 1598 1786 liant.
1644 1721 1677 1784 ld
1700 1722 1819 1801 quidem

447 1841 509 1885 uon
531 1823 671 1884 distincte
693 1823 909 1902 praescribitur
931 1823 961 1883 iu
984 1822 1155 1883 Olliciorum
1177 1824 1336 1897 rubricis‚·
1352 1822 1406 1883 sed
1430 1823 1499 1883 illae
1524 1841 1644 1902 quoque
1668 1821 1740 1882 nibil
1763 1820 1819 1881 lra-

448 1921 531 1999 beat,
554 1920 635 2001 quod
657 1921 804 1984 adversus
829 1921 906 1982 lrauc
927 1921 1108 2001 hypothesin
1139 1923 1213 1983 trabi
1246 1929 1354 2002 (pacat,
1386 1929 1415 1982 et
1445 1921 1494 1982 illa
1516 1921 1657 1982 tundatur
1678 1921 1709 1980 iu
1732 1937 1819 1981 com-

447 2021 530 2082 mnni
556 2019 728 2100 disciplina,
746 2038 817 2096 ‘uon
845 2039 881 2082 ea
911 2021 999 2082 urodo
1032 2039 1120 2100 qurum
1144 2023 1252 2081 Grareci
1275 2021 1456 2096 observant,
1486 2020 1540 2081 sed
1569 2038 1606 2082 ea
1628 2019 1718 2080 ctiam
1740 2037 1818 2097 quae

446 2118 532 2198 Syris
554 2117 707 2182 familiaris
730 2119 794 2196 luit,
816 2127 849 2180 nt
872 2120 956 2181 testis
980 2127 1026 2181 est
1048 2120 1210 2200 Dionysius
1232 2119 1391 2180 Barsalibi.

534 2218 633 2280 Potuit
655 2237 776 2299 quoque
798 2219 907 2298 aliquid
924 2219 1097 2280 variationis
1121 2220 1261 2300 accipere
1284 2217 1450 2280 secuudum
1465 2215 1819 2278 divorsasEcclesiarum

447 2317 682 2378 consuetudines
706 2316 781 2380 haec
809 2317 1016 2378 caeremonia:
1041 2324 1070 2377 et
1098 2318 1206 2380 alieubi
1235 2319 1333 2379 statim
1365 2316 1401 2377 ad
1430 2317 1523 2377 altare
1553 2316 1709 2394 proposita
1739 2315 1818 2377 dona

447 2412 557 2477 fnisse:
581 2416 650 2477 alibi
675 2424 854 2495 praeparata
877 2419 907 2477 iu
930 2415 1075 2478 l‘rotlresi.
1122 2416 1247 2494 Graeci,
1279 2437 1318 2477 ex
1351 2433 1477 2496 (prioratui
1508 2413 1614 2474 ritibus
1646 2412 1817 2474 orientales

446 2530 551 2576 omnes
574 2515 623 2576 alii
645 2517 865 2594 produxerunt,
889 2534 996 2595 panem
1026 2517 1279 2593 consumendum,
1305 2524 1335 2576 ot
1363 2511 1506 2593 arrrptrllas
1535 2519 1629 2573 tectas
1661 2511 1697 2571 ad
1721 2510 1816 2570 altare

446 2611 601 2690 delerant,
631 2621 662 2675 ct
691 2615 720 2675 iu
743 2614 829 2676 altari
866 2615 898 2676 lit
927 2616 1013 2694 panis
1043 2615 1073 2674 iu
1103 2615 1265 2693 particulas
1297 2614 1390 2694 prima
1424 2611 1544 2671 divisio:
1574 2618 1633 2670 tum
1664 2611 1762 2671 vitrum
1787 2616 1817 2670 ct

447 2728 524 2792 aqua
547 2712 633 2774 calici
655 2712 866 2775 infunduntur:
892 2721 981 2793 attpuc
1005 2714 1045 2774 ita
1068 2711 1155 2775 bertilo
1178 2713 1304 2792 intelligi
1333 2720 1448 2792 potest,
1479 2710 1640 2771 illationem
1663 2710 1739 2772 banc
1762 2726 1816 2769 seu

445 2810 682 2890 propositionem
705 2811 770 2874 lieri
793 2815 821 2874 iu
846 2812 941 2886 altari,
962 2821 1120 2892 postquam
1143 2812 1351 2874 cameruouiae
1374 2810 1593 2890 praecedentes
1623 2809 1720 2872 laetae
1747 2815 1817 2870 suut

445 2910 477 2970 in
498 2909 645 2987 Protlrcsi‚
668 2919 698 2972 et
720 2905 874 2997 περίοδος
896 2912 962 2974 sive
985 2913 1143 2991 processio
1167 2913 1277 2972 circum
1302 2910 1406 2972 altare.

531 3008 607 3070 Vela
630 3017 728 3071 autem
751 3011 870 3087 calicis,
893 3019 925 3071 ut
948 3009 1072 3085 Graeci,
1103 3012 1141 3071 ita
1172 3010 1341 3072 tlricntales
1374 3010 1458 3089 plura
1489 3009 1607 3071 babent.
1653 3008 1816 3089 Anaplrora
1855 3008 2140 3063 Velacattcisetobla-

445 3106 511 3168 sive
534 3107 666 3170 Arabica
688 3119 769 3176 usn
792 3109 930 3188 Noupltir
952 3127 1042 3170 uirum
1073 3110 1256 3190 appellatur:
1276 3092 1367 3169 ⁴allud
1392 3108 1526 3189 gonteruli
1556 3110 1674 3170 uiolariue
1698 3121 1815 3178 novin·
1830 3105 1880 3151 ¹²¹⁰·

452 3203 569 3266 Veliam:
590 3209 621 3268 in
644 3206 752 3270 Rituali
780 3209 939 3270 boderiaui
961 3220 1040 3282 rentii
1065 3227 1141 3287 quae
1172 3228 1234 3270 vox
1264 3227 1330 3270 cum
1363 3209 1488 3288 proprie
1518 3209 1624 3268 atridem
1654 3211 1814 3291 significet,

444 3303 594 3367 hocloco
618 3307 717 3369 velum
740 3308 811 3369 illud
835 3308 929 3388 trraJos
951 3309 1109 3388 significat,
1134 3327 1194 3387 ‹puo
1218 3308 1333 3386 (liscum,
1358 3306 1454 3380 calix,
1483 3308 1652 3386 etreliqua
1676 3307 1741 3368 vola
1767 3316 1816 3370 tc-

443 3411 572 3484 guntur,
597 3407 678 3486 quod
701 3407 807 3469 eodem
835 3408 923 3469 modo
952 3407 1059 3469 Graeci
1083 3401 1234 3491 Νεφέλην
1256 3415 1380 3482 vocant,
1413 3415 1443 3467 et
1465 3392 1573 3490 Zie'pa:
1598 3425 1664 3467 naim
1689 3415 1814 3488 utraque

444 3521 507 3566 vox
536 3504 655 3567 videtur
684 3525 753 3568 esse
783 3496 990 3583 ἰσοδέναμος.
1035 3508 1076 3568 m
1103 3508 1158 3568 ista
1188 3507 1306 3566 nonriua
1341 3505 1464 3567 Graecis
1493 3523 1552 3566 non
1583 3512 1641 3565 tam
1676 3513 1816 3567 accurate

445 3603 640 3681 respondent,
674 3612 707 3666 ut
730 3606 781 3684 qui
803 3608 965 3689 singularis
989 3607 1108 3668 illorum
1131 3623 1204 3666 usus
1228 3606 1328 3683 interit,
1352 3605 1440 3666 lacilo
1463 3605 1502 3666 sit
1525 3605 1695 3687 designare.
1741 3605 1817 3667 lllud

445 3701 534 3764 modo
556 3703 691 3781 subiciet,
714 3706 809 3784 primo
832 3706 902 3768 velo
926 3706 1059 3783 callorum,
1083 3705 1217 3766 secumlo
1242 3712 1334 3765 lotium
1358 3703 1488 3780 discunt,
1511 3705 1541 3766 iu
1565 3724 1624 3786 quo
1648 3705 1726 3767 calix
1749 3723 1815 3766 cum

444 3819 523 3881 pane
546 3803 755 3864 consecrando
779 3805 935 3886 depositus
958 3813 1022 3882 cst,
1046 3807 1182 3884 cornegi:
1213 3804 1315 3864 ullium
1346 3804 1509 3865 secuudum
1540 3805 1629 3883 illud,
1662 3812 1815 3882 totumque

444 3917 562 3962 sacrum
585 3902 790 3967 ministerium.
835 3905 997 3983 Arruplrara
1021 3905 1124 3965 cadem
1147 3904 1368 3984 significatione
1392 3911 1533 3983 usurpata
1558 3905 1670 3984 legitur
1693 3905 1720 3963 iu
1746 3902 1812 3962 Tri·

387 4071 390 4076 Α
445 3997 515 4060 odio
538 3999 569 4064 2.
593 4001 680 4062 Feria
705 4000 725 4061 l.
750 4001 944 4065 hebdomadis
964 4003 1154 4084 jejuniorum,
1180 4003 1209 4062 iu
1233 4003 1396 4082 chlrrrico,
1416 4013 1446 4064 et
1469 4005 1498 4063 iu
1523 4003 1636 4082 'lupico
1662 4003 1692 4064 S.
1718 4001 1814 4064 Sabae

445 4115 473 4160 c.
496 4097 548 4162 30.
591 4091 688 4184 Αἱρεῖ
708 4093 744 4160 δὲ
768 4091 787 4161 ὃ
807 4091 915 4184 deperio
936 4091 978 4163 τὰ
1002 4091 1201 4178 καλύμματα
1229 4087 1293 4160 τών
1316 4090 1429 4182 ἁγίων,
1458 4098 1513 4163 καὶ
1543 4089 1699 4176 σκεπάζει
1729 4090 1815 4162 eiad

442 4187 529 4274 μετὰ
549 4194 609 4280 τῆς
631 4187 798 4282 ἀναφορᾶς
827 4189 899 4283 ἤτοι
926 4198 985 4263 τοῦ
1015 4189 1120 4283 ἀέρος.
1164 4200 1273 4278 Aufert
1303 4199 1458 4262 Sacerdos
1487 4202 1641 4262 ·cclomiuu-
1670 4203 1816 4262 scocris

443 4299 595 4377 mysteriis
620 4305 650 4358 et
675 4298 729 4358 illo
757 4300 829 4377 tepit
857 4299 1021 4378 abrupbora
1058 4302 1122 4360 sice
1149 4297 1238 4361 alere.
1283 4298 1411 4360 Additur
1442 4300 1471 4361 in
1495 4299 1610 4381 'dyptico
1640 4287 1724 4359 οὕτω
1753 4287 1816 4384 γὰρ

442 4380 605 4458 εἰώθασιν
619 4383 730 4458 καλεῖν
742 4383 867 4459 αὖτὰἕν
880 4397 949 4469 τοῖς
963 4385 1197 4480 Ἱεροσολύμων
1211 4391 1353 4481 μέρεσιν.
1377 4398 1426 4458 Itu
1443 4401 1520 4459 cuim
1537 4418 1576 4459 co
1592 4416 1706 4458 uocatae
1722 4399 1818 4458 sallent

443 4494 630 4573 inpartibus
650 4495 946 4577 Hierosolymltunis:
970 4515 1078 4577 rrerupe
1100 4496 1296 4575 Araripltorum
1320 4496 1484 4577 appellare,
1501 4497 1580 4577 aputtd
1595 4497 1701 4559 Gracci
1715 4495 1817 4558 dicunt

444 4591 571 4654 Aerem:
593 4613 661 4656 nam
684 4593 835 4675 Liturglae
858 4597 1001 4676 Syriacae
1025 4614 1102 4675 quae
1131 4596 1168 4657 ad
1193 4595 1492 4675 ttici-osotpnttauam
1515 4596 1620 4658 Jacobi
1649 4615 1816 4677 expressae

443 4698 524 4770 suut,
548 4711 584 4752 eo
606 4694 718 4773 passim
747 4702 987 4770 succutiuntur,
1018 4696 1184 4756 aGraeeis
1213 4702 1354 4773 accepta:
1377 4695 1467 4757 aleris
1497 4705 1547 4756 aut
1578 4696 1700 4757 alterius
1736 4712 1813 4774 quae

442 4783 564 4874 νεφέλῃ
588 4793 756 4872 repondeat
779 4796 878 4854 rarior·
901 4796 1020 4854 ornuiuo
1044 4813 1115 4854 ustis
1139 4801 1195 4854 est.

531 4890 614 4952 Haec
636 4909 729 4970 porro
753 4893 791 4954 de
814 4894 908 4973 prima
931 4892 980 4953 illa
1004 4910 1157 4953 rutmerum
1180 4892 1454 4954 Eueltaristicorum
1479 4894 1642 4971 oblatione,
1666 4912 1720 4954 seu
1744 4893 1814 4953 illa·
1878 4893 2020 4947 Diversitas
2043 4898 2068 4948 in
2087 4900 2137 4950 ritu

443 4989 536 5062 done,
560 4989 707 5052 sulllclunt
728 4992 766 5053 ad
789 4992 1006 5054 conciliandam
1030 4993 1199 5054 lllllciortun
1223 4993 1340 5053 illorum
1371 4992 1408 5053 de
1432 4991 1539 5072 qulbus
1563 4993 1678 5074 agitur,
1710 4990 1813 5051 diver·
1826 4980 1948 5079 illationis
1963 4983 2035 5049 panis
2048 4990 2073 5034 et
2091 4999 2137 5034 ⁰⁵¹·

442 5088 572 5164 sitatem,
596 5107 674 5168 quae
696 5091 792 5171 major
814 5099 942 5171 apparet
964 5108 1051 5170 quam
1074 5109 1107 5152 re
1131 5109 1204 5151 vero
1227 5092 1273 5153 sit.
1310 5090 1382 5153 Catu
1414 5092 1491 5152 euim
1519 5092 1550 5152 in
1579 5091 1635 5152 illis
1659 5093 1813 5152 orationes
1827 5067 1882 5119 ¹¹⁶¹³
1901 5083 1993 5136 ΜΨ
2012 5077 2058 5121 ⁰⁵²·

442 5187 556 5250 similes
579 5189 649 5263 sint,
673 5189 876 5269 exibisque
900 5191 960 5252 ritu
983 5190 1174 5264 dicerentur,
1198 5199 1228 5252 et
1251 5191 1279 5250 in
1304 5208 1362 5270 qua
1386 5192 1575 5252 caeremonia
1607 5190 1731 5270 intelligi
1753 5209 1814 5270 po-

442 5293 512 5348 test.
557 5285 711 5358 Quaedam
741 5289 772 5350 iu
795 5307 854 5350 atrio
878 5291 1067 5368 omittuntur,
1096 5307 1173 5368 quac
1197 5289 1337 5369 leguntur
1361 5291 1389 5349 iu
1414 5290 1494 5352 aliis:
1525 5309 1629 5351 verum
1659 5292 1813 5354 orationes

1522 5406 1607 5477 11*
