5150 6534
890 783 949 875 ·lll
975 798 1229 877 llTURGlrlll
1259 797 1425 875 JhGOBl
1456 800 1702 876 BthDth.
1913 802 1988 900 343

613 985 734 1049 iliorum
756 983 905 1065 Theologi
927 990 958 1045 et
978 983 1111 1045 loannes
1134 983 1291 1060 barensis,
1314 984 1370 1045 toti
1392 985 1452 1046 sint
1475 984 1505 1047 in
1529 983 1706 1065 explicanda
1730 984 1894 1049 secundum
1912 985 1992 1051 Dio-

611 1083 703 1165 nysii,
727 1100 816 1163 quem
838 1082 1054 1167 Areopagitam
1078 1101 1148 1145 esse
1171 1083 1309 1160 credunt,
1330 1092 1471 1162 mentem,
1495 1083 1621 1145 coelesti
1644 1083 1828 1149 llierarchia.
1853 1084 1990 1167 Cumque

610 1181 663 1244 ille
684 1182 765 1243 inter
786 1198 895 1243 novem
918 1180 1063 1258 Ordines,
1092 1182 1223 1263 Vigilum
1253 1200 1313 1245 non
1341 1183 1524 1260 meminerit,
1555 1180 1605 1244 uhi
1629 1180 1696 1242 illos
1720 1182 1871 1246 collocent
1900 1184 1990 1247 valde

609 1280 720 1341 incerti
743 1287 821 1341 sunt

1003 1539 1037 1610 3.
1074 1540 1224 1631 Accepit
1247 1561 1371 1630 panem
1400 1559 1609 1611 communem.

700 1726 776 1805 Vox
806 1737 932 1821 Syriaca
960 1752 1074 1808 mana)
1100 1758 1285 1802 communem
1309 1740 1534 1821 simplicemque
1561 1742 1727 1824 significat,
1756 1744 1982 1825 respondetque

607 1841 759 1907 Arabicae
781 1849 883 1912 rata:
908 1845 938 1904 in
960 1843 1073 1905 Lexico
1096 1843 1155 1905 aar
1177 1843 1236 1904 Ali.
1281 1843 1327 1905 Eo
1356 1844 1525 1925 significatu
1553 1845 1591 1906 de
1615 1844 1735 1906 Christo
1766 1845 1874 1907 dicitur
1902 1847 1983 1927 quod

609 1945 764 2005 aloanne
786 1942 952 2023 baptisatus
976 1940 1076 2019 luerit,
1098 1955 1234 2010 aarum)
1254 1951 1393 2023 tanquam
1416 1943 1643 2023 simplexhomo
1667 1943 1796 2020 scilicet,
1820 1960 1898 2023 quae
1920 1964 1983 2008 vox

606 2041 711 2121 inepte
734 2057 862 2121 prorsus
885 2060 902 2102 a
924 2039 1094 2104 boderiano
1118 2059 1266 2120 expressa
1290 2044 1388 2103 estin
1412 2041 1490 2102 hunc
1514 2041 1647 2103 modum:
1678 2044 1730 2121 qai
1758 2030 1982 2122 1000100100-

608 2156 684 2200 maus
705 2139 874 2219 baptisatus
897 2149 951 2202 cst.
996 2139 1043 2200 Ex
1070 2139 1126 2201 hac
1156 2148 1254 2201 tamen
1286 2159 1363 2202 voce
1395 2142 1575 2202 existimavit
1604 2141 1732 2202 Faustus
1763 2139 1912 2203 Naironus
1943 2142 1981 2203 ad

607 2236 793 2317 azymorum
816 2255 901 2299 usum
925 2237 1168 2316 confirmandum,
1193 2247 1399 2321 argumentum
1429 2257 1520 2319 posse
1544 2238 1623 2303 duci.
1670 2238 1748 2300 Citat
1776 2257 1816 2299 ex
1844 2238 1979 2302 llarutae

607 2333 744 2417 Liturgia
766 2335 840 2398 haec
864 2335 957 2398 uerba
988 2336 1187 2399 luvocationis
1219 2337 1347 2417 Spiritus
1376 2340 1486 2411 sancti,
1515 2347 1545 2398 et
1570 2357 1680 2417 panem
1710 2338 1788 2397 hanc
1816 2337 1980 2416 simplicem

607 2443 766 2497 commum
786 2442 817 2496 ei
834 2438 976 2513 perficiat
997 2434 1113 2514 Corpus
1135 2438 1215 2516 quod
1234 2455 1292 2515 pro
1322 2436 1409 2497 nobis
1431 2438 1613 2497 immolatam
1636 2443 1682 2495 est
1703 2438 1734 2495 ia
1763 2454 1869 2498 cruce:
1905 2437 1979 2499 Tum

606 2532 651 2595 sic
673 2535 875 2613 prosequitur.
923 2533 980 2595 Ubi
1000 2536 1164 2595 riaturrdam
1192 2542 1238 2596 est
1261 2552 1373 2613 panem
1395 2536 1560 2613 simplicem
1591 2554 1657 2595 esse
1682 2553 1795 2612 panem
1822 2533 1978 2616 Aapmam,

606 2631 665 2693 hac
686 2634 765 2693 caim
786 2651 893 2695 nomen
915 2643 1039 2706 aarum,
1063 2632 1212 2712 Schhimo,
1233 2635 1386 2713 sipnificat
1400 2634 1573 2710 simplicem,
1596 2636 1757 2708 sinceram,
1777 2651 1898 2711 maram,
1921 2632 1979 2694 hac

607 2737 655 2791 est
681 2733 747 2792 siae
776 2732 957 2793 admistione
984 2733 1065 2807 alla,
1096 2739 1169 2793 teste
1197 2733 1317 2794 Joaaae
1346 2731 1486 2810 Baptista
1515 2732 1660 2794 Ferraria
1688 2737 1719 2797 in
1747 2737 1979 2802 Nomenclatare

606 2826 747 2910 Syriaco,
778 2846 867 2910 quam
896 2829 1145 2911 significationem
1177 2850 1247 2893 esse
1278 2832 1362 2892 uocis
1394 2818 1520 2906 ἄζυμος
1547 2829 1677 2909 probare
1708 2837 1870 2898 contendit.
1917 2834 1978 2898 Sed

605 2924 665 2990 boc
686 2946 747 2991 nou
771 2930 886 3011 agitur:
909 2948 1015 2992 verum
1039 2947 1076 2989 an
1099 2948 1134 2991 ea
1158 2949 1234 2993 voce
1259 2932 1287 2991 in
1311 2937 1355 2991 tot
1377 2947 1484 2990 sacrae
1509 2928 1682 3008 Scripturae
1704 2933 1791 3013 locis,
1815 2933 1978 3016 01111111-

604 3042 720 3089 morum
742 3030 853 3091 mentio
876 3038 933 3107 est,
958 3047 994 3091 ea
1017 3046 1079 3091 vox
1101 3036 1281 3109 usurpetur;
1306 3027 1387 3108 quod
1409 3028 1539 3108 probare
1563 3047 1637 3091 sane
1660 3050 1748 3094 nemo
1770 3036 1876 3115 possit.
1902 3034 1977 3095 Tum

604 3126 722 3207 Azyma
745 3128 774 3188 in
797 3144 853 3189 usu
876 3129 1038 3207 antiquitus
1062 3128 1141 3207 apud
1157 3128 1328 3190 Orientales
1351 3126 1455 3204 luisse,
1480 3126 1576 3188 adhuc
1598 3130 1727 3210 probatu
1750 3133 1894 3196 difficilius
1917 3140 1975 3209 cst,

605 3225 656 3287 vel
677 3225 777 3306 potius
799 3226 993 3305 impossibile.
1038 3226 1113 3287 Nam
1135 3228 1337 3288 testimonium
1368 3224 1515 3287 Gabridlis
1538 3226 1606 3288 lllai
1628 3230 1708 3308 quod
1738 3232 1878 3310 producit
1900 3231 1976 3292 Nai-

602 3340 709 3401 ronus,
732 3324 842 3385 nullius
866 3327 1031 3387 autoritatis
1055 3332 1111 3401 est,
1136 3343 1203 3386 cum
1223 3325 1358 3404 Scriptor
1386 3325 1614 3387 recentissimus
1637 3330 1685 3402 sit,
1708 3337 1741 3391 ut
1764 3330 1814 3410 qui
1837 3338 1974 3407 tempore

603 3420 715 3484 Leonis
736 3423 773 3487 X.
797 3423 924 3501 vixerit,
948 3432 979 3486 et
1001 3424 1138 3486 omnibus
1162 3432 1373 3504 praeterquam
1396 3422 1567 3501 Maronitis,
1602 3426 1640 3485 sit
1663 3428 1792 3509 ignotus.
1818 3427 1974 3489 Constitu-

605 3521 703 3583 tiones
724 3521 939 3584 Maronitarum
962 3541 1036 3602 quas
1061 3525 1137 3601 ipse,
1161 3522 1349 3583 Echellensis
1373 3521 1511 3600 exemplo
1534 3524 1657 3602 saepius
1681 3526 1808 3608 allegat,
1839 3525 1974 3606 ejusdem

605 3620 729 3703 generis
752 3628 834 3682 sunt:
858 3639 956 3701 neque
980 3622 1057 3681 euim
1080 3620 1263 3682 Bibliotheca
1292 3619 1353 3681 ulla
1376 3628 1646 3701 quantumcumque
1670 3622 1755 3686 dives
1778 3624 1974 3688 Orientalium

604 3717 759 3796 librorum,
783 3738 859 3799 opus
882 3720 955 3781 illud
978 3726 1203 3799 repraesentat:
1233 3719 1346 3780 similes
1376 3726 1487 3780 tantum
1516 3718 1718 3783 Collectiones
1747 3723 1903 3785 nonnullas
1934 3742 1975 3784 ex

606 3814 714 3895 quibus
736 3819 899 3880 verisimile
923 3826 970 3880 est
992 3818 1168 3880 Maronitam
1199 3817 1329 3897 aliquem
1352 3834 1460 3878 nevam
1483 3821 1701 3899 composuisse.
1745 3823 1821 3884 Nam
1851 3841 1890 3884 ex
1919 3841 1974 3885 10-

604 3912 674 3977 latis
696 3914 733 3976 ab
756 3916 926 3978 Echelleusi
948 3917 1147 3992 testimoniis,
1177 3923 1207 3976 et
1228 3916 1294 3977 aliis
1317 3935 1394 3996 quae
1424 3917 1489 3979 viro
1521 3918 1687 3979 clarissimo
1716 3919 1825 3983 loanni
1854 3921 1974 3983 hlorino

596 4011 850 4092 subministravit,
874 4017 1075 4077 recentiorem
1098 4018 1218 4077 omnino
1247 4013 1326 4075 illam
1355 4013 1571 4077 collectionem
1600 4034 1669 4077 esse
1696 4035 1784 4098 quam
1806 4019 1974 4081 Maronitae

604 4111 785 4189 existiment,
809 4105 996 4175 manifestum
1013 4121 1069 4177 est.
1092 4113 1199 4192 Neque
1215 4113 1312 4192 major
1327 4120 1374 4174 est
1387 4112 1511 4174 loannis
1526 4114 1606 4175 illius
1621 4115 1755 4177 Maronis
1769 4115 1972 4196 Patriarchae,

603 4216 637 4271 ut
657 4210 770 4287 volunt,
791 4211 983 4287 Antiocheni,
1007 4213 1058 4292 qui
1080 4227 1230 4292 nunquam
1257 4209 1322 4289 luit,
1345 4213 1499 4274 autoritas.
1544 4212 1626 4274 lllius
1648 4214 1741 4294 igitur
1763 4213 1822 4276 loci
1844 4221 1973 4275 senten-

602 4306 644 4369 tia
672 4306 749 4369 haec
779 4316 842 4386 cst,
866 4309 1014 4371 Christum
1045 4328 1111 4372 cum
1147 4310 1372 4372 Sacramentum
1401 4309 1607 4373 Eucharistiae
1645 4312 1831 4392 institueret,
1861 4331 1972 4393 panem

603 4423 790 4469 communem
817 4407 847 4479 in
877 4426 980 4471 manus
1004 4410 1175 4489 accepisse,
1207 4426 1296 4487 quem
1326 4408 1536 4471 benedictione
1566 4410 1761 4491 omnipotenti
1791 4413 1822 4473 in
1852 4410 1971 4492 Corpus
2011 4436 2016 4440 ·

602 4494 689 4566 suum
713 4508 948 4569 consecraverit.

634 4779 668 4849 4.
703 4780 779 4850 Hoc
806 4787 857 4851 eet
885 4780 1017 4874 Corpus
1042 4753 1158 4869 meam,
1186 4787 1267 4876 quia
1284 4781 1412 4876 absque
1430 4782 1531 4854 dabie
1554 4782 1637 4853 iliad
1658 4786 1843 4875 sraapitar,
1871 4787 1935 4852 etc.

695 4971 787 5063 Quos
817 4984 847 5044 in
881 4983 939 5045 hac
965 4999 1120 5044 sacrorum
1150 4983 1312 5045 verborum
1341 4984 1436 5047 lorma
1471 4983 1617 5064 quaedam
1648 4982 1747 5045 addita
1775 4990 1861 5061 sunt,
1892 5003 1970 5065 quae

602 5082 754 5147 Christum
785 5086 1004 5165 pronunciasse
1035 5101 1096 5145 non
1124 5093 1259 5164 constat,
1297 5086 1446 5149 chicaeiae
1476 5085 1594 5148 illorum
1621 5086 1693 5147 nihil
1726 5084 1871 5148 detrahit:
1902 5105 1970 5149 cum

600 5184 763 5263 praecipua
798 5190 829 5245 et
859 5203 937 5264 quae
973 5183 1032 5244 uim
1062 5184 1254 5262 praecipuam
1284 5184 1394 5247 babent
1422 5204 1484 5248 non
1514 5185 1700 5247 omittantur:
1737 5202 1837 5266 neque
1872 5186 1968 5246 minus

599 5281 741 5343 sincerae
765 5279 960 5344 Orientalium
984 5279 1022 5344 de
1051 5280 1239 5345 Eucharistia
1269 5282 1357 5363 fidei,
1387 5285 1447 5346 ulla
1478 5284 1548 5346 inde
1576 5289 1698 5344 creatur
1726 5282 1878 5363 suspicio,
1907 5301 1967 5346 non
