5150 6534
982 855 1012 931 S.
1044 853 1242 930 tunultu
1273 851 1604 927 rutulantum.
1889 848 1964 921 tta

601 1039 694 1111 ditati
722 1048 808 1127 tuae,
837 1050 870 1111 et
896 1044 987 1112 mitte
1012 1063 1112 1135 super
1135 1020 1197 1111 n'os
1222 1049 1254 1110 et
1277 1061 1379 1134 super
1399 1038 1457 1109 has
1476 1035 1671 1124 oblationes,
1698 1038 1855 1132 Spiritum
1876 1050 1964 1110 tumn

600 1166 761 1228 sanctum.

706 1271 890 1343 Sacerdos.
943 1272 1073 1343 Exaudi
1101 1294 1164 1341 me.

705 1388 866 1481 Populus.
919 1389 1023 1483 llyrie
1051 1388 1195 1475 eleison,
1222 1386 1328 1480 llyrie
1356 1385 1502 1470 eleison,
1529 1385 1633 1479 Kyrie
1661 1385 1799 1456 eleison.

705 1502 880 1575 Sacerdos
907 1505 1043 1574 cleccns
1074 1525 1199 1573 ccccm
1253 1502 1396 1586 PotenS,
1431 1504 1485 1594 qni
1519 1499 1574 1570 dat
1606 1504 1795 1586 victoriam,
1831 1514 1964 1573 sanctus

602 1629 636 1691 et
661 1619 801 1720 largitor
828 1642 996 1691 munerum
1024 1618 1258 1714 spiritualium„
1292 1617 1433 1711 Spiritus
1468 1626 1600 1686 sanctus
1626 1615 1778 1686 illabatur
1806 1626 1839 1687 et
1866 1618 1966 1691 iaciat

602 1757 723 1830 panem
751 1734 879 1828 quidem
907 1739 1022 1818 istum,
1051 1757 1173 1830 corpus
1193 1734 1379 1821 vivificans,
1406 1753 1527 1825 corpus
1547 1735 1815 1825 propitiatorium,
1843 1757 1964 1829 corpus

601 1851 766 1938 salutare,
802 1873 924 1945 corpus
958 1851 1093 1922 salvans
1130 1854 1255 1922 animas
1289 1861 1321 1919 et
1356 1869 1499 1942 corpora
1526 1858 1657 1933 nostra,
1685 1870 1806 1942 corpus
1832 1852 1964 1922 Domini

600 1967 665 2038 Dei
694 1978 727 2037 et
751 1966 940 2040 Salvatoris
968 1970 1072 2038 nostri
1089 1966 1170 2036 lesu
1190 1965 1321 2051 Christi,
1350 1964 1390 2033 ad
1418 1966 1640 2059 expiationem
1669 1962 1874 2053 delictorum,
1902 1989 1964 2036 rc-

604 2086 796 2153 missionem
824 2095 1048 2177 peccatorum,
1076 2093 1108 2152 et
1135 2086 1235 2151 vitam
1262 2103 1383 2150 novam
1411 2091 1508 2174 atque
1536 2090 1714 2150 aeternam.

704 2197 865 2289 Populus.
918 2199 1036 2269 Amen.

705 2312 889 2408 Setaea-dos.
943 2316 1064 2385 Beatus
1093 2315 1146 2384 ille
1173 2322 1206 2382 et
1233 2321 1382 2397 stinctae,
1411 2314 1539 2381 mistum
1568 2335 1698 2404 quoque
1727 2313 1813 2405 quod
1842 2318 1873 2384 in
1899 2315 1964 2386 lton

599 2428 705 2499 calice
744 2440 815 2516 est,
850 2431 951 2501 faciat
992 2434 1185 2521 sauguinem
1219 2429 1462 2514 vivificantem,
1498 2432 1693 2518 sanguinem
1727 2431 1965 2521 purificantem,

601 2554 635 2616 et
662 2547 936 2632 sanctificantem,
964 2550 1157 2636 sanguinem
1186 2544 1381 2626 salutarem,
1409 2546 1602 2632 sarrguinem
1628 2543 1810 2616 salvantem
1837 2552 1962 2618 animas

599 2669 635 2731 et
660 2682 802 2755 corpora
828 2673 960 2747 nostra,
988 2665 1182 2754 sanguinem
1210 2662 1341 2731 Domini
1368 2661 1432 2729 Dei
1460 2669 1494 2727 et
1527 2657 1713 2730 Salvatoris
1745 2665 1849 2733 nostri
1881 2663 1963 2732 ,lesu

599 2775 739 2866 Christi,
766 2777 1056 2872 adexpiationem
1085 2777 1298 2864 delictorum,
1324 2776 1552 2868 remissionem
1579 2787 1809 2868 peccatorum,
1844 2789 1876 2847 et
1904 2783 1961 2849 vi-

588 2901 668 2982 ⁸tam
694 2914 816 2964 novam
846 2903 944 2986 atque
972 2904 1152 2964 aeternam.

645 3089 650 3094 ,
705 3008 866 3101 Populus.
920 3007 1038 3080 Amen.

703 3123 886 3194 Sacerdos.
939 3125 1034 3195 Mare
1062 3126 1362 3196 misericordiarum
1390 3134 1422 3193 et
1444 3122 1517 3192 lons
1541 3121 1714 3210 bonorum,
1744 3123 1834 3194 Dons
1854 3126 1962 3205 Pater,

599 3244 747 3332 genitor,
774 3261 834 3310 eos
862 3242 973 3334 quiin
1000 3245 1117 3312 itinere
1145 3251 1219 3311 sunt
1253 3239 1399 3326 custodi,
1433 3239 1509 3309 illos
1542 3241 1596 3331 qni
1630 3241 1660 3308 in
1695 3243 1776 3309 mari
1812 3240 1962 3311 lluctibus

601 3366 635 3428 et
659 3356 814 3453 procellis
837 3358 1004 3446 jactantur
1029 3356 1167 3450 adjuva,
1196 3359 1271 3451 quia
1300 3367 1331 3427 tu
1360 3378 1396 3426 cs
1423 3357 1657 3449 poenitentium
1693 3366 1876 3450 susceptor,
1904 3361 1961 3447 ju-

600 3472 759 3543 stificator
799 3480 1030 3565 peccatorum,
1069 3473 1269 3567 perditorum
1307 3475 1477 3557 inventor,
1510 3480 1737 3561 congregator
1773 3477 1963 3561 errantium,

601 3591 713 3659 socius
741 3589 938 3674 timentium,
964 3587 1067 3658 irater
1092 3590 1364 3682 peregrinorum,
1392 3609 1470 3680 spes
1497 3608 1694 3679 pauperum:
1729 3585 1788 3658 lux
1815 3589 1961 3659 creden-

601 3706 689 3773 tium.
748 3702 918 3793 Rogamus
954 3714 987 3773 et
1022 3703 1239 3798 deprecamur
1273 3714 1323 3788 te,
1357 3702 1410 3772 iao
1442 3723 1505 3772 nos
1533 3724 1634 3795 puros
1668 3713 1701 3772 et
1734 3714 1867 3774 sanctos
1903 3726 1962 3797 per

601 3822 861 3889 communionem
889 3816 973 3889 hanc
1001 3819 1160 3906 divinam,
1188 3830 1221 3889 et
1247 3821 1406 3914 mysteria
1433 3816 1515 3885 haec
1542 3818 1671 3887 vivilica
1705 3823 1832 3912 prosint
1866 3820 1962 3892 nobis

602 3933 643 4005 ad
668 3933 874 4026 vigilantiam
902 3938 1051 4023 animae,
1078 3935 1120 4004 ad
1147 3935 1409 4006 emundationem
1437 3935 1601 4025 corporis,
1628 3933 1670 4003 ad
1686 3938 1962 4006 communicatio-

601 4071 677 4144 nem
711 4049 915 4142 adoptionis,
952 4051 993 4120 ad
1031 4053 1315 4145 participationem
1348 4050 1489 4144 Spiritus
1524 4053 1646 4134 sancti,
1684 4049 1726 4119 ad
1759 4050 1962 4144 voluptatem

602 4168 697 4257 regni
723 4164 879 4236 coelestis
907 4166 1168 4260 adipiscendam,
1196 4179 1229 4238 et
1257 4166 1298 4237 ad
1319 4169 1548 4236 remissionem
1567 4164 1758 4235 delictorum
1774 4176 1807 4234 ct
1833 4187 1962 4258 pecca-

602 4292 725 4353 torum:
754 4284 828 4374 quia
856 4290 888 4351 te
916 4282 1012 4352 decet
1037 4284 1157 4368 honor,
1192 4305 1285 4353 amor
1320 4304 1402 4372 erga
1434 4281 1601 4368 hominm,
1628 4279 1754 4371 gloria,
1782 4279 1894 4367 deuna,
1929 4292 1963 4351 et

603 4396 781 4485 exaltatio,
809 4406 842 4468 et
868 4401 1069 4488 unigenitum
1097 4398 1212 4470 Filium
1241 4410 1347 4484 tuum,
1376 4409 1408 4467 et
1424 4395 1581 4491 Spiritum
1601 4408 1747 4468 sanctum
1772 4405 1872 4483 tunm,
1899 4407 1960 4466 etc.

706 4512 865 4605 Populea.
917 4516 1036 4586 Amen.

707 4628 880 4698 Sacerdos
906 4631 1096 4703 inclinatus.
1149 4633 1352 4704 Sacrificium
1379 4630 1440 4700 hoc
1468 4628 1673 4700 metuendum
1696 4638 1729 4698 ct
1758 4632 1960 4699 incruentum

604 4743 768 4833 offerimus
796 4767 908 4815 coram
936 4755 987 4834 te,
1015 4758 1143 4819 amator
1169 4748 1349 4833 hominum,
1377 4769 1438 4840 pro
1465 4743 1627 4815 Ecclesiis
1651 4747 1711 4815 tuis
1735 4748 1857 4814 sanctis
1885 4742 1959 4814 Ca-

602 4859 749 4948 tholicis,
776 4859 972 4954 ubicumque
999 4865 1082 4952 sint,
1109 4875 1144 4933 ut
1170 4864 1447 4934 oonlnmenturin
1466 4861 1530 4931 lide
1548 4859 1751 4932 Drthodoxa.
1791 4858 1959 4930 Memento

603 4976 744 5047 Domine
770 4977 943 5048 Pastorum
971 4989 1004 5048 et
1029 4981 1209 5051 Doctorum
1237 4984 1291 5073 qni
1307 4965 1403 5049 in'eis
1425 4988 1511 5049 sunt:
1538 4974 1811 5061 Patriarcharnm,
1832 4974 1958 5045 Archi-

604 5096 853 5188 episcoporum,
881 5103 914 5163 et
938 5092 1179 5189 Episcoporum
1208 5094 1485 5166 Orthodoxorum.
1537 5093 1704 5164 lllemento
1726 5089 1868 5162 Domine
1886 5091 1957 5162 Sa-

603 5208 791 5296 cerdotnm,
832 5209 1073 5298 Diaconorum,
1110 5221 1142 5283 et
1179 5214 1321 5282 omnium
1355 5210 1511 5281 Ordinum
1549 5207 1731 5279 Ecclesiae.
1791 5206 1957 5278 Memento

602 5323 744 5396 Domine
758 5330 960 5420 paupertatis
973 5350 1087 5418 meae,
1114 5338 1146 5398 et
1159 5349 1202 5397 ne
1216 5328 1403 5398 memineris
1421 5331 1631 5420 peccatorum
1644 5345 1806 5409 meorum:
1834 5345 1956 5421 asper-

1666 5441 1714 5513 63
1727 5440 1745 5475 *
