<?xml version="1.0" encoding="UTF-8"?>
<!DOCTYPE html PUBLIC "-//W3C//DTD XHTML 1.0 Transitional//EN"
    "http://www.w3.org/TR/xhtml1/DTD/xhtml1-transitional.dtd">
<html xmlns="http://www.w3.org/1999/xhtml" xml:lang="en" lang="en">
 <head>
  <title>
</title>
<meta http-equiv="Content-Type" content="text/html;charset=utf-8" />
  <meta name='ocr-system' content='tesseract 3.04.00' />
  <meta name='ocr-capabilities' content='ocr_page ocr_carea ocr_par ocr_line ocrx_word'/>
</head>
<body>
  <div class='ocr_page' id='page_1' title='image "./liturgiarumorie00renagoog_0124.png"; bbox 0 0 5150 6534; ppageno 0'>
   <div class='ocr_carea' id='block_1_1' title="bbox 612 800 1604 880">
    <p class='ocr_par' dir='ltr' id='par_1_1' title="bbox 612 800 1604 880">
     <span class='ocr_line' id='line_1_1' title="bbox 612 800 1604 880; baseline 0.004 -5"><span class='ocrx_word' id='word_1_1' title='bbox 612 802 663 875; x_wconf 83' lang='grc'>86</span> <span class='ocrx_word' id='word_1_2' title='bbox 886 809 896 818; x_wconf 80' lang='lat'><em>&#39;</em></span> <span class='ocrx_word' id='word_1_3' title='bbox 986 800 1604 880; x_wconf 75' lang='lat' dir='ltr'>obsunttntortns</span> 
     </span>
    </p>
   </div>
   <div class='ocr_carea' id='block_1_2' title="bbox 608 983 2026 2652">
    <p class='ocr_par' dir='ltr' id='par_1_2' title="bbox 608 983 2026 2652">
     <span class='ocr_line' id='line_1_2' title="bbox 610 983 1982 1067; baseline 0 -19"><span class='ocrx_word' id='word_1_4' title='bbox 610 986 659 1049; x_wconf 83' lang='lat' dir='ltr'>An</span> <span class='ocrx_word' id='word_1_5' title='bbox 681 1004 756 1048; x_wconf 91' lang='lat' dir='ltr'>vero</span> <span class='ocrx_word' id='word_1_6' title='bbox 780 983 917 1046; x_wconf 88' lang='lat' dir='ltr'>inchoata</span> <span class='ocrx_word' id='word_1_7' title='bbox 939 984 988 1046; x_wconf 81' lang='lat' dir='ltr'>ulla</span> <span class='ocrx_word' id='word_1_8' title='bbox 1010 985 1059 1063; x_wconf 85' lang='lat' dir='ltr'>sit,</span> <span class='ocrx_word' id='word_1_9' title='bbox 1084 993 1113 1048; x_wconf 91' lang='lat' dir='ltr'>et</span> <span class='ocrx_word' id='word_1_10' title='bbox 1142 986 1366 1049; x_wconf 88' lang='lat' dir='ltr'>luvocationem</span> <span class='ocrx_word' id='word_1_11' title='bbox 1394 985 1563 1065; x_wconf 75' lang='lat' dir='ltr'>desideret,</span> <span class='ocrx_word' id='word_1_12' title='bbox 1594 983 1797 1049; x_wconf 76' lang='lat' dir='ltr'>Orientalibus</span> <span class='ocrx_word' id='word_1_13' title='bbox 1825 1002 1982 1067; x_wconf 84' lang='lat' dir='ltr'>nunqnam</span> 
     </span>
     <span class='ocr_line' id='line_1_3' title="bbox 609 1083 1982 1167; baseline -0.001 -20"><span class='ocrx_word' id='word_1_14' title='bbox 609 1086 677 1147; x_wconf 90' lang='lat' dir='ltr'>talis</span> <span class='ocrx_word' id='word_1_15' title='bbox 700 1084 867 1165; x_wconf 66' lang='lat' dir='ltr'><strong>disquisitio</strong></span> <span class='ocrx_word' id='word_1_16' title='bbox 890 1085 919 1146; x_wconf 91' lang='lat' dir='ltr'>in</span> <span class='ocrx_word' id='word_1_17' title='bbox 941 1091 1070 1147; x_wconf 78' lang='lat' dir='ltr'>mentem</span> <span class='ocrx_word' id='word_1_18' title='bbox 1091 1087 1188 1148; x_wconf 89' lang='lat' dir='ltr'>venit:</span> <span class='ocrx_word' id='word_1_19' title='bbox 1219 1104 1319 1167; x_wconf 92' lang='lat' dir='ltr'>neque</span> <span class='ocrx_word' id='word_1_20' title='bbox 1349 1086 1387 1148; x_wconf 90' lang='lat' dir='ltr'>de</span> <span class='ocrx_word' id='word_1_21' title='bbox 1409 1086 1459 1148; x_wconf 92' lang='lat' dir='ltr'>illa</span> <span class='ocrx_word' id='word_1_22' title='bbox 1486 1085 1570 1162; x_wconf 87' lang='lat' dir='ltr'>olim,</span> <span class='ocrx_word' id='word_1_23' title='bbox 1600 1093 1652 1147; x_wconf 91' lang='lat' dir='ltr'>aut</span> <span class='ocrx_word' id='word_1_24' title='bbox 1676 1092 1747 1166; x_wconf 91' lang='lat' dir='ltr'>post</span> <span class='ocrx_word' id='word_1_25' title='bbox 1773 1083 1982 1146; x_wconf 83' lang='lat' dir='ltr'>Florentinum</span> 
     </span>
     <span class='ocr_line' id='line_1_4' title="bbox 611 1182 1981 1266; baseline -0.001 -19"><span class='ocrx_word' id='word_1_26' title='bbox 611 1183 789 1259; x_wconf 80' lang='lat' dir='ltr'>Concilium,</span> <span class='ocrx_word' id='word_1_27' title='bbox 812 1184 973 1266; x_wconf 90' lang='lat' dir='ltr'>quidquam</span> <span class='ocrx_word' id='word_1_28' title='bbox 995 1184 1163 1262; x_wconf 90' lang='lat' dir='ltr'>audierunt,</span> <span class='ocrx_word' id='word_1_29' title='bbox 1186 1202 1254 1246; x_wconf 89' lang='lat' dir='ltr'>nam</span> <span class='ocrx_word' id='word_1_30' title='bbox 1277 1184 1315 1246; x_wconf 91' lang='lat' dir='ltr'>ad</span> <span class='ocrx_word' id='word_1_31' title='bbox 1343 1203 1398 1247; x_wconf 92' lang='lat' dir='ltr'>eos</span> <span class='ocrx_word' id='word_1_32' title='bbox 1421 1202 1481 1248; x_wconf 91' lang='lat' dir='ltr'>non</span> <span class='ocrx_word' id='word_1_33' title='bbox 1504 1183 1681 1266; x_wconf 82' lang='lat' dir='ltr'>pertinebat.</span> <span class='ocrx_word' id='word_1_34' title='bbox 1726 1182 1786 1263; x_wconf 89' lang='lat' dir='ltr'>lpsi</span> <span class='ocrx_word' id='word_1_35' title='bbox 1809 1182 1929 1259; x_wconf 89' lang='lat' dir='ltr'>Graeci,</span> <span class='ocrx_word' id='word_1_36' title='bbox 1950 1184 1981 1246; x_wconf 88' lang='lat' dir='ltr'>si</span> 
     </span>
     <span class='ocr_line' id='line_1_5' title="bbox 610 1280 1982 1364; baseline 0 -19"><span class='ocrx_word' id='word_1_37' title='bbox 610 1283 679 1345; x_wconf 90' lang='lat' dir='ltr'>illos</span> <span class='ocrx_word' id='word_1_38' title='bbox 702 1284 801 1364; x_wconf 92' lang='lat' dir='ltr'>potius</span> <span class='ocrx_word' id='word_1_39' title='bbox 824 1282 989 1361; x_wconf 82' lang='lat' dir='ltr'>audiamus,</span> <span class='ocrx_word' id='word_1_40' title='bbox 1020 1301 1109 1363; x_wconf 89' lang='lat' dir='ltr'>quam</span> <span class='ocrx_word' id='word_1_41' title='bbox 1138 1284 1258 1348; x_wconf 92' lang='lat' dir='ltr'>illorum</span> <span class='ocrx_word' id='word_1_42' title='bbox 1287 1291 1502 1360; x_wconf 82' lang='lat' dir='ltr'>accusatores,</span> <span class='ocrx_word' id='word_1_43' title='bbox 1531 1302 1592 1347; x_wconf 91' lang='lat' dir='ltr'>non</span> <span class='ocrx_word' id='word_1_44' title='bbox 1620 1291 1679 1345; x_wconf 91' lang='lat' dir='ltr'>tam</span> <span class='ocrx_word' id='word_1_45' title='bbox 1706 1280 1912 1345; x_wconf 87' lang='lat' dir='ltr'>0rtbodoxam</span> <span class='ocrx_word' id='word_1_46' title='bbox 1939 1281 1982 1345; x_wconf 86' lang='lat' dir='ltr'>de</span> 
     </span>
     <span class='ocr_line' id='line_1_6' title="bbox 610 1380 1982 1464; baseline -0.001 -20"><span class='ocrx_word' id='word_1_47' title='bbox 610 1382 713 1444; x_wconf 90' lang='lat' dir='ltr'>verbis</span> <span class='ocrx_word' id='word_1_48' title='bbox 736 1383 969 1444; x_wconf 89' lang='lat' dir='ltr'>consecratoriis</span> <span class='ocrx_word' id='word_1_49' title='bbox 992 1383 1158 1445; x_wconf 86' lang='lat' dir='ltr'>doctrinam</span> <span class='ocrx_word' id='word_1_50' title='bbox 1181 1383 1405 1464; x_wconf 90' lang='lat' dir='ltr'>impugnabant,</span> <span class='ocrx_word' id='word_1_51' title='bbox 1428 1401 1515 1463; x_wconf 92' lang='lat' dir='ltr'>quam</span> <span class='ocrx_word' id='word_1_52' title='bbox 1538 1381 1733 1463; x_wconf 88' lang='lat' dir='ltr'>quorumdam</span> <span class='ocrx_word' id='word_1_53' title='bbox 1753 1380 1982 1464; x_wconf 85' lang='lat' dir='ltr'>&#39;lheologorum</span> 
     </span>
     <span class='ocr_line' id='line_1_7' title="bbox 610 1480 2026 1570; baseline -0.001 -27"><span class='ocrx_word' id='word_1_54' title='bbox 610 1480 783 1543; x_wconf 91' lang='lat' dir='ltr'>Latinorum</span> <span class='ocrx_word' id='word_1_55' title='bbox 806 1482 970 1543; x_wconf 89' lang='lat' dir='ltr'>sententias</span> <span class='ocrx_word' id='word_1_56' title='bbox 993 1482 1077 1545; x_wconf 88' lang='lat' dir='ltr'>duas.</span> <span class='ocrx_word' id='word_1_57' title='bbox 1116 1482 1180 1544; x_wconf 89' lang='lat' dir='ltr'>Una</span> <span class='ocrx_word' id='word_1_58' title='bbox 1203 1490 1278 1559; x_wconf 87' lang='lat' dir='ltr'>erat,</span> <span class='ocrx_word' id='word_1_59' title='bbox 1302 1484 1382 1562; x_wconf 90' lang='lat' dir='ltr'>qnod</span> <span class='ocrx_word' id='word_1_60' title='bbox 1404 1482 1478 1545; x_wconf 92' lang='lat' dir='ltr'>solis</span> <span class='ocrx_word' id='word_1_61' title='bbox 1501 1483 1565 1544; x_wconf 91' lang='lat' dir='ltr'>istis</span> <span class='ocrx_word' id='word_1_62' title='bbox 1588 1480 1690 1543; x_wconf 91' lang='lat' dir='ltr'>verbis</span> <span class='ocrx_word' id='word_1_63' title='bbox 1712 1480 1778 1541; x_wconf 83' lang='lat' dir='ltr'>Hoc</span> <span class='ocrx_word' id='word_1_64' title='bbox 1799 1488 1846 1542; x_wconf 85' lang='lat' dir='ltr'>est</span> <span class='ocrx_word' id='word_1_65' title='bbox 1865 1498 1982 1560; x_wconf 80' lang='lat' dir='ltr'>corpus</span> <span class='ocrx_word' id='word_1_66' title='bbox 2022 1558 2026 1570; x_wconf 40' lang='grc' dir='ltr'>Ι</span> 
     </span>
     <span class='ocr_line' id='line_1_8' title="bbox 609 1579 1981 1663; baseline 0.002 -24"><span class='ocrx_word' id='word_1_67' title='bbox 609 1599 716 1655; x_wconf 70' lang='lat' dir='ltr'>merem,</span> <span class='ocrx_word' id='word_1_68' title='bbox 738 1579 796 1640; x_wconf 80' lang='lat' dir='ltr'>Hic</span> <span class='ocrx_word' id='word_1_69' title='bbox 818 1587 864 1640; x_wconf 86' lang='lat' dir='ltr'>est</span> <span class='ocrx_word' id='word_1_70' title='bbox 883 1583 1008 1659; x_wconf 83' lang='lat' dir='ltr'>sanquis</span> <span class='ocrx_word' id='word_1_71' title='bbox 1029 1600 1123 1656; x_wconf 87' lang='lat' dir='ltr'>meus,</span> <span class='ocrx_word' id='word_1_72' title='bbox 1147 1582 1337 1644; x_wconf 87' lang='lat' dir='ltr'>consecratio</span> <span class='ocrx_word' id='word_1_73' title='bbox 1365 1584 1404 1644; x_wconf 91' lang='lat' dir='ltr'>ita</span> <span class='ocrx_word' id='word_1_74' title='bbox 1434 1581 1651 1663; x_wconf 79' lang='lat' dir='ltr'>perficeretur,</span> <span class='ocrx_word' id='word_1_75' title='bbox 1679 1585 1712 1640; x_wconf 92' lang='lat' dir='ltr'>ut</span> <span class='ocrx_word' id='word_1_76' title='bbox 1741 1596 1758 1640; x_wconf 94' lang='lat' dir='ltr'>a</span> <span class='ocrx_word' id='word_1_77' title='bbox 1788 1596 1981 1659; x_wconf 86' lang='lat' dir='ltr'>quocumque</span> 
     </span>
     <span class='ocr_line' id='line_1_9' title="bbox 611 1676 1980 1760; baseline -0.001 -20"><span class='ocrx_word' id='word_1_78' title='bbox 611 1678 776 1740; x_wconf 86' lang='lat' dir='ltr'>Sacerdote</span> <span class='ocrx_word' id='word_1_79' title='bbox 803 1678 939 1758; x_wconf 86' lang='lat' dir='ltr'>prolata,</span> <span class='ocrx_word' id='word_1_80' title='bbox 977 1678 1117 1742; x_wconf 80' lang='lat' dir='ltr'>ellectum</span> <span class='ocrx_word' id='word_1_81' title='bbox 1143 1679 1304 1754; x_wconf 88' lang='lat' dir='ltr'>haberent,</span> <span class='ocrx_word' id='word_1_82' title='bbox 1331 1682 1419 1743; x_wconf 89' lang='lat' dir='ltr'>etiam</span> <span class='ocrx_word' id='word_1_83' title='bbox 1448 1689 1534 1744; x_wconf 89' lang='lat' dir='ltr'>extra</span> <span class='ocrx_word' id='word_1_84' title='bbox 1563 1679 1744 1760; x_wconf 83' lang='lat' dir='ltr'>liturgiam:</span> <span class='ocrx_word' id='word_1_85' title='bbox 1774 1677 1868 1740; x_wconf 90' lang='lat' dir='ltr'>altera</span> <span class='ocrx_word' id='word_1_86' title='bbox 1895 1676 1980 1758; x_wconf 86' lang='lat' dir='ltr'>quod</span> 
     </span>
     <span class='ocr_line' id='line_1_10' title="bbox 609 1776 1980 1861; baseline 0 -23"><span class='ocrx_word' id='word_1_87' title='bbox 609 1795 717 1858; x_wconf 85' lang='lat' dir='ltr'>preces</span> <span class='ocrx_word' id='word_1_88' title='bbox 739 1776 896 1840; x_wconf 88' lang='lat' dir='ltr'>Ecclesiae</span> <span class='ocrx_word' id='word_1_89' title='bbox 922 1780 1031 1857; x_wconf 91' lang='lat' dir='ltr'>quibus</span> <span class='ocrx_word' id='word_1_90' title='bbox 1052 1779 1103 1841; x_wconf 93' lang='lat' dir='ltr'>illa</span> <span class='ocrx_word' id='word_1_91' title='bbox 1127 1787 1254 1857; x_wconf 87' lang='lat' dir='ltr'>constat,</span> <span class='ocrx_word' id='word_1_92' title='bbox 1277 1782 1346 1861; x_wconf 91' lang='lat' dir='ltr'>piae</span> <span class='ocrx_word' id='word_1_93' title='bbox 1376 1780 1494 1861; x_wconf 88' lang='lat' dir='ltr'>quidem</span> <span class='ocrx_word' id='word_1_94' title='bbox 1516 1780 1632 1856; x_wconf 88' lang='lat' dir='ltr'>iurent,</span> <span class='ocrx_word' id='word_1_95' title='bbox 1659 1778 1713 1840; x_wconf 85' lang='lat' dir='ltr'>sed</span> <span class='ocrx_word' id='word_1_96' title='bbox 1741 1776 1814 1839; x_wconf 93' lang='lat' dir='ltr'>nihil</span> <span class='ocrx_word' id='word_1_97' title='bbox 1836 1776 1873 1840; x_wconf 94' lang='lat' dir='ltr'>ad</span> <span class='ocrx_word' id='word_1_98' title='bbox 1897 1794 1980 1840; x_wconf 90' lang='lat' dir='ltr'>con-</span> 
     </span>
     <span class='ocr_line' id='line_1_11' title="bbox 609 1874 1981 1943; baseline 0.001 -4"><span class='ocrx_word' id='word_1_99' title='bbox 609 1877 807 1939; x_wconf 88' lang='lat' dir='ltr'>secrationem</span> <span class='ocrx_word' id='word_1_100' title='bbox 830 1876 1012 1940; x_wconf 82' lang='lat' dir='ltr'>conterrent.</span> <span class='ocrx_word' id='word_1_101' title='bbox 1043 1878 1125 1940; x_wconf 91' lang='lat' dir='ltr'>Haec</span> <span class='ocrx_word' id='word_1_102' title='bbox 1149 1879 1257 1941; x_wconf 88' lang='lat' dir='ltr'>Graeci</span> <span class='ocrx_word' id='word_1_103' title='bbox 1278 1878 1446 1943; x_wconf 87' lang='lat' dir='ltr'>traditionis</span> <span class='ocrx_word' id='word_1_104' title='bbox 1470 1886 1500 1941; x_wconf 90' lang='lat' dir='ltr'>et</span> <span class='ocrx_word' id='word_1_105' title='bbox 1522 1879 1688 1941; x_wconf 87' lang='lat' dir='ltr'>autoritatis</span> <span class='ocrx_word' id='word_1_106' title='bbox 1711 1882 1847 1938; x_wconf 90' lang='lat' dir='ltr'>veterum</span> <span class='ocrx_word' id='word_1_107' title='bbox 1858 1874 1981 1940; x_wconf 81' lang='lat' dir='ltr'>Petrum</span> 
     </span>
     <span class='ocr_line' id='line_1_12' title="bbox 609 1975 1980 2061; baseline -0.001 -23"><span class='ocrx_word' id='word_1_108' title='bbox 609 1977 876 2055; x_wconf 86' lang='lat' dir='ltr'>observantissimi,</span> <span class='ocrx_word' id='word_1_109' title='bbox 905 1976 1061 2040; x_wconf 88' lang='lat' dir='ltr'>admittere</span> <span class='ocrx_word' id='word_1_110' title='bbox 1090 1977 1288 2041; x_wconf 89' lang='lat' dir='ltr'>recusabant:</span> <span class='ocrx_word' id='word_1_111' title='bbox 1317 1978 1386 2059; x_wconf 79' lang='lat' dir='ltr'>Syri</span> <span class='ocrx_word' id='word_1_112' title='bbox 1414 1986 1444 2041; x_wconf 89' lang='lat' dir='ltr'>et</span> <span class='ocrx_word' id='word_1_113' title='bbox 1474 1977 1524 2040; x_wconf 90' lang='lat' dir='ltr'>alii</span> <span class='ocrx_word' id='word_1_114' title='bbox 1552 1976 1747 2061; x_wconf 81' lang='lat' dir='ltr'>ignorabant,</span> <span class='ocrx_word' id='word_1_115' title='bbox 1776 1981 1808 2036; x_wconf 90' lang='lat' dir='ltr'>et</span> <span class='ocrx_word' id='word_1_116' title='bbox 1836 1975 1980 2058; x_wconf 84' lang='lat' dir='ltr'>ignorant</span> 
     </span>
     <span class='ocr_line' id='line_1_13' title="bbox 610 2073 1979 2158; baseline -0.001 -19"><span class='ocrx_word' id='word_1_117' title='bbox 610 2076 778 2153; x_wconf 89' lang='lat' dir='ltr'>etiamnum,</span> <span class='ocrx_word' id='word_1_118' title='bbox 802 2093 902 2156; x_wconf 89' lang='lat' dir='ltr'>neque</span> <span class='ocrx_word' id='word_1_119' title='bbox 924 2074 1115 2157; x_wconf 86' lang='lat' dir='ltr'>impingenda</span> <span class='ocrx_word' id='word_1_120' title='bbox 1139 2077 1315 2156; x_wconf 78' lang='lat' dir='ltr'>illiserunt,</span> <span class='ocrx_word' id='word_1_121' title='bbox 1340 2096 1417 2158; x_wconf 92' lang='lat' dir='ltr'>quae</span> <span class='ocrx_word' id='word_1_122' title='bbox 1439 2096 1588 2158; x_wconf 89' lang='lat' dir='ltr'>nunquam</span> <span class='ocrx_word' id='word_1_123' title='bbox 1610 2075 1831 2157; x_wconf 87' lang='lat' dir='ltr'>cogitaverunt.</span> <span class='ocrx_word' id='word_1_124' title='bbox 1876 2073 1979 2138; x_wconf 87' lang='lat' dir='ltr'>Satius</span> 
     </span>
     <span class='ocr_line' id='line_1_14' title="bbox 610 2173 1980 2256; baseline -0.002 -19"><span class='ocrx_word' id='word_1_125' title='bbox 610 2176 730 2237; x_wconf 92' lang='lat' dir='ltr'>omnino</span> <span class='ocrx_word' id='word_1_126' title='bbox 753 2174 879 2237; x_wconf 90' lang='lat' dir='ltr'>Dandini</span> <span class='ocrx_word' id='word_1_127' title='bbox 902 2177 1053 2256; x_wconf 88' lang='lat' dir='ltr'>interpres</span> <span class='ocrx_word' id='word_1_128' title='bbox 1084 2176 1277 2256; x_wconf 87' lang='lat' dir='ltr'>conjecturae</span> <span class='ocrx_word' id='word_1_129' title='bbox 1305 2185 1429 2239; x_wconf 88' lang='lat' dir='ltr'>nostrae</span> <span class='ocrx_word' id='word_1_130' title='bbox 1456 2194 1543 2256; x_wconf 91' lang='lat' dir='ltr'>quam</span> <span class='ocrx_word' id='word_1_131' title='bbox 1574 2175 1673 2239; x_wconf 89' lang='lat' dir='ltr'>obiter</span> <span class='ocrx_word' id='word_1_132' title='bbox 1703 2177 1816 2256; x_wconf 89' lang='lat' dir='ltr'>tangit,</span> <span class='ocrx_word' id='word_1_133' title='bbox 1850 2173 1980 2235; x_wconf 79' lang='lat' dir='ltr'>animun</span> 
     </span>
     <span class='ocr_line' id='line_1_15' title="bbox 610 2269 1979 2356; baseline -0.001 -21"><span class='ocrx_word' id='word_1_134' title='bbox 610 2273 787 2355; x_wconf 90' lang='lat' dir='ltr'>adjiciendo,</span> <span class='ocrx_word' id='word_1_135' title='bbox 812 2274 1002 2336; x_wconf 89' lang='lat' dir='ltr'>omissionem</span> <span class='ocrx_word' id='word_1_136' title='bbox 1024 2274 1215 2336; x_wconf 88' lang='lat' dir='ltr'>librariorum</span> <span class='ocrx_word' id='word_1_137' title='bbox 1237 2274 1326 2356; x_wconf 92' lang='lat' dir='ltr'>culpa</span> <span class='ocrx_word' id='word_1_138' title='bbox 1349 2274 1457 2337; x_wconf 86' lang='lat' dir='ltr'>iactam</span> <span class='ocrx_word' id='word_1_139' title='bbox 1481 2276 1668 2356; x_wconf 81' lang='lat' dir='ltr'>agnovisset,</span> <span class='ocrx_word' id='word_1_140' title='bbox 1691 2273 1747 2336; x_wconf 93' lang='lat' dir='ltr'>sed</span> <span class='ocrx_word' id='word_1_141' title='bbox 1760 2273 1833 2335; x_wconf 85' lang='lat' dir='ltr'>ttss.</span> <span class='ocrx_word' id='word_1_142' title='bbox 1846 2269 1979 2335; x_wconf 77' lang='lat' dir='ltr'>Codices</span> 
     </span>
     <span class='ocr_line' id='line_1_16' title="bbox 608 2370 1979 2454; baseline -0.001 -21"><span class='ocrx_word' id='word_1_143' title='bbox 608 2372 707 2435; x_wconf 87' lang='lat' dir='ltr'>nullos</span> <span class='ocrx_word' id='word_1_144' title='bbox 731 2374 859 2449; x_wconf 91' lang='lat' dir='ltr'>viderat,</span> <span class='ocrx_word' id='word_1_145' title='bbox 882 2391 958 2452; x_wconf 91' lang='lat' dir='ltr'>quos</span> <span class='ocrx_word' id='word_1_146' title='bbox 982 2375 1011 2434; x_wconf 91' lang='lat' dir='ltr'>in</span> <span class='ocrx_word' id='word_1_147' title='bbox 1034 2391 1088 2436; x_wconf 92' lang='lat' dir='ltr'>ore</span> <span class='ocrx_word' id='word_1_148' title='bbox 1112 2380 1212 2436; x_wconf 90' lang='lat' dir='ltr'>tamen</span> <span class='ocrx_word' id='word_1_149' title='bbox 1242 2392 1363 2454; x_wconf 90' lang='lat' dir='ltr'>semper</span> <span class='ocrx_word' id='word_1_150' title='bbox 1392 2373 1530 2438; x_wconf 89' lang='lat' dir='ltr'>habebat.</span> <span class='ocrx_word' id='word_1_151' title='bbox 1580 2374 1665 2446; x_wconf 85' lang='lat' dir='ltr'>Quae</span> <span class='ocrx_word' id='word_1_152' title='bbox 1698 2371 1735 2434; x_wconf 91' lang='lat' dir='ltr'>ad</span> <span class='ocrx_word' id='word_1_153' title='bbox 1765 2370 1856 2433; x_wconf 83' lang='lat' dir='ltr'>totius</span> <span class='ocrx_word' id='word_1_154' title='bbox 1879 2386 1979 2449; x_wconf 87' lang='lat' dir='ltr'>quae-</span> 
     </span>
     <span class='ocr_line' id='line_1_17' title="bbox 609 2465 1980 2554; baseline -0.004 -21"><span class='ocrx_word' id='word_1_155' title='bbox 609 2472 716 2534; x_wconf 87' lang='lat' dir='ltr'>stionis</span> <span class='ocrx_word' id='word_1_156' title='bbox 739 2472 968 2552; x_wconf 87' lang='lat' dir='ltr'>explicationem</span> <span class='ocrx_word' id='word_1_157' title='bbox 991 2474 1153 2553; x_wconf 88' lang='lat' dir='ltr'>pertinent,</span> <span class='ocrx_word' id='word_1_158' title='bbox 1175 2474 1282 2552; x_wconf 91' lang='lat' dir='ltr'>partim</span> <span class='ocrx_word' id='word_1_159' title='bbox 1306 2473 1445 2554; x_wconf 91' lang='lat' dir='ltr'>exposita</span> <span class='ocrx_word' id='word_1_160' title='bbox 1468 2472 1596 2534; x_wconf 90' lang='lat' dir='ltr'>suntad</span> <span class='ocrx_word' id='word_1_161' title='bbox 1619 2470 1720 2534; x_wconf 88' lang='lat' dir='ltr'>Basilii</span> <span class='ocrx_word' id='word_1_162' title='bbox 1742 2469 1900 2550; x_wconf 89' lang='lat' dir='ltr'>Copticam</span> <span class='ocrx_word' id='word_1_163' title='bbox 1921 2465 1980 2530; x_wconf 83' lang='lat' dir='ltr'>nt-</span> 
     </span>
     <span class='ocr_line' id='line_1_18' title="bbox 609 2569 1279 2652; baseline 0.006 -22"><span class='ocrx_word' id='word_1_164' title='bbox 609 2569 749 2652; x_wconf 87' lang='lat' dir='ltr'>turgiam,</span> <span class='ocrx_word' id='word_1_165' title='bbox 773 2578 804 2632; x_wconf 90' lang='lat' dir='ltr'>et</span> <span class='ocrx_word' id='word_1_166' title='bbox 826 2570 897 2633; x_wconf 91' lang='lat' dir='ltr'>alibi</span> <span class='ocrx_word' id='word_1_167' title='bbox 919 2570 1013 2634; x_wconf 84' lang='lat' dir='ltr'>fusius</span> <span class='ocrx_word' id='word_1_168' title='bbox 1036 2571 1279 2652; x_wconf 88' lang='lat' dir='ltr'>explicabuntur.</span> 
     </span>
    </p>
   </div>
   <div class='ocr_carea' id='block_1_3' title="bbox 856 2814 1732 2906">
    <p class='ocr_par' dir='ltr' id='par_1_3' title="bbox 856 2814 1732 2906">
     <span class='ocr_line' id='line_1_19' title="bbox 856 2814 1732 2906; baseline -0.001 -22"><span class='ocrx_word' id='word_1_169' title='bbox 856 2815 980 2885; x_wconf 80' lang='lat' dir='ltr'>Mortis</span> <span class='ocrx_word' id='word_1_170' title='bbox 1006 2822 1085 2884; x_wconf 82' lang='lat' dir='ltr'>tuce</span> <span class='ocrx_word' id='word_1_171' title='bbox 1110 2814 1256 2886; x_wconf 84' lang='lat' dir='ltr'>Domine</span> <span class='ocrx_word' id='word_1_172' title='bbox 1282 2819 1475 2892; x_wconf 82' lang='lat' dir='ltr'>merraorr&#39;om</span> <span class='ocrx_word' id='word_1_173' title='bbox 1501 2818 1641 2906; x_wconf 73' lang='lat' dir='ltr'>opirius,</span> <span class='ocrx_word' id='word_1_174' title='bbox 1669 2820 1732 2884; x_wconf 87' lang='lat' dir='ltr'>elc.</span> 
     </span>
    </p>
   </div>
   <div class='ocr_carea' id='block_1_4' title="bbox 600 2956 2011 5237">
    <p class='ocr_par' dir='ltr' id='par_1_4' title="bbox 600 2956 2011 5237">
     <span class='ocr_line' id='line_1_20' title="bbox 721 2956 1978 3049; baseline -0.007 -18"><span class='ocrx_word' id='word_1_175' title='bbox 721 2956 756 3032; x_wconf 83' lang='lat' dir='ltr'>lu</span> <span class='ocrx_word' id='word_1_176' title='bbox 780 2966 896 3028; x_wconf 90' lang='lat' dir='ltr'>Graeca</span> <span class='ocrx_word' id='word_1_177' title='bbox 923 2965 1029 3027; x_wconf 88' lang='lat' dir='ltr'>Jacobi</span> <span class='ocrx_word' id='word_1_178' title='bbox 1059 2966 1193 3049; x_wconf 87' lang='lat' dir='ltr'>Liturgia</span> <span class='ocrx_word' id='word_1_179' title='bbox 1223 2973 1293 3046; x_wconf 87' lang='lat' dir='ltr'>post</span> <span class='ocrx_word' id='word_1_180' title='bbox 1323 2963 1424 3025; x_wconf 91' lang='lat' dir='ltr'>ultima</span> <span class='ocrx_word' id='word_1_181' title='bbox 1454 2961 1566 3024; x_wconf 86' lang='lat' dir='ltr'>Christi</span> <span class='ocrx_word' id='word_1_182' title='bbox 1595 2959 1690 3022; x_wconf 89' lang='lat' dir='ltr'>verba</span> <span class='ocrx_word' id='word_1_183' title='bbox 1721 2961 1817 3022; x_wconf 82' lang='lat' dir='ltr'>donec</span> <span class='ocrx_word' id='word_1_184' title='bbox 1844 2962 1978 3036; x_wconf 71' lang='lat' dir='ltr'>ueniun,</span> 
     </span>
     <span class='ocr_line' id='line_1_21' title="bbox 608 3058 1978 3153; baseline -0.007 -18"><span class='ocrx_word' id='word_1_185' title='bbox 608 3058 764 3135; x_wconf 76' lang='grc' dir='ltr'><em>Διᾶκονοι</em></span> <span class='ocrx_word' id='word_1_186' title='bbox 786 3064 939 3153; x_wconf 73' lang='grc' dir='ltr'><strong><em>λέγουσι]</em></strong></span> <span class='ocrx_word' id='word_1_187' title='bbox 968 3060 1172 3146; x_wconf 78' lang='grc' dir='ltr'><em>Πιστεὺομεν</em></span> <span class='ocrx_word' id='word_1_188' title='bbox 1193 3066 1248 3131; x_wconf 77' lang='grc' dir='ltr'>καὶ</span> <span class='ocrx_word' id='word_1_189' title='bbox 1270 3059 1497 3149; x_wconf 77' lang='grc' dir='ltr'><strong><em>ὁμολογοῦμεν.</em></strong></span> <span class='ocrx_word' id='word_1_190' title='bbox 1543 3062 1700 3125; x_wconf 80' lang='lat' dir='ltr'>Credimus</span> <span class='ocrx_word' id='word_1_191' title='bbox 1727 3070 1757 3124; x_wconf 82' lang='lat' dir='ltr'>et</span> <span class='ocrx_word' id='word_1_192' title='bbox 1782 3065 1978 3143; x_wconf 63' lang='lat' dir='ltr'>ccrrfiiemsn</span> 
     </span>
     <span class='ocr_line' id='line_1_22' title="bbox 610 3160 1978 3245; baseline -0.007 -12"><span class='ocrx_word' id='word_1_193' title='bbox 610 3172 697 3244; x_wconf 84' lang='lat' dir='ltr'>Quod</span> <span class='ocrx_word' id='word_1_194' title='bbox 720 3171 863 3233; x_wconf 85' lang='lat' dir='ltr'>Diaconis</span> <span class='ocrx_word' id='word_1_195' title='bbox 886 3169 960 3231; x_wconf 89' lang='lat' dir='ltr'>haee</span> <span class='ocrx_word' id='word_1_196' title='bbox 983 3168 1143 3232; x_wconf 82' lang='lat' dir='ltr'>Confessio</span> <span class='ocrx_word' id='word_1_197' title='bbox 1166 3168 1323 3245; x_wconf 89' lang='lat' dir='ltr'>tribuitur,</span> <span class='ocrx_word' id='word_1_198' title='bbox 1352 3183 1413 3227; x_wconf 92' lang='lat' dir='ltr'>non</span> <span class='ocrx_word' id='word_1_199' title='bbox 1436 3173 1482 3227; x_wconf 91' lang='lat' dir='ltr'>est</span> <span class='ocrx_word' id='word_1_200' title='bbox 1504 3162 1669 3227; x_wconf 91' lang='lat' dir='ltr'>secundum</span> <span class='ocrx_word' id='word_1_201' title='bbox 1697 3163 1784 3224; x_wconf 90' lang='lat' dir='ltr'>ritum</span> <span class='ocrx_word' id='word_1_202' title='bbox 1814 3160 1978 3225; x_wconf 82' lang='lat' dir='ltr'>orientalis</span> 
     </span>
     <span class='ocr_line' id='line_1_23' title="bbox 610 3260 1977 3349; baseline -0.007 -15"><span class='ocrx_word' id='word_1_203' title='bbox 610 3271 779 3347; x_wconf 87' lang='lat' dir='ltr'>Ecclesiae,</span> <span class='ocrx_word' id='word_1_204' title='bbox 801 3272 831 3331; x_wconf 91' lang='lat' dir='ltr'>in</span> <span class='ocrx_word' id='word_1_205' title='bbox 855 3287 913 3348; x_wconf 91' lang='lat' dir='ltr'>qua</span> <span class='ocrx_word' id='word_1_206' title='bbox 936 3286 1013 3330; x_wconf 91' lang='lat' dir='ltr'>unus</span> <span class='ocrx_word' id='word_1_207' title='bbox 1029 3268 1122 3349; x_wconf 76' lang='lat' dir='ltr'>vulgo</span> <span class='ocrx_word' id='word_1_208' title='bbox 1146 3267 1297 3329; x_wconf 85' lang='lat' dir='ltr'>Diaconus</span> <span class='ocrx_word' id='word_1_209' title='bbox 1320 3266 1477 3341; x_wconf 90' lang='lat' dir='ltr'>ministrat,</span> <span class='ocrx_word' id='word_1_210' title='bbox 1500 3270 1530 3324; x_wconf 90' lang='lat' dir='ltr'>et</span> <span class='ocrx_word' id='word_1_211' title='bbox 1551 3262 1646 3324; x_wconf 89' lang='lat' dir='ltr'>verba</span> <span class='ocrx_word' id='word_1_212' title='bbox 1668 3261 1748 3325; x_wconf 87' lang='lat' dir='ltr'>lacit.</span> <span class='ocrx_word' id='word_1_213' title='bbox 1788 3260 1820 3324; x_wconf 93' lang='lat' dir='ltr'>ln</span> <span class='ocrx_word' id='word_1_214' title='bbox 1842 3260 1977 3341; x_wconf 84' lang='lat' dir='ltr'>Capticis</span> 
     </span>
     <span class='ocr_line' id='line_1_24' title="bbox 610 3360 1977 3451; baseline -0.01 -17"><span class='ocrx_word' id='word_1_215' title='bbox 610 3369 832 3451; x_wconf 84' lang='lat' dir='ltr'>exemplaribus</span> <span class='ocrx_word' id='word_1_216' title='bbox 868 3368 1042 3430; x_wconf 89' lang='lat' dir='ltr'>acclamatio</span> <span class='ocrx_word' id='word_1_217' title='bbox 1076 3365 1124 3427; x_wconf 90' lang='lat' dir='ltr'>illa</span> <span class='ocrx_word' id='word_1_218' title='bbox 1158 3364 1390 3445; x_wconf 86' lang='lat' dir='ltr'>praescribitur,</span> <span class='ocrx_word' id='word_1_219' title='bbox 1418 3363 1473 3425; x_wconf 90' lang='lat' dir='ltr'>sed</span> <span class='ocrx_word' id='word_1_220' title='bbox 1502 3381 1519 3423; x_wconf 90' lang='lat' dir='ltr'>a</span> <span class='ocrx_word' id='word_1_221' title='bbox 1549 3360 1663 3441; x_wconf 91' lang='lat' dir='ltr'>populo</span> <span class='ocrx_word' id='word_1_222' title='bbox 1691 3360 1833 3435; x_wconf 87' lang='lat' dir='ltr'>dicenda,</span> <span class='ocrx_word' id='word_1_223' title='bbox 1868 3376 1932 3421; x_wconf 91' lang='lat' dir='ltr'>non</span> <span class='ocrx_word' id='word_1_224' title='bbox 1958 3377 1977 3422; x_wconf 85' lang='lat' dir='ltr'>a</span> 
     </span>
     <span class='ocr_line' id='line_1_25' title="bbox 610 3458 1978 3542; baseline -0.008 -11"><span class='ocrx_word' id='word_1_225' title='bbox 610 3471 760 3533; x_wconf 89' lang='lat' dir='ltr'>Diaconis.</span> <span class='ocrx_word' id='word_1_226' title='bbox 805 3468 851 3528; x_wconf 88' lang='lat' dir='ltr'>De</span> <span class='ocrx_word' id='word_1_227' title='bbox 874 3484 910 3528; x_wconf 89' lang='lat' dir='ltr'>ea</span> <span class='ocrx_word' id='word_1_228' title='bbox 933 3467 1042 3528; x_wconf 89' lang='lat' dir='ltr'>dictum</span> <span class='ocrx_word' id='word_1_229' title='bbox 1065 3473 1112 3526; x_wconf 92' lang='lat' dir='ltr'>est</span> <span class='ocrx_word' id='word_1_230' title='bbox 1135 3465 1164 3525; x_wconf 93' lang='lat' dir='ltr'>in</span> <span class='ocrx_word' id='word_1_231' title='bbox 1188 3463 1410 3529; x_wconf 89' lang='lat' dir='ltr'>Commentario</span> <span class='ocrx_word' id='word_1_232' title='bbox 1433 3460 1658 3523; x_wconf 89' lang='lat' dir='ltr'>adBasilianam</span> <span class='ocrx_word' id='word_1_233' title='bbox 1673 3460 1847 3542; x_wconf 82' lang='lat' dir='ltr'>liturgiam.</span> <span class='ocrx_word' id='word_1_234' title='bbox 1872 3458 1978 3541; x_wconf 86' lang='lat' dir='ltr'>Signi-</span> 
     </span>
     <span class='ocr_line' id='line_1_26' title="bbox 611 3558 2011 3647; baseline -0.011 -13"><span class='ocrx_word' id='word_1_235' title='bbox 611 3574 778 3634; x_wconf 77' lang='lat' dir='ltr'>ficationem</span> <span class='ocrx_word' id='word_1_236' title='bbox 800 3567 960 3647; x_wconf 90' lang='lat' dir='ltr'>duplicem,</span> <span class='ocrx_word' id='word_1_237' title='bbox 984 3572 1015 3625; x_wconf 92' lang='lat' dir='ltr'>ut</span> <span class='ocrx_word' id='word_1_238' title='bbox 1038 3564 1097 3625; x_wconf 91' lang='lat' dir='ltr'>illic</span> <span class='ocrx_word' id='word_1_239' title='bbox 1112 3564 1350 3636; x_wconf 88' lang='lat' dir='ltr'>observavimus,</span> <span class='ocrx_word' id='word_1_240' title='bbox 1373 3561 1547 3624; x_wconf 89' lang='lat' dir='ltr'>acclamatio</span> <span class='ocrx_word' id='word_1_241' title='bbox 1561 3559 1610 3621; x_wconf 91' lang='lat' dir='ltr'>illa</span> <span class='ocrx_word' id='word_1_242' title='bbox 1625 3558 1865 3640; x_wconf 88' lang='lat' dir='ltr'>habercpotest:</span> <span class='ocrx_word' id='word_1_243' title='bbox 1888 3574 1978 3620; x_wconf 83' lang='lat' dir='ltr'>unam</span> <span class='ocrx_word' id='word_1_244' title='bbox 2009 3567 2011 3572; x_wconf 85' lang='lat'>&#39;</span> 
     </span>
     <span class='ocr_line' id='line_1_27' title="bbox 611 3657 1980 3744; baseline -0.009 -12"><span class='ocrx_word' id='word_1_245' title='bbox 611 3670 679 3732; x_wconf 90' lang='lat' dir='ltr'>tidei</span> <span class='ocrx_word' id='word_1_246' title='bbox 702 3669 740 3730; x_wconf 91' lang='lat' dir='ltr'>de</span> <span class='ocrx_word' id='word_1_247' title='bbox 762 3670 890 3729; x_wconf 89' lang='lat' dir='ltr'>veritate</span> <span class='ocrx_word' id='word_1_248' title='bbox 914 3665 1051 3744; x_wconf 90' lang='lat' dir='ltr'>corporis</span> <span class='ocrx_word' id='word_1_249' title='bbox 1074 3672 1104 3725; x_wconf 91' lang='lat' dir='ltr'>et</span> <span class='ocrx_word' id='word_1_250' title='bbox 1126 3663 1281 3743; x_wconf 90' lang='lat' dir='ltr'>sanguinis</span> <span class='ocrx_word' id='word_1_251' title='bbox 1305 3661 1415 3723; x_wconf 87' lang='lat' dir='ltr'>Christi</span> <span class='ocrx_word' id='word_1_252' title='bbox 1438 3661 1468 3720; x_wconf 90' lang='lat' dir='ltr'>in</span> <span class='ocrx_word' id='word_1_253' title='bbox 1485 3659 1686 3720; x_wconf 87' lang='lat' dir='ltr'>Eucharistia:</span> <span class='ocrx_word' id='word_1_254' title='bbox 1708 3658 1834 3720; x_wconf 90' lang='lat' dir='ltr'>alteram</span> <span class='ocrx_word' id='word_1_255' title='bbox 1857 3657 1896 3719; x_wconf 92' lang='lat' dir='ltr'>de</span> <span class='ocrx_word' id='word_1_256' title='bbox 1919 3675 1980 3721; x_wconf 87' lang='lat' dir='ltr'>va-</span> 
     </span>
     <span class='ocr_line' id='line_1_28' title="bbox 609 3754 1978 3842; baseline -0.009 -11"><span class='ocrx_word' id='word_1_257' title='bbox 609 3770 698 3831; x_wconf 89' lang='lat' dir='ltr'>ritate</span> <span class='ocrx_word' id='word_1_258' title='bbox 722 3767 811 3827; x_wconf 92' lang='lat' dir='ltr'>totius</span> <span class='ocrx_word' id='word_1_259' title='bbox 840 3764 1021 3826; x_wconf 89' lang='lat' dir='ltr'>narrationis</span> <span class='ocrx_word' id='word_1_260' title='bbox 1050 3761 1270 3842; x_wconf 86' lang='lat' dir='ltr'>Evangelicae,</span> <span class='ocrx_word' id='word_1_261' title='bbox 1303 3779 1390 3840; x_wconf 90' lang='lat' dir='ltr'>quam</span> <span class='ocrx_word' id='word_1_262' title='bbox 1413 3778 1430 3821; x_wconf 88' lang='lat' dir='ltr'>a</span> <span class='ocrx_word' id='word_1_263' title='bbox 1454 3756 1618 3820; x_wconf 87' lang='lat' dir='ltr'>Sacerdote</span> <span class='ocrx_word' id='word_1_264' title='bbox 1649 3756 1778 3837; x_wconf 89' lang='lat' dir='ltr'>populus</span> <span class='ocrx_word' id='word_1_265' title='bbox 1807 3754 1917 3819; x_wconf 88' lang='lat' dir='ltr'>audiit:</span> <span class='ocrx_word' id='word_1_266' title='bbox 1946 3756 1978 3818; x_wconf 88' lang='lat' dir='ltr'>in</span> 
     </span>
     <span class='ocr_line' id='line_1_29' title="bbox 610 3856 1978 3947; baseline -0.01 -19"><span class='ocrx_word' id='word_1_267' title='bbox 610 3885 669 3947; x_wconf 93' lang='lat' dir='ltr'>qua</span> <span class='ocrx_word' id='word_1_268' title='bbox 691 3866 775 3946; x_wconf 90' lang='lat' dir='ltr'>prior</span> <span class='ocrx_word' id='word_1_269' title='bbox 797 3882 918 3944; x_wconf 95' lang='lat' dir='ltr'>quoque</span> <span class='ocrx_word' id='word_1_270' title='bbox 941 3864 1119 3925; x_wconf 88' lang='lat' dir='ltr'>continetur.</span> <span class='ocrx_word' id='word_1_271' title='bbox 1164 3859 1267 3938; x_wconf 90' lang='lat' dir='ltr'>ltaque</span> <span class='ocrx_word' id='word_1_272' title='bbox 1290 3860 1369 3921; x_wconf 89' lang='lat' dir='ltr'>inter</span> <span class='ocrx_word' id='word_1_273' title='bbox 1390 3857 1556 3938; x_wconf 80' lang='lat' dir='ltr'>liturgias,</span> <span class='ocrx_word' id='word_1_274' title='bbox 1584 3856 1816 3939; x_wconf 84' lang='lat' dir='ltr'>Theologosvc,</span> <span class='ocrx_word' id='word_1_275' title='bbox 1844 3861 1978 3919; x_wconf 75' lang='lat' dir='ltr'>conus-</span> 
     </span>
     <span class='ocr_line' id='line_1_30' title="bbox 609 3953 1979 4040; baseline -0.009 -12"><span class='ocrx_word' id='word_1_276' title='bbox 609 3967 702 4029; x_wconf 87' lang='lat' dir='ltr'>rietas</span> <span class='ocrx_word' id='word_1_277' title='bbox 725 3964 805 4026; x_wconf 89' lang='lat' dir='ltr'>nulla</span> <span class='ocrx_word' id='word_1_278' title='bbox 829 3964 948 4024; x_wconf 89' lang='lat' dir='ltr'>censeri</span> <span class='ocrx_word' id='word_1_279' title='bbox 971 3961 1079 4036; x_wconf 88' lang='lat' dir='ltr'>debet,</span> <span class='ocrx_word' id='word_1_280' title='bbox 1113 3959 1193 4040; x_wconf 93' lang='lat' dir='ltr'>qued</span> <span class='ocrx_word' id='word_1_281' title='bbox 1215 3961 1245 4021; x_wconf 91' lang='lat' dir='ltr'>in</span> <span class='ocrx_word' id='word_1_282' title='bbox 1269 3959 1326 4019; x_wconf 92' lang='lat' dir='ltr'>iliis</span> <span class='ocrx_word' id='word_1_283' title='bbox 1349 3956 1523 4037; x_wconf 91' lang='lat' dir='ltr'>simpliciter</span> <span class='ocrx_word' id='word_1_284' title='bbox 1546 3953 1656 4030; x_wconf 83' lang='lat' dir='ltr'>Credo,</span> <span class='ocrx_word' id='word_1_285' title='bbox 1678 3962 1729 4017; x_wconf 90' lang='lat' dir='ltr'>aut</span> <span class='ocrx_word' id='word_1_286' title='bbox 1752 3954 1922 4032; x_wconf 74' lang='lat' dir='ltr'>Credirm,</span> <span class='ocrx_word' id='word_1_287' title='bbox 1943 3960 1979 4016; x_wconf 84' lang='lat' dir='ltr'>ut</span> 
     </span>
     <span class='ocr_line' id='line_1_31' title="bbox 609 4052 1978 4143; baseline -0.011 -15"><span class='ocrx_word' id='word_1_288' title='bbox 609 4068 639 4128; x_wconf 87' lang='lat' dir='ltr'>in</span> <span class='ocrx_word' id='word_1_289' title='bbox 663 4066 779 4128; x_wconf 89' lang='lat' dir='ltr'>Graeco</span> <span class='ocrx_word' id='word_1_290' title='bbox 803 4063 967 4143; x_wconf 90' lang='lat' dir='ltr'>exemplari</span> <span class='ocrx_word' id='word_1_291' title='bbox 989 4062 1113 4143; x_wconf 87' lang='lat' dir='ltr'>legitur:</span> <span class='ocrx_word' id='word_1_292' title='bbox 1136 4061 1166 4120; x_wconf 92' lang='lat' dir='ltr'>in</span> <span class='ocrx_word' id='word_1_293' title='bbox 1189 4058 1353 4139; x_wconf 90' lang='lat' dir='ltr'>aliquibus,</span> <span class='ocrx_word' id='word_1_294' title='bbox 1384 4064 1416 4118; x_wconf 92' lang='lat' dir='ltr'>ut</span> <span class='ocrx_word' id='word_1_295' title='bbox 1438 4059 1468 4118; x_wconf 91' lang='lat' dir='ltr'>in</span> <span class='ocrx_word' id='word_1_296' title='bbox 1491 4055 1687 4135; x_wconf 82' lang='lat' dir='ltr'>Aethiopica,</span> <span class='ocrx_word' id='word_1_297' title='bbox 1715 4052 1874 4116; x_wconf 81' lang='lat' dir='ltr'>Credimus</span> <span class='ocrx_word' id='word_1_298' title='bbox 1903 4071 1978 4114; x_wconf 76' lang='lat' dir='ltr'>cer-c</span> 
     </span>
     <span class='ocr_line' id='line_1_32' title="bbox 607 4152 1977 4242; baseline -0.011 -14"><span class='ocrx_word' id='word_1_299' title='bbox 607 4168 666 4228; x_wconf 87' lang='lat' dir='ltr'>hcc</span> <span class='ocrx_word' id='word_1_300' title='bbox 688 4184 755 4226; x_wconf 85' lang='lat' dir='ltr'>esse</span> <span class='ocrx_word' id='word_1_301' title='bbox 777 4182 887 4242; x_wconf 82' lang='lat' dir='ltr'>corpus</span> <span class='ocrx_word' id='word_1_302' title='bbox 908 4170 1006 4223; x_wconf 77' lang='lat' dir='ltr'>turim:</span> <span class='ocrx_word' id='word_1_303' title='bbox 1034 4162 1084 4222; x_wconf 86' lang='lat' dir='ltr'>hic</span> <span class='ocrx_word' id='word_1_304' title='bbox 1113 4167 1158 4220; x_wconf 88' lang='lat' dir='ltr'>est</span> <span class='ocrx_word' id='word_1_305' title='bbox 1186 4179 1256 4219; x_wconf 84' lang='lat' dir='ltr'>vere</span> <span class='ocrx_word' id='word_1_306' title='bbox 1277 4158 1403 4237; x_wconf 77' lang='lat' dir='ltr'>sanquis</span> <span class='ocrx_word' id='word_1_307' title='bbox 1425 4165 1511 4217; x_wconf 86' lang='lat' dir='ltr'>tuus:</span> <span class='ocrx_word' id='word_1_308' title='bbox 1542 4156 1572 4215; x_wconf 91' lang='lat' dir='ltr'>in</span> <span class='ocrx_word' id='word_1_309' title='bbox 1602 4153 1827 4234; x_wconf 85' lang='lat' dir='ltr'>Theologorum</span> <span class='ocrx_word' id='word_1_310' title='bbox 1854 4152 1977 4232; x_wconf 86' lang='lat' dir='ltr'>scriptis</span> 
     </span>
     <span class='ocr_line' id='line_1_33' title="bbox 608 4250 1977 4345; baseline -0.009 -18"><span class='ocrx_word' id='word_1_311' title='bbox 608 4283 728 4345; x_wconf 89' lang='lat' dir='ltr'>quoque</span> <span class='ocrx_word' id='word_1_312' title='bbox 752 4263 827 4324; x_wconf 92' lang='lat' dir='ltr'>haec</span> <span class='ocrx_word' id='word_1_313' title='bbox 851 4261 1010 4324; x_wconf 81' lang='lat' dir='ltr'>Confessio</span> <span class='ocrx_word' id='word_1_314' title='bbox 1034 4259 1120 4335; x_wconf 92' lang='lat' dir='ltr'>tidei,</span> <span class='ocrx_word' id='word_1_315' title='bbox 1150 4258 1277 4319; x_wconf 83' lang='lat' dir='ltr'>detota</span> <span class='ocrx_word' id='word_1_316' title='bbox 1305 4254 1489 4337; x_wconf 85' lang='lat' dir='ltr'>Evangelica</span> <span class='ocrx_word' id='word_1_317' title='bbox 1520 4253 1692 4314; x_wconf 87' lang='lat' dir='ltr'>narratione</span> <span class='ocrx_word' id='word_1_318' title='bbox 1720 4251 1909 4332; x_wconf 85' lang='lat' dir='ltr'>explicetur,</span> <span class='ocrx_word' id='word_1_319' title='bbox 1937 4250 1977 4314; x_wconf 86' lang='lat' dir='ltr'>ab</span> 
     </span>
     <span class='ocr_line' id='line_1_34' title="bbox 609 4348 1978 4442; baseline -0.008 -17"><span class='ocrx_word' id='word_1_320' title='bbox 609 4362 771 4442; x_wconf 88' lang='lat' dir='ltr'>aliquibus:</span> <span class='ocrx_word' id='word_1_321' title='bbox 795 4361 831 4423; x_wconf 91' lang='lat' dir='ltr'>ab</span> <span class='ocrx_word' id='word_1_322' title='bbox 856 4360 920 4423; x_wconf 87' lang='lat' dir='ltr'>aliis</span> <span class='ocrx_word' id='word_1_323' title='bbox 943 4360 980 4421; x_wconf 86' lang='lat' dir='ltr'>de</span> <span class='ocrx_word' id='word_1_324' title='bbox 1003 4360 1131 4421; x_wconf 86' lang='lat' dir='ltr'>veritate</span> <span class='ocrx_word' id='word_1_325' title='bbox 1154 4356 1292 4437; x_wconf 91' lang='lat' dir='ltr'>corporis</span> <span class='ocrx_word' id='word_1_326' title='bbox 1323 4361 1354 4417; x_wconf 90' lang='lat' dir='ltr'>et</span> <span class='ocrx_word' id='word_1_327' title='bbox 1376 4353 1531 4435; x_wconf 91' lang='lat' dir='ltr'>sanguinis</span> <span class='ocrx_word' id='word_1_328' title='bbox 1554 4351 1664 4413; x_wconf 83' lang='lat' dir='ltr'>Christi</span> <span class='ocrx_word' id='word_1_329' title='bbox 1687 4351 1815 4413; x_wconf 87' lang='lat' dir='ltr'>Domini.</span> <span class='ocrx_word' id='word_1_330' title='bbox 1857 4349 1890 4411; x_wconf 90' lang='lat' dir='ltr'>ln</span> <span class='ocrx_word' id='word_1_331' title='bbox 1914 4348 1978 4432; x_wconf 72' lang='lat' dir='ltr'>Sy-</span> 
     </span>
     <span class='ocr_line' id='line_1_35' title="bbox 608 4447 1978 4540; baseline -0.009 -15"><span class='ocrx_word' id='word_1_332' title='bbox 608 4463 698 4526; x_wconf 89' lang='lat' dir='ltr'>riacis</span> <span class='ocrx_word' id='word_1_333' title='bbox 722 4460 883 4524; x_wconf 91' lang='lat' dir='ltr'>Codicibus</span> <span class='ocrx_word' id='word_1_334' title='bbox 905 4458 975 4522; x_wconf 89' lang='lat' dir='ltr'>nihil</span> <span class='ocrx_word' id='word_1_335' title='bbox 999 4459 1120 4540; x_wconf 86' lang='lat' dir='ltr'>legitur,</span> <span class='ocrx_word' id='word_1_336' title='bbox 1143 4464 1265 4535; x_wconf 88' lang='lat' dir='ltr'>praeter</span> <span class='ocrx_word' id='word_1_337' title='bbox 1284 4470 1470 4515; x_wconf 90' lang='lat' dir='ltr'>communem</span> <span class='ocrx_word' id='word_1_338' title='bbox 1493 4451 1629 4514; x_wconf 88' lang='lat' dir='ltr'>omnibus</span> <span class='ocrx_word' id='word_1_339' title='bbox 1643 4449 1787 4531; x_wconf 80' lang='lat' dir='ltr'>liturgiis</span> <span class='ocrx_word' id='word_1_340' title='bbox 1809 4447 1978 4512; x_wconf 76' lang='lat' dir='ltr'>rammam</span> 
     </span>
     <span class='ocr_line' id='line_1_36' title="bbox 600 4537 1978 4643; baseline -0.009 -19"><span class='ocrx_word' id='word_1_341' title='bbox 600 4551 665 4625; x_wconf 71' lang='grc' dir='ltr'>τὸν</span> <span class='ocrx_word' id='word_1_342' title='bbox 679 4547 826 4623; x_wconf 70' lang='grc' dir='ltr'><strong><em>θάνατόν</em></strong></span> <span class='ocrx_word' id='word_1_343' title='bbox 847 4576 908 4621; x_wconf 89' lang='grc' dir='ltr'>σου</span> <span class='ocrx_word' id='word_1_344' title='bbox 932 4549 1025 4643; x_wconf 80' lang='grc' dir='ltr'><strong><em>κύριε</em></strong></span> <span class='ocrx_word' id='word_1_345' title='bbox 1040 4548 1306 4639; x_wconf 76' lang='grc' dir='ltr'><strong><em>καταγγέλλομεν,</em></strong></span> <span class='ocrx_word' id='word_1_346' title='bbox 1328 4548 1383 4613; x_wconf 87' lang='grc' dir='ltr'>καὶ</span> <span class='ocrx_word' id='word_1_347' title='bbox 1397 4540 1456 4633; x_wconf 63' lang='grc' dir='ltr'>τὴν</span> <span class='ocrx_word' id='word_1_348' title='bbox 1474 4537 1652 4613; x_wconf 75' lang='grc' dir='ltr'><strong><em>ἅνᾶστασίν</em></strong></span> <span class='ocrx_word' id='word_1_349' title='bbox 1665 4565 1727 4612; x_wconf 88' lang='grc' dir='ltr'>σου</span> <span class='ocrx_word' id='word_1_350' title='bbox 1750 4540 1978 4630; x_wconf 60' lang='grc' dir='ltr'>ὁμολωωῦμεν.</span> 
     </span>
     <span class='ocr_line' id='line_1_37' title="bbox 608 4651 1980 4729; baseline -0.012 -6"><span class='ocrx_word' id='word_1_351' title='bbox 608 4662 735 4724; x_wconf 86' lang='lat' dir='ltr'>Mortem</span> <span class='ocrx_word' id='word_1_352' title='bbox 757 4670 840 4722; x_wconf 87' lang='lat' dir='ltr'>tuom</span> <span class='ocrx_word' id='word_1_353' title='bbox 861 4657 988 4719; x_wconf 77' lang='lat' dir='ltr'>Dareine</span> <span class='ocrx_word' id='word_1_354' title='bbox 1010 4658 1244 4728; x_wconf 80' lang='lat' dir='ltr'>annunciamus,</span> <span class='ocrx_word' id='word_1_355' title='bbox 1267 4661 1296 4713; x_wconf 89' lang='lat' dir='ltr'>ct</span> <span class='ocrx_word' id='word_1_356' title='bbox 1317 4652 1568 4713; x_wconf 78' lang='lat' dir='ltr'>resurrectionem</span> <span class='ocrx_word' id='word_1_357' title='bbox 1589 4658 1670 4711; x_wconf 85' lang='lat' dir='ltr'>tuum</span> <span class='ocrx_word' id='word_1_358' title='bbox 1692 4651 1875 4729; x_wconf 76' lang='lat' dir='ltr'>confiternur,</span> <span class='ocrx_word' id='word_1_359' title='bbox 1898 4663 1980 4727; x_wconf 80' lang='lat' dir='ltr'>quae</span> 
     </span>
     <span class='ocr_line' id='line_1_38' title="bbox 611 4735 1981 4836; baseline -0.011 -13"><span class='ocrx_word' id='word_1_360' title='bbox 611 4761 729 4823; x_wconf 88' lang='lat' dir='ltr'>Graece</span> <span class='ocrx_word' id='word_1_361' title='bbox 752 4778 770 4820; x_wconf 93' lang='lat' dir='ltr'>a</span> <span class='ocrx_word' id='word_1_362' title='bbox 793 4755 921 4836; x_wconf 92' lang='lat' dir='ltr'>Coptitis</span> <span class='ocrx_word' id='word_1_363' title='bbox 944 4755 1068 4818; x_wconf 90' lang='lat' dir='ltr'>dicitur:</span> <span class='ocrx_word' id='word_1_364' title='bbox 1096 4754 1203 4834; x_wconf 91' lang='lat' dir='ltr'>quibus</span> <span class='ocrx_word' id='word_1_365' title='bbox 1226 4751 1368 4814; x_wconf 90' lang='lat' dir='ltr'>nonnulla</span> <span class='ocrx_word' id='word_1_366' title='bbox 1391 4749 1429 4811; x_wconf 90' lang='lat' dir='ltr'>de</span> <span class='ocrx_word' id='word_1_367' title='bbox 1452 4750 1601 4830; x_wconf 79' lang='lat' dir='ltr'>mysteriis</span> <span class='ocrx_word' id='word_1_368' title='bbox 1622 4748 1682 4831; x_wconf 80' lang='grc' dir='ltr'>τῆς</span> <span class='ocrx_word' id='word_1_369' title='bbox 1703 4735 1861 4833; x_wconf 76' lang='grc' dir='ltr'><em>ἑνσοὶρκου</em></span> <span class='ocrx_word' id='word_1_370' title='bbox 1889 4737 1981 4808; x_wconf 70' lang='grc' dir='ltr'><strong><em>οἰκο-</em></strong></span> 
     </span>
     <span class='ocr_line' id='line_1_39' title="bbox 610 4842 1980 4939; baseline -0.01 -17"><span class='ocrx_word' id='word_1_371' title='bbox 610 4854 726 4939; x_wconf 73' lang='grc' dir='ltr'><strong><em>νομίας</em></strong></span> <span class='ocrx_word' id='word_1_372' title='bbox 748 4856 816 4919; x_wconf 87' lang='lat' dir='ltr'>addi</span> <span class='ocrx_word' id='word_1_373' title='bbox 839 4873 1048 4936; x_wconf 89' lang='lat' dir='ltr'>nonnunquam</span> <span class='ocrx_word' id='word_1_374' title='bbox 1071 4853 1179 4917; x_wconf 90' lang='lat' dir='ltr'>solent.</span> <span class='ocrx_word' id='word_1_375' title='bbox 1216 4852 1279 4914; x_wconf 90' lang='lat' dir='ltr'>Nec</span> <span class='ocrx_word' id='word_1_376' title='bbox 1302 4852 1388 4913; x_wconf 89' lang='lat' dir='ltr'>aliam</span> <span class='ocrx_word' id='word_1_377' title='bbox 1412 4848 1638 4911; x_wconf 84' lang='lat' dir='ltr'>Confessionem</span> <span class='ocrx_word' id='word_1_378' title='bbox 1659 4853 1890 4927; x_wconf 86' lang='lat' dir='ltr'>repraesentant</span> <span class='ocrx_word' id='word_1_379' title='bbox 1910 4842 1980 4909; x_wconf 89' lang='lat' dir='ltr'>Co-</span> 
     </span>
     <span class='ocr_line' id='line_1_40' title="bbox 611 4946 1982 5036; baseline -0.009 -16"><span class='ocrx_word' id='word_1_380' title='bbox 611 4960 693 5021; x_wconf 87' lang='lat' dir='ltr'>dices</span> <span class='ocrx_word' id='word_1_381' title='bbox 724 4958 879 5020; x_wconf 85' lang='lat' dir='ltr'>Maronitis</span> <span class='ocrx_word' id='word_1_382' title='bbox 907 4956 1040 5036; x_wconf 92' lang='lat' dir='ltr'>preprii,</span> <span class='ocrx_word' id='word_1_383' title='bbox 1070 4953 1126 5015; x_wconf 91' lang='lat' dir='ltr'>etsi</span> <span class='ocrx_word' id='word_1_384' title='bbox 1154 4954 1279 5014; x_wconf 91' lang='lat' dir='ltr'>istorum</span> <span class='ocrx_word' id='word_1_385' title='bbox 1308 4951 1453 5031; x_wconf 85' lang='lat' dir='ltr'>Syrorum</span> <span class='ocrx_word' id='word_1_386' title='bbox 1480 4950 1607 5010; x_wconf 92' lang='lat' dir='ltr'>maxime</span> <span class='ocrx_word' id='word_1_387' title='bbox 1637 4947 1781 5009; x_wconf 86' lang='lat' dir='ltr'>intererat</span> <span class='ocrx_word' id='word_1_388' title='bbox 1810 4946 1890 5008; x_wconf 89' lang='lat' dir='ltr'>illam</span> <span class='ocrx_word' id='word_1_389' title='bbox 1915 4961 1982 5008; x_wconf 88' lang='lat' dir='ltr'>nun</span> 
     </span>
     <span class='ocr_line' id='line_1_41' title="bbox 610 5042 1981 5134; baseline -0.007 -14"><span class='ocrx_word' id='word_1_390' title='bbox 610 5059 763 5134; x_wconf 90' lang='lat' dir='ltr'>omittere,</span> <span class='ocrx_word' id='word_1_391' title='bbox 794 5058 819 5118; x_wconf 92' lang='lat' dir='ltr'>si</span> <span class='ocrx_word' id='word_1_392' title='bbox 848 5073 914 5117; x_wconf 90' lang='lat' dir='ltr'>eam</span> <span class='ocrx_word' id='word_1_393' title='bbox 945 5053 1127 5115; x_wconf 90' lang='lat' dir='ltr'>habuissent.</span> <span class='ocrx_word' id='word_1_394' title='bbox 1178 5049 1265 5112; x_wconf 89' lang='lat' dir='ltr'>Valet</span> <span class='ocrx_word' id='word_1_395' title='bbox 1294 5050 1372 5111; x_wconf 90' lang='lat' dir='ltr'>enim</span> <span class='ocrx_word' id='word_1_396' title='bbox 1406 5066 1467 5109; x_wconf 91' lang='lat' dir='ltr'>non</span> <span class='ocrx_word' id='word_1_397' title='bbox 1501 5047 1705 5124; x_wconf 90' lang='lat' dir='ltr'>mediocriter,</span> <span class='ocrx_word' id='word_1_398' title='bbox 1738 5046 1775 5107; x_wconf 87' lang='lat' dir='ltr'>ad</span> <span class='ocrx_word' id='word_1_399' title='bbox 1805 5042 1981 5110; x_wconf 79' lang='lat' dir='ltr'>diluendam</span> 
     </span>
     <span class='ocr_line' id='line_1_42' title="bbox 610 5145 1981 5237; baseline -0.005 -21"><span class='ocrx_word' id='word_1_400' title='bbox 610 5157 695 5217; x_wconf 78' lang='lat' dir='ltr'>trimis</span> <span class='ocrx_word' id='word_1_401' title='bbox 719 5156 875 5237; x_wconf 81' lang='lat' dir='ltr'>vulgarem</span> <span class='ocrx_word' id='word_1_402' title='bbox 899 5154 1080 5234; x_wconf 88' lang='lat' dir='ltr'>opinionem,</span> <span class='ocrx_word' id='word_1_403' title='bbox 1104 5149 1366 5230; x_wconf 88' lang='lat' dir='ltr'>quod0rientales</span> <span class='ocrx_word' id='word_1_404' title='bbox 1389 5147 1490 5210; x_wconf 90' lang='lat' dir='ltr'>verbis</span> <span class='ocrx_word' id='word_1_405' title='bbox 1505 5145 1626 5220; x_wconf 92' lang='lat' dir='ltr'>Christi,</span> <span class='ocrx_word' id='word_1_406' title='bbox 1650 5146 1688 5208; x_wconf 90' lang='lat' dir='ltr'>ad</span> <span class='ocrx_word' id='word_1_407' title='bbox 1703 5146 1981 5225; x_wconf 85' lang='lat' dir='ltr'>consecrationem,</span> 
     </span>
    </p>
   </div>
   <div class='ocr_carea' id='block_1_5' title="bbox 609 5250 1233 5317">
    <p class='ocr_par' dir='ltr' id='par_1_5' title="bbox 609 5250 1233 5317">
     <span class='ocr_line' id='line_1_43' title="bbox 609 5250 1233 5317; baseline -0.011 -1"><span class='ocrx_word' id='word_1_408' title='bbox 609 5256 668 5316; x_wconf 90' lang='lat' dir='ltr'>vim</span> <span class='ocrx_word' id='word_1_409' title='bbox 690 5255 799 5316; x_wconf 90' lang='lat' dir='ltr'>nullam</span> <span class='ocrx_word' id='word_1_410' title='bbox 823 5262 873 5316; x_wconf 89' lang='lat' dir='ltr'>aut</span> <span class='ocrx_word' id='word_1_411' title='bbox 894 5254 1039 5316; x_wconf 90' lang='lat' dir='ltr'>modicam</span> <span class='ocrx_word' id='word_1_412' title='bbox 1062 5250 1233 5317; x_wconf 85' lang='lat' dir='ltr'>attribuant.</span> 
     </span>
    </p>
   </div>
   <div class='ocr_carea' id='block_1_6' title="bbox 0 0 2580 6533">
    <p class='ocr_par' dir='ltr' id='par_1_6' title="bbox 0 0 2580 6533">
     <span class='ocr_line' id='line_1_44' title="bbox 0 0 2580 6533; baseline 0 0"><span class='ocrx_word' id='word_1_413' title='bbox 0 0 2580 6533; x_wconf 95' lang='lat' dir='ltr'> </span> 
     </span>
    </p>
   </div>
  </div>
 </body>
</html>
