5150 6534
603 824 680 899 508
846 891 854 899 .
1113 825 1474 902 attuaatt

922 1097 957 1168 6.
994 1098 1029 1167 Α
1057 1097 1166 1170 Petro
1193 1099 1439 1191 Apostolorum
1464 1098 1641 1193 Principe.

668 1288 779 1379 -Qum
811 1298 991 1379 Gordyaena
1022 1308 1087 1363 erat
1116 1302 1145 1363 in
1168 1301 1310 1365 Dioeccsi
1333 1301 1538 1381 Antiocheno,
1568 1304 1654 1385 cujus
1684 1303 1843 1368 Ecclesiae
1872 1306 1980 1369 Petrus

602 1401 751 1465 fundator.

954 1665 989 1733 7.
1031 1664 1144 1734 Trium
1170 1663 1385 1758 Spnodorom
1410 1664 1627 1738 Sanctorum.
1693 1702 1698 1713 ·

603 1897 606 1904 ·
699 1853 876 1941 Nionuuna,
900 1865 1250 1949 Constantinopolitanae
1272 1870 1396 1958 primae,
1421 1878 1452 1932 et
1473 1870 1656 1950 presinae,
1679 1878 1804 1951 praeter
1822 1887 1899 1950 quas
1917 1869 1973 1933 Ja-

602 1969 721 2030 cobitae
744 1968 840 2030 nullas
864 1978 1048 2051 agnoscunt:
1072 1991 1129 2033 nec
1153 1972 1276 2035 aliarum
1299 1974 1441 2034 memoria
1464 1973 1496 2034 ln
1518 1975 1547 2034 in
1561 1973 1709 2053 Diptycho
1721 1973 1883 2037 Ecclesiae
1896 1973 1973 2037 nte-

601 2070 765 2131 xartdrinae
787 2068 981 2132 Jacobiticao.

687 2168 812 2247 Reliqua
835 2187 874 2230 ex
898 2170 1066 2232 observatis
1090 2168 1128 2231 ad
1152 2170 1224 2232 alias
1247 2170 1401 2251 Liturgias
1424 2171 1514 2252 plana
1536 2178 1614 2234 sunt.

984 2846 1587 3154 irrorata

596 3308 898 3427 luitbtus
928 3317 949 3378 ¹·
988 3309 1483 3425 Pnt‘ttttttdttta
1520 3309 1969 3459 latitet-tutti,

772 3531 836 3618 bot
863 3531 970 3606 l‘lllUS
997 3529 1175 3606 toonttts
1202 3531 1271 3604 EST
1299 3530 1470 3606 tottam
1497 3532 1616 3607 FILIUS
1643 3532 1802 3607 blleNl.

1008 3803 1158 3872 Primum
1187 3803 1309 3873 (lentio
1337 3810 1417 3873 unte
1443 3804 1580 3873 Pocom.

665 4000 782 4101 Deus
816 4024 917 4093 Pater
953 4025 1007 4116 qui
1036 4045 1073 4093 es
1109 4035 1281 4110 aeternae,
1319 4027 1582 4118 necessarioque
1618 4026 1788 4114 existens,
1821 4028 1877 4119 qui
1910 4047 1969 4119 per

595 4143 732 4215 ellrrsam
767 4139 947 4211 bonitatem
982 4136 1115 4208 beatam
1149 4151 1257 4217 tuam,
1294 4139 1445 4212 omnibus
1479 4138 1687 4212 inellabiliter
1721 4139 1781 4212 das
1817 4151 1853 4211 ut
1888 4144 1968 4228 sint3

594 4262 759 4334 bominem
788 4269 897 4330 antem
925 4261 1064 4353 primum
1091 4262 1145 4351 qui
1172 4281 1234 4354 per
1269 4258 1551 4329 inobservantiam
1580 4255 1665 4348 legis
1693 4265 1769 4327 ittae
1801 4253 1967 4342 vivificae,

595 4401 642 4449 ex
668 4382 737 4447 vita
765 4380 798 4446 in
825 4374 919 4444 Eden
947 4375 1122 4446 immortali
1154 4373 1345 4459 exciderat,
1380 4372 1422 4443 de
1455 4395 1546 4444 novo
1585 4374 1724 4459 creasti,
1761 4382 1796 4441 et
1829 4369 1968 4442 libanam

595 4493 637 4564 ab
673 4495 762 4564 onnu
795 4491 872 4562 labe
908 4493 1130 4585 corruptionis
1163 4494 1280 4561 iterum
1312 4488 1507 4574 exhibuisti,
1548 4489 1660 4559 divina
1693 4486 1792 4583 plane
1828 4489 1970 4571 ratione,

593 4620 693 4702 atque
728 4606 769 4678 ad
804 4606 943 4697 gradum
976 4605 1113 4678 honoris
1154 4610 1325 4703 pristinum
1361 4628 1421 4701 per
1455 4606 1714 4677 exinanitionem
1746 4601 1968 4675 voluntariam

593 4726 752 4814 unigeniti
781 4721 854 4792 Filii
882 4725 927 4791 tui
955 4721 1127 4810 reduxisti,
1155 4745 1217 4816 per
1244 4744 1392 4792 amorem
1421 4743 1505 4811 erga
1530 4719 1691 4793 homines.
1745 4719 1798 4791 Tu
1824 4719 1969 4791 Domino

592 4842 692 4908 etiam
721 4859 819 4924 nunc,
847 4839 970 4908 innova
997 4841 1029 4908 in
1056 4837 1153 4910 nobis
1180 4839 1356 4929 imaginem
1384 4838 1505 4908 amoris
1533 4840 1589 4925 tui,
1617 4837 1672 4930 qui
1699 4845 1750 4907 est
1776 4834 1856 4906 lons
1874 4837 1968 4930 pacis

593 4962 627 5023 et
655 4955 753 5045 origo
782 4955 889 5025 omnis
921 4951 1149 5045 benignitatis:
1184 4952 1291 5025 libera
1324 4975 1456 5048 quoque
1488 4975 1551 5023 nos
1585 4973 1701 5024 omnes
1733 4971 1860 5024 servos
1894 4960 1969 5021 tuos

594 5078 628 5138 et
654 5068 850 5142 adoratores
879 5080 966 5158 tuos,
993 5068 1034 5139 ab
1062 5069 1138 5143 odio
1166 5072 1264 5144 misto
1291 5069 1371 5140 felle
1397 5071 1562 5164 serpentis
1588 5068 1674 5139 illius
1700 5066 1908 5141 homicidae:
1936 5075 1970 5137 et

594 5180 636 5251 da
664 5182 774 5270 nobis,
801 5193 836 5254 ut
864 5208 937 5255 crum
965 5184 1197 5280 tranquillitate
1231 5184 1409 5273 concordi,
1443 5206 1527 5279 pace
1562 5206 1630 5256 non
1659 5183 1748 5270 ficta,
1783 5192 1817 5254 et
1844 5187 1970 5256 unione

593 5295 822 5385 indissolubili,
850 5299 1086 5394 amplectamur
1111 5301 1254 5371 invicem
1286 5304 1319 5372 in
1347 5299 1463 5374 osculo
1490 5310 1629 5392 sancto,
1661 5299 1752 5395 quod
1786 5302 1971 5372 conveniat
