5150 6534
612 829 689 906 436
856 831 983 910 NOTAE
1009 832 1050 909 Ill
1074 832 1281 911 thUROlAM
1306 832 1468 913 loannis
1493 830 1731 914 umbratilis

876 1104 921 1187 8,
954 1104 1116 1177 mantem
1140 1108 1177 1176 in
1200 1106 1411 1198 sacrificem»
1437 1104 1501 1184 etta·
1525 1108 1707 1201 offerimus

700 1294 774 1374 Non
803 1314 925 1388 poterat
953 1309 1124 1372 accuratius
1154 1316 1185 1373 et
1211 1308 1440 1392 significantius
1455 1309 1604 1392 explicari
1632 1307 1770 1373 doctriua
1795 1312 1888 1373 veura
1913 1306 1978 1372 llo-

609 1411 723 1474 clesiae
745 1412 825 1474 circa
847 1410 1027 1474 sacrificinm
1048 1412 1299 1489 Eucharisticum,
1321 1431 1410 1495 quam
1439 1412 1486 1477 bis
1514 1412 1633 1476 vorbis:
1667 1408 1773 1475 oliorri
1797 1401 1919 1485 scilicet
1940 1409 1976 1474 iu

610 1526 649 1572 eo
673 1508 823 1573 Ohristrmn
852 1511 882 1572 in
918 1510 1096 1574 sacrificium
1124 1518 1156 1575 et
1184 1511 1365 1576 oblationem
1385 1512 1619 1575 immaculatam:
1651 1510 1710 1575 etsi
1736 1526 1797 1573 uon
1825 1509 1975 1593 ignaru,

609 1609 708 1689 ipsum
730 1608 824 1672 semel
846 1608 993 1672 obtulisse
1015 1627 1051 1673 sa
1072 1610 1170 1692 ipsum
1191 1611 1257 1675 Deo
1279 1611 1361 1673 Patri
1385 1610 1513 1676 hostiam
1534 1610 1782 1694 propitiatoriam,
1804 1626 1877 1674 cun
1897 1607 1976 1674 ita·

474 1724 496 1750 ·‚
609 1708 641 1769 in
662 1706 719 1769 bac
741 1706 875 1791 Liturgia
899 1706 1026 1790 legatur.
1070 1708 1150 1772 Nihil
1179 1711 1271 1793 igitur
1292 1729 1311 1774 a
1333 1710 1445 1774 sanctis
1466 1710 1620 1788 Patribus,
1644 1715 1698 1772 ant
1717 1709 1770 1792 qui
1795 1724 1854 1772 eos
1881 1708 1975 1773 seculi

609 1814 640 1868 et
662 1806 781 1869 illorum
803 1805 890 1868 iidem
920 1806 1024 1869 imitati
1051 1816 1122 1870 sunt
1150 1809 1264 1872 Latinis
1294 1808 1475 1893 theologis,
1506 1809 1545 1872 de
1573 1824 1647 1871 vera
1677 1816 1709 1871 et
1734 1805 1813 1870 reali
1839 1806 1999 1889 corporis

609 1904 720 1968 Christi
743 1912 773 1967 et
795 1904 950 1986 sanguinis
972 1906 1002 1967 in
1024 1905 1211 1971 Eucharistia
1239 1908 1410 1991 praesentia
1433 1909 1545 1971 dictum
1580 1917 1644 1987 εει,
1674 1907 1811 1988 mauvis
1833 1904 1972 1968 sensibus

609 2020 793 2086 repugnans,
817 2010 848 2065 et
869 2002 1014 2067 humanae
1036 2005 1261 2088 intelligentiae,
1283 2006 1365 2089 quod
1388 2026 1448 2071 non
1459 2006 1633 2089 simpliciter
1646 2004 1853 2069 intellexerint
1863 2003 1974 2068 Orien-

608 2101 702 2164 tales:
725 2108 839 2164 tautum
860 2102 946 2165 abest
967 2110 999 2165 ut
1014 2102 1244 2168 Protastantium
1265 2107 1405 2189 exemplo
1426 2107 1503 2169 baec
1524 2106 1623 2167 omnia
1645 2104 1683 2167 ad
1704 2102 1898 2186 metaphoras
1921 2121 1974 2166 re-

609 2202 677 2263 duci
708 2198 840 2277 debere,
869 2201 1113 2265 existimaverint.
1167 2204 1243 2266 Nam
1277 2224 1388 2287 corpus
1425 2205 1536 2270 Christi
1569 2205 1600 2267 in
1629 2201 1721 2266 altari
1744 2204 1877 2285 positum
1904 2219 1972 2264 eoae

609 2299 721 2377 dicunt,
744 2298 825 2381 quod
847 2317 865 2361 a
888 2298 1104 2382 chrysostomo
1127 2312 1159 2366 et
1182 2304 1247 2367 aliis
1276 2304 1461 2367 didicerunt:
1488 2306 1530 2367 ita
1559 2302 1687 2366 credere
1714 2320 1765 2381 ae,
1792 2320 1857 2365 nou
1885 2300 1972 2364 modo

607 2398 770 2480 perspicue
791 2405 951 2478 testantur,
974 2399 1042 2462 dum
1065 2401 1177 2489 similes
1199 2404 1367 2468 locutiones
1400 2421 1470 2467 suas
1492 2402 1622 2479 iaciunt,
1643 2420 1749 2465 veruna
1770 2402 1861 2466 etiam
1883 2401 1972 2463 uariis

608 2497 787 2579 disciplinae
807 2496 1041 2562 Ecclesiasticae
1062 2499 1183 2583 legibus
1205 2502 1391 2566 confirmant

955 2706 992 2831 9.
1036 2761 1170 2855 Aquom
1197 2765 1345 2835 occisum
1368 2786 1472 2857 cuper
1498 2761 1620 2834 altore

665 2984 666 2990 ¹
715 2947 811 3025 lmm
834 2968 881 3024 εει
903 2962 985 3043 quod
1007 2960 1240 3045 chrysostomus
1270 2974 1302 3029 et
1329 2966 1380 3029 alii
1401 2967 1522 3047 saepius
1543 2965 1708 3029 inculcant:
1737 2972 1829 3046 atque
1856 2964 1898 3025 ita
1926 2962 1973 3025 lo·

606 3071 739 3145 quantur
762 3064 894 3128 Severus
915 3065 1086 3147 Episcopus
1107 3067 1304 3150 Asehmonin,
1331 3070 1565 3150 Echmimensis,
1593 3068 1692 3137 auor
1720 3067 1917 3132 llomiliarum
1936 3066 1972 3129 (le

607 3163 719 3227 circulo
743 3164 823 3243 anni,
845 3163 1003 3244 Barsalibi,
1025 3166 1239 3250 Abullaragins
1268 3178 1300 3232 et
1321 3169 1371 3233 alii
1392 3168 1488 3232 multi:
1517 3176 1550 3232 nt
1572 3186 1649 3250 qnae
1672 3174 1837 3231 occurrrmt
1864 3166 1973 3228 tamin

605 3262 760 3346 liturgiis,
783 3281 870 3344 quam
892 3265 923 3326 in
944 3264 1028 3328 libris
1047 3265 1252 3349 Theologicis,
1274 3285 1335 3332 non
1357 3268 1509 3332 rhetorice
1530 3268 1609 3331 dicta
1631 3266 1787 3331 autoribus
1810 3265 1970 3342 excidisse,

605 3362 661 3425 sed
683 3382 724 3426 ex
746 3370 829 3425 certa
852 3364 1051 3445 persuasione
1073 3361 1152 3428 dicta
1176 3385 1246 3431 esse
1268 3367 1456 3431 manifestum
1479 3369 1528 3432 sit.

799 3639 861 3710 10.
903 3640 1032 3712 Forum
1057 3647 1115 3737 qni
1139 3646 1176 3713 io
1201 3666 1286 3715 nero
1312 3644 1495 3739 Relipioae
1521 3645 1668 3715 instituti
1692 3648 1778 3714 emt.

701 3843 755 3920 Da
780 3854 1009 3919 Oatechumenis
1031 3859 1126 3920 verba
1149 3878 1218 3922 esse
1235 3860 1309 3922 satis
1323 3869 1464 3942 apparet:
1487 3860 1623 3940 quamvis
1644 3865 1677 3920 ut
1699 3856 1877 3921 observavit
1897 3853 1972 3917 aar·

604 3956 702 4036 salibi,
725 3957 799 4020 nulli
822 3958 931 4022 dudum
953 3961 1013 4022 sint
1034 3962 1066 4022 in
1086 3961 1224 4024 Ecclesia
1247 3961 1412 4025 Orientali:
1435 3962 1532 4025 sedid
1555 3959 1730 4023 translatum
1753 3979 1794 4022 ex
1816 3959 1971 4041 disciplina

573 4100 579 4112 .
604 4058 717 4119 veteri:
740 4065 772 4120 ut
794 4057 873 4139 apud
896 4076 953 4121 nos
976 4075 1097 4141 quoque
1118 4068 1236 4123 retenta
1258 4070 1306 4124 est
1327 4063 1358 4124 in
1379 4062 1483 4125 Ohioio
1506 4059 1628 4124 sabbati
1650 4060 1753 4123 Sancti
1774 4057 1896 4138 publica
1917 4075 1969 4140 pro

593 4155 661 4218 ‘illis
684 4157 800 4233 oratio;
823 4159 957 4238 quamvis
979 4159 1010 4220 in
1033 4159 1198 4222 Occidente
1221 4178 1342 4242 quoque
1371 4160 1640 4224 Catechurnenatus
1668 4158 1850 4221 obliteratus
1873 4157 1968 4223 inerit.

603 4255 637 4317 ln
660 4253 784 4319 Oriente
806 4257 1033 4341 multomagis:
1062 4261 1160 4321 statim
1187 4259 1298 4341 quippe
1328 4258 1502 4323 Christianis
1531 4258 1691 4321 infantibus
1720 4257 1888 4339 baptismus
1914 4256 1968 4320 ed-

603 4354 764 4416 ministrari
786 4356 879 4418 solet:
913 4362 975 4419 tum
997 4376 1037 4421 ne
1059 4359 1173 4440 absque
1196 4359 1319 4422 salutari
1341 4358 1463 4421 lavacro
1494 4364 1638 4439 pereant,
1668 4364 1730 4419 tum
1757 4373 1798 4418 ne
1819 4375 1837 4418 a
1861 4356 1966 4419 lluha-

601 4451 736 4516 medanis
759 4455 921 4536 rapiantur.

749 4714 810 4786 11.
851 4714 898 4785 nt
922 4718 1012 4787 mont
1037 4716 1103 4787 boc
1128 4722 1254 4787 noloro
1281 4724 1333 4788 eat
1357 4721 1548 4811 mysterium
1573 4718 1742 4810 uniqeniti
1767 4716 1829 4786 tut.

693 4903 854 4983 Oascoaus
878 4917 974 4994 locus,
997 4918 1048 4999 qui
1070 4926 1168 4981 tamen
1192 4919 1342 5001 explicata
1370 4920 1486 4986 ratione
1509 4919 1584 4999 stili,
1613 4921 1664 5001 qui
1691 4926 1725 4983 ut
1746 4919 1915 4982 monuimus
1935 4918 1965 4980 in

600 5018 659 5081 illis
683 5018 797 5081 mediae
820 5022 927 5084 aetatis
949 5021 1091 5104 Liturgiis
1114 5021 1304 5086 affectatione
1326 5023 1495 5107 elegantiae
1517 5023 1634 5087 laborat
1646 5021 1817 5103 aliquando,
1838 5028 1966 5085 seuten-

601 5118 672 5179 tiam
695 5117 784 5181 talem
806 5118 905 5183 habet.
930 5120 967 5182 Ut
988 5120 1048 5183 hoc
1069 5122 1252 5202 mysterium,
1276 5122 1364 5203 quale
1387 5131 1435 5185 est
1457 5130 1526 5205 post
1549 5121 1685 5205 illapsum
1708 5120 1837 5203 Spiritus
1859 5118 1965 5193 sancti,

604 5217 801 5300 omnibusque
823 5220 918 5283 modis
941 5229 1173 5284 consummatam
1195 5231 1225 5285 et
1254 5220 1420 5304 perlectam
1450 5223 1726 5300 consecrationem,
1755 5226 1803 5283 est
1831 5235 1907 5282 uere
1935 5222 1967 5278 et

602 5316 766 5380 secundum
788 5317 820 5381 id
841 5319 921 5401 quod
951 5327 1009 5400 est,
1031 5320 1205 5401 mysterium
1226 5338 1243 5381 a
1265 5320 1340 5384 Filio
1369 5328 1420 5384 tuo
1448 5321 1524 5385 lesu
1546 5320 1665 5385 Christo
1687 5319 1873 5410 institutum,
1886 5312 1967 5398 quod
