5150 6534
980 1451 1584 1630 lllllllGlh

641 1782 1174 1901 ,JorlNNlSt
1248 1785 1924 1905 ausonensis.

992 2105 1143 2176 Primam
1171 2107 1293 2177 Oratio
1321 2112 1402 2176 onte
1428 2105 1594 2177 Ραοεηι.2

664 2300 781 2404 Deus
817 2327 958 2420 largitor
993 2332 1158 2419 caritatis,
1192 2341 1226 2402 et
1257 2332 1538 2425 aequanimitatis,
1578 2340 1612 2402 el
1643 2328 1739 2402 dator
1771 2334 1874 2404 animi
1907 2353 1966 2428 per

595 2450 748 2516 virtutem
777 2448 965 2541 compositi,
993 2449 1047 2539 qui
1073 2446 1260 2518 mandatum
1286 2469 1410 2519 novum
1445 2446 1564 2518 dedisti
1598 2444 1712 2536 nobis,
1745 2469 1808 2542 per
1843 2452 1965 2540 unige-

594 2567 695 2632 nitum
723 2560 840 2633 Filium
875 2572 984 2649 tuum,
1019 2572 1055 2632 ut
1088 2562 1300 2654 diligeremus
1332 2566 1496 2635 invicem:
1529 2566 1613 2635 sicut
1646 2571 1680 2634 tu
1714 2583 1778 2636 nos
1813 2563 1964 2656 indignos

596 2677 758 2764 dilexisti,
785 2687 819 2748 et
845 2700 906 2772 pro
934 2680 1003 2747 vita
1030 2687 1064 2748 et
1091 2676 1196 2749 salute
1222 2689 1337 2751 nostra
1364 2677 1483 2750 Filium
1511 2689 1598 2749 tuum
1627 2681 1832 2770 unigenitum
1858 2677 1963 2750 tradi-

596 2793 687 2881 disti3
714 2793 862 2864 concede
890 2793 986 2865 nohis
1014 2799 1124 2866 servis
1152 2798 1215 2865 tuis
1242 2794 1401 2882 Domine,
1429 2803 1498 2866 toto
1527 2804 1675 2890 tempore
1701 2799 1794 2865 uitae
1830 2807 1963 2868 nostrae

595 2932 696 3004 snper
723 2920 861 3002 terram,
889 2913 1069 3005 praecipue
1094 2932 1180 2984 vcro
1207 2934 1294 2982 nunc
1322 2922 1355 2983 et
1381 2915 1413 2982 in
1441 2910 1584 2981 diversis
1611 2909 1867 3002 occasionibus,
1898 2934 1961 2984 co-

594 3028 773 3116 gitationes
809 3048 894 3119 quae
929 3030 993 3097 sint
1030 3025 1157 3121 absquo
1192 3025 1257 3097 ulla
1293 3028 1482 3118 injuriarum
1517 3031 1692 3114 memoria,
1726 3028 1961 3098 conscientiam

594 3148 697 3217 variis
725 3143 996 3236 dispositionibus
1023 3164 1089 3213 non
1118 3142 1315 3231 ohnoxiarn3
1349 3145 1569 3236 cogitationes
1595 3142 1711 3214 fideles
1740 3146 1892 3233 animae,
1919 3141 1959 3215 ad

594 3263 732 3332 fratrum
758 3259 984 3348 dilectionem;
1020 3269 1053 3330 ut
1080 3259 1196 3330 dantes
1224 3259 1373 3330 osculum
1401 3270 1570 3347 sanctum,
1603 3258 1704 3350 longe
1741 3255 1888 3330 absimus
1920 3257 1958 3330 ah

594 3377 748 3471 exemplo
776 3375 901 3446 tudae:
929 3385 963 3446 et
989 3386 1143 3469 tanquam
1170 3374 1330 3468 Discipuli
1358 3384 1392 3445 et
1416 3375 1573 3470 Apostoli
1608 3377 1654 3446 tui
1686 3378 1811 3461 sancti,
1846 3397 1958 3472 pacem
2030 3373 2033 3384 '

594 3497 678 3562 inter
705 3515 766 3562 nos
795 3495 939 3561 invicem
965 3490 1100 3561 firmiter
1127 3494 1319 3579 retinenteS,
1347 3490 1599 3578 sanctificemus,
1627 3501 1725 3585 atque
1752 3495 1853 3563 etiam
1879 3513 1958 3564 san-

594 3609 792 3692 ctificemur,
827 3606 1027 3676 mediatione
1060 3605 1201 3700 Spiritus
1238 3608 1282 3677 tui
1319 3610 1424 3677 sancti
1455 3628 1516 3701 per
1543 3606 1705 3680 Christum
1741 3606 1856 3679 Jesum
1883 3607 1956 3680 Do-

594 3729 715 3810 minum
743 3732 910 3810 nostrum3
937 3744 1009 3791 cum
1040 3745 1105 3815 quo
1133 3731 1166 3792 tc
1194 3721 1290 3793 dccet
1317 3720 1442 3812 gloria,
1469 3721 1577 3794 honor
1604 3734 1637 3795 et
1663 3725 1855 3817 imperium,
1888 3745 1956 3794 cum

594 3838 717 3932 Spiritu
746 3849 800 3908 tuo
829 3840 1046 3909 sanctissimo.

697 3951 856 4044 Papulas.
909 3953 1029 4026 Arnen.

696 4068 880 4139 Sacerdos.
933 4070 1016 4139 Pax.

697 4182 856 4277 Populus.
910 4183 953 4254 Et
980 4207 1052 4255 cum
1081 4187 1195 4279 spiritu
1223 4195 1289 4255 tuo.

696 4299 883 4370 Diaconos.
937 4301 1003 4370 Det
1029 4322 1147 4393 pacem
1174 4304 1406 4396 unusquisque.

697 4414 856 4507 Populus.
909 4416 1070 4507 Dignare,
1098 4426 1160 4486 etc.

696 4530 882 4602 Diaconos.
936 4533 1029 4619 Post,
1056 4541 1119 4602 etc.

695 4645 855 4739 Populus.
910 4643 1033 4718 Coram
1061 4656 1102 4717 te.

696 4761 880 4833 Sacerdos.
935 4763 1010 4834 Tibi
1036 4764 1179 4834 Domine
1205 4763 1400 4835 inclinamus
1417 4767 1525 4859 capita
1539 4775 1666 4856 nostra,
1695 4763 1957 4858 quandoquidem

594 4876 652 4949 tihi
679 4875 743 4949 soli
770 4899 882 4950 sumus
909 4881 1087 4974 mancipati
1114 4901 1175 4974 per
1202 4883 1396 4952 servitutem
1424 4891 1458 4952 et
1492 4882 1714 4954 ministerium.
1768 4879 1846 4952 Tibi
1872 4883 1958 4952 enim

593 4995 699 5064 <imnis
733 5002 905 5081 creatura,
931 4994 1093 5082 visihilis,
1130 5004 1163 5065 et
1199 5017 1284 5088 quae
1320 4994 1392 5068 sola
1425 5006 1534 5067 monte
1569 4995 1804 5092 comprehendi
1836 5006 1957 5093 potest,

594 5117 722 5179 tenetur
749 5120 847 5203 caput
872 5106 1030 5181 inclinare
1063 5119 1096 5182 et
1122 5114 1291 5181 cervicem
1324 5110 1513 5199 demittere,
1546 5114 1580 5184 in
1614 5116 1745 5207 siguum
1776 5116 1959 5207 gratiarum

593 5225 741 5294 actionis.
795 5225 866 5298 Nos
895 5249 1027 5321 quoque
1053 5235 1190 5321 propter
1223 5250 1264 5299 ea
1291 5230 1401 5300 omnia
1434 5227 1552 5322 quihus
1584 5253 1603 5300 a
1637 5239 1670 5302 te
1705 5233 1862 5303 exornati
1896 5252 1960 5304 su-

593 5360 684 5428 mus,
712 5361 917 5438 sermonem,
951 5354 985 5414 et
1016 5339 1281 5435 intelligentiam,
1315 5353 1349 5416 et
1383 5366 1499 5417 munus
1531 5343 1709 5439 Evangelii
1745 5344 1869 5420 Christi
1904 5349 1960 5437 tui,
