5150 6534
596 862 673 939 328
1099 856 1459 936 tttnttntt

595 1054 639 1129 sit
665 1049 822 1138 difficilis,
848 1055 883 1120 ct
911 1045 954 1119 ah
983 1047 1073 1119 omni
1106 1047 1320 1141 operatione,
1352 1053 1387 1116 et
1419 1040 1678 1138 depraedatione
1710 1039 1870 1133 maligni,
1900 1059 1963 1136 per

596 1167 761 1241 Christum
786 1164 903 1239 lesum
928 1162 1103 1235 Dominum
1130 1169 1297 1248 nostrum,
1325 1183 1400 1232 cum
1426 1180 1493 1254 quo
1519 1169 1554 1230 te
1580 1158 1678 1230 decet
1702 1155 1822 1250 gloria.
1848 1163 1912 1226 etc.

693 1280 885 1352 vSacerdos.
912 1279 996 1352 Pax.
1132 1347 1134 1349 ,

701 1394 863 1489 Papulae.
918 1391 1042 1467 Coram
1068 1401 1111 1462 te.

699 1509 883 1582 Sacerdos.
935 1510 1029 1581 Deus
1062 1510 1117 1603 qui
1150 1516 1326 1601 tantopere
1358 1505 1505 1579 dilexisti
1530 1527 1615 1595 nos,
1646 1516 1682 1578 et
1713 1504 1832 1577 dedisti
1866 1502 1965 1578 nohis

482 1705 484 1715 ,
591 1632 647 1721 jus
675 1627 863 1722 adoptionis
889 1624 1031 1696 lihorum
1056 1626 1101 1697 ita
1127 1631 1164 1694 ut
1188 1620 1246 1693 lilii
1270 1623 1337 1694 Dei
1371 1644 1589 1710 vocaremur,
1622 1631 1656 1694 et
1686 1643 1839 1695 essemus
1873 1620 1965 1694 hae-

594 1742 694 1815 redes
722 1740 854 1838 quidem
879 1741 935 1826 tui,
961 1739 1075 1828 Pater,
1101 1737 1310 1810 cohaeredes
1343 1747 1453 1810 autem
1480 1736 1603 1811 Christi
1634 1740 1700 1810 tui:
1732 1737 1854 1809 ieelim
1882 1721 1966 1809 Do-

595 1862 683 1929 mine
710 1877 823 1927 aurem
850 1865 938 1926 tuam
965 1865 1000 1926 et
1026 1853 1250 1941 exaudinos,
1276 1876 1392 1926 coram
1417 1865 1451 1925 te
1477 1856 1587 1948 capita
1613 1853 1808 1927 inclinantes
1835 1861 1871 1924 et
1893 1873 1966 1948 pu-

596 1973 689 2044 rifica
714 1973 904 2043 interiorem
930 1980 1080 2043 nostrum
1106 1970 1287 2057 hominem,
1324 1973 1409 2042 sicut
1433 1991 1536 2064 purus
1562 1977 1615 2041 est
1643 1973 1834 2062 unigenitus
1859 1966 1966 2041 Filius

598 2100 683 2175 tuus,
711 2110 808 2181 quem
834 2090 1021 2182 suscepturi
1048 2108 1171 2159 sumus.
1222 2085 1368 2176 Fugiunt
1399 2109 1419 2158 a
1452 2085 1551 2159 nohis
1575 2085 1773 2173 fornicatio,
1799 2094 1836 2156 ot
1860 2088 1967 2178 cogi*

597 2208 739 2277 tationes
764 2202 961 2291 immundae,
987 2206 1022 2274 in
1048 2205 1182 2274 nominc
1208 2202 1273 2273 Dei
1299 2205 1468 2295 quinctus
1494 2211 1618 2275 estex
1631 2204 1779 2293 virgine:
1805 2200 1966 2297 superhia

597 2330 719 2407 autem,
746 2329 781 2393 et
807 2317 906 2391 elatio
933 2319 1019 2391 mala
1047 2317 1298 2414 depellantnra
1330 2315 1449 2406 nohis,
1482 2340 1544 2413 per
1575 2318 1665 2390 illum
1699 2321 1753 2411 qui
1785 2339 1823 2390 se
1855 2321 1968 2413 ipsum

596 2436 794 2508 humiliavit:
820 2434 1083 2529 pusillanimitas,
1109 2456 1171 2529 per
1197 2456 1282 2538 eum·
1300 2435 1355 2528 qui
1381 2436 1574 2529 passionem
1604 2436 1638 2504 in
1671 2455 1773 2505 carne
1800 2436 1966 2522 sustinuit,

598 2561 631 2622 et
657 2554 788 2643 signum
813 2554 979 2622 victoriae
1005 2552 1114 2622 crucis
1141 2552 1259 2621 erexit.
1301 2548 1398 2620 Vana
1424 2548 1533 2641 gloria
1560 2573 1580 2621 a
1606 2548 1704 2621 nohis
1730 2539 1969 2645 compescatur

597 2689 659 2761 per
683 2666 776 2737 illum
800 2669 855 2760 qui
880 2687 1061 2760 percussus
1088 2674 1123 2735 et
1148 2664 1334 2756 flagellatus
1360 2675 1423 2753 est,
1449 2687 1559 2761 neque
1573 2668 1696 2738 avertit
1720 2663 1841 2737 faeiem
1868 2674 1992 2744 suant

598 2807 618 2854 a
645 2792 815 2877 sputorum
842 2781 1039 2877 opprobrio:
1066 2780 1235 2869 invidiam,
1261 2779 1491 2869 homicidium,
1519 2780 1761 2854 dissensionem
1792 2781 1967 2855 etodium

598 2897 726 2970 auferat
752 2914 775 2968 a·
798 2897 907 2990 nohis,
931 2900 1053 2988 Agnus
1080 2897 1144 2968 Dei
1171 2900 1227 2991 qui
1254 2895 1338 2968 tollit
1362 2907 1536 2991 peccatum
1561 2897 1688 2969 mundi:
1722 2894 1816 2968 furor
1847 2907 1881 2970 et
1916 2902 1969 2970 ira

597 3012 715 3109 procul
745 3036 766 3084 a
797 3013 895 3086 nohis
927 3013 1022 3100 liant,
1056 3035 1119 3108 per
1152 3012 1241 3084 illum
1274 3015 1331 3107 qui
1362 3011 1528 3085 diabolum
1564 3023 1597 3086 et
1631 3015 1794 3085 inimicum
1821 3013 1971 3086 traduxit

598 3127 815 3201 crucifixione
841 3151 914 3218 sua,
941 3140 975 3200 et
1000 3127 1254 3223 chirographum
1281 3125 1651 3223 delictorumlnostrum
1678 3129 1783 3201 scidit
1826 3127 1969 3202 Omnem

596 3256 762 3317 terrenam
789 3246 1025 3337 cogitationem
1052 3243 1148 3316 auier
1174 3268 1194 3316 a
1220 3243 1338 3333 nohis,
1371 3243 1548 3340 perillum
1582 3249 1726 3340 quinos
1760 3267 1877 3319 secum
1904 3263 1969 3318 as-

597 3365 714 3434 sumsit
738 3364 772 3432 in
799 3358 941 3449 coelum,
968 3369 1004 3431 ut
1029 3382 1113 3456 pure
1128 3364 1408 3433 communicemus
1435 3371 1642 3434 sacramento
1668 3365 1858 3458 purissimo,
1882 3383 1971 3436 san-

598 3470 843 3572 ctificemurque
869 3475 1020 3570 perfecte
1045 3478 1080 3547 in
1107 3498 1263 3571 corpore,
1291 3480 1400 3549 anima
1427 3486 1461 3548 et
1487 3478 1615 3572 spiritu,
1642 3488 1676 3549 et
1701 3476 1887 3550 referamus
1910 3475 1971 3549 tihi

599 3589 749 3683 gloriam.
791 3603 853 3663 eto.

706 3706 891 3777 Sacerdos.
943 3707 1028 3778 Pax.

704 3823 865 3915 Populus.
891 3820 1033 3894 Etcum
1062 3825 1176 3918 spiritu
1204 3833 1271 3894 tuo.

702 3938 886 4009 Sacerdos.
939 3937 1131 4010 Benedictio
1158 3939 1221 4010 Dei
1249 3941 1291 4010 sit
1317 3949 1380 4011 etc.

702 4054 890 4125 maronae.
944 4051 1028 4124 Cum
1054 4056 1182 4126 timore.

703 4169 864 4262 Populus.
921 4166 1045 4242 Coram
1071 4181 1114 4242 te.

703 4284 887 4357 Sacerdos.
941 4285 1065 4357 Sancta
1092 4287 1226 4357 sanctis.

709 4400 892 4472 Sacerdos.
947 4400 1054 4486 Quam
1080 4401 1233 4493 gloriam,
1260 4413 1316 4474 aut
1343 4426 1440 4497 mam
1470 4403 1623 4495 landem,
1657 4414 1713 4476 aut
1739 4427 1835 4499 quam
1862 4409 1973 4477 reni-

601 4515 769 4590 hutionem
795 4518 977 4609 gratiarum
1004 4520 1143 4589 actionis
1175 4516 1360 4591 referemus
1394 4518 1467 4608 tihi,
1503 4520 1595 4591 Deus
1631 4531 1759 4592 amator
1790 4519 1974 4607 hominum,

603 4637 678 4730 quia
704 4632 800 4706 nohis
829 4636 883 4728 qui
909 4636 1024 4706 mortis
1051 4637 1111 4721 rei,
1139 4644 1173 4706 et
1198 4634 1319 4732 dudum
1344 4637 1491 4706 immersi
1517 4640 1665 4730 peccatis
1692 4658 1833 4723 crannus,
1860 4635 1974 4707 liher-

601 4760 702 4821 tatem
728 4749 875 4837 donasti,
908 4759 943 4823 et
972 4752 1150 4846 participes
1177 4772 1239 4822 nos
1266 4749 1373 4823 fecisti
1405 4751 1551 4822 alimenti
1586 4754 1680 4823 istius
1714 4753 1908 4824 immortalis
1936 4763 1974 4825 et

604 4865 775 4956 coelestis,
802 4877 837 4938 et
862 4888 961 4937 omne
986 4870 1180 4961 mysterium
1206 4865 1294 4961 quod
1322 4889 1342 4936 a
1368 4867 1510 4939 saeculis
1537 4878 1570 4939 et
1603 4866 1872 4959 generationibus
1901 4878 1981 4939 erat

603 4981 831 5055 absconditum
858 4980 956 5054 nohis
982 4981 1162 5072 revelasti,
1188 4991 1223 5051 ut
1250 4979 1329 5051 illud
1355 4993 1468 5054 nonum
1494 4982 1589 5054 fieret
1615 4983 1808 5069 Virtutibus,
1834 4983 1978 5056 Princi-

601 5098 732 5194 patihus
759 5107 794 5169 et
817 5097 1041 5171 Potestatihus
1067 5096 1275 5182 coelestium,
1301 5118 1363 5191 per
1387 5096 1586 5170 Ecclesiam.
1625 5100 1794 5196 Sapientia
1821 5109 1879 5170 tua
1908 5122 1978 5171 su-

602 5223 708 5309 perat,
725 5235 823 5284 omne
850 5212 938 5307 quod
965 5217 1099 5310 sapiens
1126 5216 1354 5300 existimatur,
1386 5222 1420 5285 et
1451 5236 1552 5310 supra
1583 5236 1713 5287 omnem
1746 5214 1981 5310 eomprehen-

605 5332 734 5401 sionem
759 5328 843 5400 haec
870 5338 986 5403 nostra
1012 5330 1197 5425 dispensas.
1253 5329 1383 5415 Quanta
1417 5328 1501 5401 haec
1537 5342 1589 5403 est
1616 5335 1723 5404 omnis
1749 5331 1882 5403 dilectio
1908 5355 1980 5405 ca-
