<?xml version="1.0" encoding="UTF-8"?>
<!DOCTYPE html PUBLIC "-//W3C//DTD XHTML 1.0 Transitional//EN"
    "http://www.w3.org/TR/xhtml1/DTD/xhtml1-transitional.dtd">
<html xmlns="http://www.w3.org/1999/xhtml" xml:lang="en" lang="en">
 <head>
  <title>
</title>
<meta http-equiv="Content-Type" content="text/html;charset=utf-8" />
  <meta name='ocr-system' content='tesseract 3.04.00' />
  <meta name='ocr-capabilities' content='ocr_page ocr_carea ocr_par ocr_line ocrx_word'/>
</head>
<body>
  <div class='ocr_page' id='page_1' title='image "./liturgiarumorie00renagoog_0162.png"; bbox 0 0 5150 6534; ppageno 0'>
   <div class='ocr_carea' id='block_1_1' title="bbox 619 861 1607 940">
    <p class='ocr_par' dir='ltr' id='par_1_1' title="bbox 619 861 1607 940">
     <span class='ocr_line' id='line_1_1' title="bbox 619 861 1607 940; baseline 0.001 -2"><span class='ocrx_word' id='word_1_1' title='bbox 619 862 694 938; x_wconf 84' lang='lat'><strong>124</strong></span> <span class='ocrx_word' id='word_1_2' title='bbox 989 861 1607 940; x_wconf 75' lang='lat' dir='ltr'><strong>OBSERVATIOEES</strong></span> 
     </span>
    </p>
   </div>
   <div class='ocr_carea' id='block_1_2' title="bbox 285 1043 1993 5366">
    <p class='ocr_par' dir='ltr' id='par_1_2' title="bbox 617 1043 1990 1129">
     <span class='ocr_line' id='line_1_2' title="bbox 617 1043 1990 1129; baseline -0.002 -19"><span class='ocrx_word' id='word_1_3' title='bbox 617 1066 696 1129; x_wconf 87' lang='lat' dir='ltr'><strong>quae</strong></span> <span class='ocrx_word' id='word_1_4' title='bbox 718 1055 877 1128; x_wconf 75' lang='lat' dir='ltr'><strong>separatae</strong></span> <span class='ocrx_word' id='word_1_5' title='bbox 900 1065 918 1109; x_wconf 92' lang='lat' dir='ltr'><strong>a</strong></span> <span class='ocrx_word' id='word_1_6' title='bbox 939 1046 1013 1110; x_wconf 87' lang='lat' dir='ltr'><strong>viris</strong></span> <span class='ocrx_word' id='word_1_7' title='bbox 1036 1044 1221 1128; x_wconf 78' lang='lat' dir='ltr'><strong>singularem</strong></span> <span class='ocrx_word' id='word_1_8' title='bbox 1246 1044 1278 1108; x_wconf 94' lang='lat' dir='ltr'><strong>in</strong></span> <span class='ocrx_word' id='word_1_9' title='bbox 1299 1043 1439 1107; x_wconf 80' lang='lat' dir='ltr'><strong>Ecclesia</strong></span> <span class='ocrx_word' id='word_1_10' title='bbox 1466 1045 1626 1109; x_wconf 85' lang='lat' dir='ltr'><strong>stationem</strong></span> <span class='ocrx_word' id='word_1_11' title='bbox 1653 1046 1781 1124; x_wconf 86' lang='lat' dir='ltr'><strong>babent,</strong></span> <span class='ocrx_word' id='word_1_12' title='bbox 1810 1052 1843 1108; x_wconf 88' lang='lat' dir='ltr'><strong>et</strong></span> <span class='ocrx_word' id='word_1_13' title='bbox 1868 1044 1908 1107; x_wconf 89' lang='lat' dir='ltr'><strong>ad</strong></span> <span class='ocrx_word' id='word_1_14' title='bbox 1934 1062 1990 1108; x_wconf 76' lang='lat' dir='ltr'><strong>err</strong></span> 
     </span>
    </p>

    <p class='ocr_par' dir='ltr' id='par_1_3' title="bbox 616 1142 1991 1225">
     <span class='ocr_line' id='line_1_3' title="bbox 616 1142 1991 1225; baseline -0.003 -15"><span class='ocrx_word' id='word_1_15' title='bbox 616 1146 805 1210; x_wconf 83' lang='lat' dir='ltr'><strong>Eucharistia</strong></span> <span class='ocrx_word' id='word_1_16' title='bbox 827 1145 980 1224; x_wconf 79' lang='lat' dir='ltr'><strong>defertur,</strong></span> <span class='ocrx_word' id='word_1_17' title='bbox 1003 1162 1041 1207; x_wconf 92' lang='lat' dir='ltr'><strong>eo</strong></span> <span class='ocrx_word' id='word_1_18' title='bbox 1062 1144 1123 1207; x_wconf 90' lang='lat' dir='ltr'><strong>ritu</strong></span> <span class='ocrx_word' id='word_1_19' title='bbox 1145 1162 1236 1225; x_wconf 86' lang='lat' dir='ltr'><strong>quem</strong></span> <span class='ocrx_word' id='word_1_20' title='bbox 1257 1143 1325 1208; x_wconf 88' lang='lat' dir='ltr'><strong>iuse</strong></span> <span class='ocrx_word' id='word_1_21' title='bbox 1356 1144 1500 1208; x_wconf 82' lang='lat' dir='ltr'><strong>describit</strong></span> <span class='ocrx_word' id='word_1_22' title='bbox 1527 1145 1649 1210; x_wconf 87' lang='lat' dir='ltr'><strong>Gabriel</strong></span> <span class='ocrx_word' id='word_1_23' title='bbox 1676 1143 1901 1210; x_wconf 79' lang='lat' dir='ltr'><strong>Alexandrinus</strong></span> <span class='ocrx_word' id='word_1_24' title='bbox 1926 1142 1991 1207; x_wconf 74' lang='lat' dir='ltr'><strong>ra-</strong></span> 
     </span>
    </p>

    <p class='ocr_par' dir='ltr' id='par_1_4' title="bbox 615 1241 1991 1325">
     <span class='ocr_line' id='line_1_4' title="bbox 615 1241 1991 1325; baseline -0.001 -18"><span class='ocrx_word' id='word_1_25' title='bbox 615 1244 764 1324; x_wconf 89' lang='lat' dir='ltr'><strong>triarcha,</strong></span> <span class='ocrx_word' id='word_1_26' title='bbox 788 1246 836 1308; x_wconf 92' lang='lat' dir='ltr'><strong>eui</strong></span> <span class='ocrx_word' id='word_1_27' title='bbox 858 1244 984 1307; x_wconf 86' lang='lat' dir='ltr'><strong>similem</strong></span> <span class='ocrx_word' id='word_1_28' title='bbox 1006 1261 1075 1306; x_wconf 90' lang='lat' dir='ltr'><strong>eum</strong></span> <span class='ocrx_word' id='word_1_29' title='bbox 1097 1262 1168 1305; x_wconf 90' lang='lat' dir='ltr'><strong>esse</strong></span> <span class='ocrx_word' id='word_1_30' title='bbox 1191 1261 1280 1323; x_wconf 90' lang='lat' dir='ltr'><strong>quem</strong></span> <span class='ocrx_word' id='word_1_31' title='bbox 1303 1244 1372 1325; x_wconf 91' lang='lat' dir='ltr'><strong>Syri</strong></span> <span class='ocrx_word' id='word_1_32' title='bbox 1394 1243 1574 1321; x_wconf 81' lang='lat' dir='ltr'><strong>observant,</strong></span> <span class='ocrx_word' id='word_1_33' title='bbox 1596 1252 1629 1307; x_wconf 88' lang='lat' dir='ltr'><strong>ut</strong></span> <span class='ocrx_word' id='word_1_34' title='bbox 1650 1246 1874 1322; x_wconf 75' lang='lat' dir='ltr'><strong>existimemus,</strong></span> <span class='ocrx_word' id='word_1_35' title='bbox 1896 1241 1991 1315; x_wconf 81' lang='lat' dir='ltr'><strong>muita</strong></span> 
     </span>
    </p>

    <p class='ocr_par' dir='ltr' id='par_1_5' title="bbox 616 1341 1990 1430">
     <span class='ocr_line' id='line_1_5' title="bbox 616 1341 1990 1430; baseline -0.001 -25"><span class='ocrx_word' id='word_1_36' title='bbox 616 1343 759 1405; x_wconf 89' lang='lat' dir='ltr'><strong>suadent:</strong></span> <span class='ocrx_word' id='word_1_37' title='bbox 790 1342 872 1423; x_wconf 88' lang='lat' dir='ltr'><strong>quod</strong></span> <span class='ocrx_word' id='word_1_38' title='bbox 894 1344 924 1404; x_wconf 93' lang='lat' dir='ltr'><strong>in</strong></span> <span class='ocrx_word' id='word_1_39' title='bbox 947 1342 1097 1404; x_wconf 89' lang='lat' dir='ltr'><strong>diversam</strong></span> <span class='ocrx_word' id='word_1_40' title='bbox 1121 1342 1294 1422; x_wconf 87' lang='lat' dir='ltr'><strong>opinionem</strong></span> <span class='ocrx_word' id='word_1_41' title='bbox 1322 1343 1444 1421; x_wconf 88' lang='lat' dir='ltr'><strong>inducat</strong></span> <span class='ocrx_word' id='word_1_42' title='bbox 1471 1342 1543 1404; x_wconf 87' lang='grc'><strong>11111</strong></span> <span class='ocrx_word' id='word_1_43' title='bbox 1571 1345 1729 1430; x_wconf 72' lang='grc' dir='ltr'><strong>11111111.Ι</strong></span> <span class='ocrx_word' id='word_1_44' title='bbox 1759 1342 1877 1417; x_wconf 78' lang='lat' dir='ltr'><strong>Quanto</strong></span> <span class='ocrx_word' id='word_1_45' title='bbox 1908 1341 1990 1403; x_wconf 84' lang='lat' dir='ltr'><strong>enim</strong></span> 
     </span>
    </p>

    <p class='ocr_par' dir='ltr' id='par_1_6' title="bbox 614 1439 1991 1523">
     <span class='ocr_line' id='line_1_6' title="bbox 614 1439 1991 1523; baseline -0.001 -20"><span class='ocrx_word' id='word_1_46' title='bbox 614 1442 764 1523; x_wconf 86' lang='lat' dir='ltr'><strong>religione</strong></span> <span class='ocrx_word' id='word_1_47' title='bbox 787 1458 876 1504; x_wconf 93' lang='lat' dir='ltr'><strong>saera</strong></span> <span class='ocrx_word' id='word_1_48' title='bbox 898 1441 1039 1522; x_wconf 84' lang='lat' dir='ltr'><strong>mysteria</strong></span> <span class='ocrx_word' id='word_1_49' title='bbox 1062 1441 1142 1521; x_wconf 90' lang='lat' dir='ltr'><strong>apud</strong></span> <span class='ocrx_word' id='word_1_50' title='bbox 1164 1441 1258 1521; x_wconf 81' lang='lat' dir='ltr'><strong>Syros</strong></span> <span class='ocrx_word' id='word_1_51' title='bbox 1281 1442 1405 1503; x_wconf 88' lang='lat' dir='ltr'><strong>tractari</strong></span> <span class='ocrx_word' id='word_1_52' title='bbox 1426 1440 1559 1521; x_wconf 75' lang='lat' dir='ltr'><strong>soleant,</strong></span> <span class='ocrx_word' id='word_1_53' title='bbox 1582 1451 1694 1523; x_wconf 89' lang='lat' dir='ltr'><strong>quanta</strong></span> <span class='ocrx_word' id='word_1_54' title='bbox 1721 1460 1794 1504; x_wconf 88' lang='lat' dir='ltr'><strong>cura</strong></span> <span class='ocrx_word' id='word_1_55' title='bbox 1820 1442 1861 1512; x_wconf 81' lang='lat' dir='ltr'><strong>sit</strong></span> <span class='ocrx_word' id='word_1_56' title='bbox 1889 1439 1991 1523; x_wconf 87' lang='lat' dir='ltr'><strong>parti-</strong></span> 
     </span>
    </p>

    <p class='ocr_par' dir='ltr' id='par_1_7' title="bbox 615 1536 1992 1624">
     <span class='ocr_line' id='line_1_7' title="bbox 615 1536 1992 1624; baseline -0.002 -22"><span class='ocrx_word' id='word_1_57' title='bbox 615 1540 750 1603; x_wconf 91' lang='lat' dir='ltr'><strong>cularum</strong></span> <span class='ocrx_word' id='word_1_58' title='bbox 772 1540 974 1601; x_wconf 86' lang='lat' dir='ltr'><strong>minimarum:</strong></span> <span class='ocrx_word' id='word_1_59' title='bbox 1005 1547 1116 1620; x_wconf 88' lang='lat' dir='ltr'><strong>quanta</strong></span> <span class='ocrx_word' id='word_1_60' title='bbox 1137 1540 1287 1601; x_wconf 86' lang='lat' dir='ltr'><strong>severitas</strong></span> <span class='ocrx_word' id='word_1_61' title='bbox 1311 1557 1386 1622; x_wconf 90' lang='lat' dir='ltr'><strong>erga</strong></span> <span class='ocrx_word' id='word_1_62' title='bbox 1408 1540 1477 1602; x_wconf 91' lang='lat' dir='ltr'><strong>illos</strong></span> <span class='ocrx_word' id='word_1_63' title='bbox 1506 1558 1632 1621; x_wconf 88' lang='lat' dir='ltr'><strong>quorum</strong></span> <span class='ocrx_word' id='word_1_64' title='bbox 1660 1539 1847 1624; x_wconf 77' lang='lat' dir='ltr'><strong>negligentia</strong></span> <span class='ocrx_word' id='word_1_65' title='bbox 1876 1536 1992 1618; x_wconf 83' lang='lat' dir='ltr'><strong>aliquid</strong></span> 
     </span>
    </p>

    <p class='ocr_par' dir='ltr' id='par_1_8' title="bbox 615 1637 1993 1722">
     <span class='ocr_line' id='line_1_8' title="bbox 615 1637 1993 1722; baseline -0.002 -22"><span class='ocrx_word' id='word_1_66' title='bbox 615 1638 741 1716; x_wconf 89' lang='lat' dir='ltr'><strong>decidit,</strong></span> <span class='ocrx_word' id='word_1_67' title='bbox 764 1658 803 1701; x_wconf 89' lang='lat' dir='ltr'><strong>ex</strong></span> <span class='ocrx_word' id='word_1_68' title='bbox 826 1639 944 1699; x_wconf 87' lang='lat' dir='ltr'><strong>iliorum</strong></span> <span class='ocrx_word' id='word_1_69' title='bbox 967 1637 1182 1700; x_wconf 90' lang='lat' dir='ltr'><strong>Nomoeanona</strong></span> <span class='ocrx_word' id='word_1_70' title='bbox 1206 1638 1293 1719; x_wconf 79' lang='lat' dir='ltr'><strong>quus</strong></span> <span class='ocrx_word' id='word_1_71' title='bbox 1315 1639 1399 1700; x_wconf 85' lang='lat' dir='ltr'><strong>varia</strong></span> <span class='ocrx_word' id='word_1_72' title='bbox 1421 1638 1481 1700; x_wconf 91' lang='lat' dir='ltr'><strong>boe</strong></span> <span class='ocrx_word' id='word_1_73' title='bbox 1509 1640 1539 1699; x_wconf 92' lang='lat' dir='ltr'><strong>iu</strong></span> <span class='ocrx_word' id='word_1_74' title='bbox 1561 1657 1678 1722; x_wconf 88' lang='lat' dir='ltr'><strong>genere</strong></span> <span class='ocrx_word' id='word_1_75' title='bbox 1706 1638 1873 1702; x_wconf 87' lang='lat' dir='ltr'><strong>testimonia</strong></span> <span class='ocrx_word' id='word_1_76' title='bbox 1900 1643 1993 1698; x_wconf 90' lang='lat' dir='ltr'><strong>retu·</strong></span> 
     </span>
    </p>

    <p class='ocr_par' dir='ltr' id='par_1_9' title="bbox 615 1723 1992 1820">
     <span class='ocr_line' id='line_1_9' title="bbox 615 1723 1992 1820; baseline -0.002 -21"><span class='ocrx_word' id='word_1_77' title='bbox 615 1738 718 1815; x_wconf 91' lang='lat' dir='ltr'><strong>limus,</strong></span> <span class='ocrx_word' id='word_1_78' title='bbox 741 1740 815 1801; x_wconf 88' lang='lat' dir='ltr'><strong>satis</strong></span> <span class='ocrx_word' id='word_1_79' title='bbox 838 1744 974 1818; x_wconf 88' lang='lat' dir='ltr'><strong>apparet.</strong></span> <span class='ocrx_word' id='word_1_80' title='bbox 1018 1736 1155 1820; x_wconf 86' lang='lat' dir='ltr'><strong>Regulae</strong></span> <span class='ocrx_word' id='word_1_81' title='bbox 1181 1735 1298 1799; x_wconf 88' lang='lat' dir='ltr'><strong>illaesi</strong></span> <span class='ocrx_word' id='word_1_82' title='bbox 1323 1723 1431 1799; x_wconf 86' lang='lat' dir='ltr'><strong>alieubi</strong></span> <span class='ocrx_word' id='word_1_83' title='bbox 1454 1754 1514 1799; x_wconf 93' lang='lat' dir='ltr'><strong>non</strong></span> <span class='ocrx_word' id='word_1_84' title='bbox 1537 1736 1754 1813; x_wconf 72' lang='lat' dir='ltr'><strong>observentur,</strong></span> <span class='ocrx_word' id='word_1_85' title='bbox 1776 1744 1809 1798; x_wconf 92' lang='lat' dir='ltr'><strong>ut</strong></span> <span class='ocrx_word' id='word_1_86' title='bbox 1830 1754 1871 1799; x_wconf 89' lang='lat' dir='ltr'><strong>ex</strong></span> <span class='ocrx_word' id='word_1_87' title='bbox 1893 1735 1992 1797; x_wconf 89' lang='lat' dir='ltr'><strong>ltine-</strong></span> 
     </span>
    </p>

    <p class='ocr_par' dir='ltr' id='par_1_10' title="bbox 617 1834 1990 1916">
     <span class='ocr_line' id='line_1_10' title="bbox 617 1834 1990 1916; baseline -0.001 -18"><span class='ocrx_word' id='word_1_88' title='bbox 617 1838 704 1899; x_wconf 91' lang='lat' dir='ltr'><strong>rariis</strong></span> <span class='ocrx_word' id='word_1_89' title='bbox 727 1838 859 1916; x_wconf 90' lang='lat' dir='ltr'><strong>probare</strong></span> <span class='ocrx_word' id='word_1_90' title='bbox 883 1834 1026 1899; x_wconf 89' lang='lat' dir='ltr'><strong>Claudius</strong></span> <span class='ocrx_word' id='word_1_91' title='bbox 1049 1842 1175 1898; x_wconf 90' lang='lat' dir='ltr'><strong>conatus</strong></span> <span class='ocrx_word' id='word_1_92' title='bbox 1199 1842 1263 1911; x_wconf 92' lang='lat' dir='ltr'><strong>est,</strong></span> <span class='ocrx_word' id='word_1_93' title='bbox 1287 1835 1485 1898; x_wconf 84' lang='lat' dir='ltr'><strong>Sacerdotem</strong></span> <span class='ocrx_word' id='word_1_94' title='bbox 1506 1844 1664 1915; x_wconf 88' lang='lat' dir='ltr'><strong>peccatum</strong></span> <span class='ocrx_word' id='word_1_95' title='bbox 1685 1835 1755 1911; x_wconf 84' lang='lat' dir='ltr'><strong>luit,</strong></span> <span class='ocrx_word' id='word_1_96' title='bbox 1785 1853 1848 1899; x_wconf 94' lang='lat' dir='ltr'><strong>non</strong></span> <span class='ocrx_word' id='word_1_97' title='bbox 1869 1834 1990 1896; x_wconf 83' lang='lat' dir='ltr'><strong>alienae</strong></span> 
     </span>
    </p>

    <p class='ocr_par' dir='ltr' id='par_1_11' title="bbox 614 1931 1992 2016">
     <span class='ocr_line' id='line_1_11' title="bbox 614 1931 1992 2016; baseline -0.004 -17"><span class='ocrx_word' id='word_1_98' title='bbox 614 1935 652 1999; x_wconf 91' lang='lat' dir='ltr'><strong>ab</strong></span> <span class='ocrx_word' id='word_1_99' title='bbox 675 1936 811 1999; x_wconf 90' lang='lat' dir='ltr'><strong>omnibus</strong></span> <span class='ocrx_word' id='word_1_100' title='bbox 834 1934 900 1997; x_wconf 90' lang='lat' dir='ltr'><strong>aliis</strong></span> <span class='ocrx_word' id='word_1_101' title='bbox 923 1932 1069 1996; x_wconf 88' lang='lat' dir='ltr'><strong>Ecclesiis</strong></span> <span class='ocrx_word' id='word_1_102' title='bbox 1092 1934 1162 1996; x_wconf 88' lang='lat' dir='ltr'><strong>fidei</strong></span> <span class='ocrx_word' id='word_1_103' title='bbox 1184 1932 1334 1998; x_wconf 90' lang='lat' dir='ltr'><strong>indicium.</strong></span> <span class='ocrx_word' id='word_1_104' title='bbox 1379 1934 1475 1997; x_wconf 89' lang='lat' dir='ltr'><strong>Porro</strong></span> <span class='ocrx_word' id='word_1_105' title='bbox 1493 1934 1546 1995; x_wconf 93' lang='lat' dir='ltr'><strong>ubi</strong></span> <span class='ocrx_word' id='word_1_106' title='bbox 1568 1934 1726 2016; x_wconf 88' lang='lat' dir='ltr'><strong>disciplina</strong></span> <span class='ocrx_word' id='word_1_107' title='bbox 1748 1949 1810 1996; x_wconf 93' lang='lat' dir='ltr'><strong>non</strong></span> <span class='ocrx_word' id='word_1_108' title='bbox 1823 1931 1992 1995; x_wconf 82' lang='lat' dir='ltr'><strong>minutatim</strong></span> 
     </span>
    </p>

    <p class='ocr_par' dir='ltr' id='par_1_12' title="bbox 614 2030 1992 2116">
     <span class='ocr_line' id='line_1_12' title="bbox 614 2030 1992 2116; baseline -0.003 -19"><span class='ocrx_word' id='word_1_109' title='bbox 614 2032 814 2112; x_wconf 86' lang='lat' dir='ltr'><strong>describitur,</strong></span> <span class='ocrx_word' id='word_1_110' title='bbox 843 2033 881 2094; x_wconf 90' lang='lat' dir='ltr'><strong>ad</strong></span> <span class='ocrx_word' id='word_1_111' title='bbox 912 2049 1113 2112; x_wconf 89' lang='lat' dir='ltr'><strong>communem,</strong></span> <span class='ocrx_word' id='word_1_112' title='bbox 1143 2033 1322 2113; x_wconf 89' lang='lat' dir='ltr'><strong>praesertim</strong></span> <span class='ocrx_word' id='word_1_113' title='bbox 1350 2032 1408 2095; x_wconf 91' lang='lat' dir='ltr'><strong>illis</strong></span> <span class='ocrx_word' id='word_1_114' title='bbox 1430 2032 1595 2115; x_wconf 87' lang='lat' dir='ltr'><strong>Ecclesiis,</strong></span> <span class='ocrx_word' id='word_1_115' title='bbox 1624 2052 1703 2116; x_wconf 89' lang='lat' dir='ltr'><strong>quae</strong></span> <span class='ocrx_word' id='word_1_116' title='bbox 1733 2031 1868 2096; x_wconf 88' lang='lat' dir='ltr'><strong>eamdem</strong></span> <span class='ocrx_word' id='word_1_117' title='bbox 1898 2030 1992 2093; x_wconf 84' lang='lat' dir='ltr'><strong>fidem</strong></span> 
     </span>
    </p>

    <p class='ocr_par' dir='ltr' id='par_1_13' title="bbox 612 2130 1991 2212">
     <span class='ocr_line' id='line_1_13' title="bbox 612 2130 1991 2212; baseline -0.001 -19"><span class='ocrx_word' id='word_1_118' title='bbox 612 2131 807 2212; x_wconf 82' lang='lat' dir='ltr'><strong>profitentur,</strong></span> <span class='ocrx_word' id='word_1_119' title='bbox 836 2131 1053 2195; x_wconf 87' lang='lat' dir='ltr'><strong>recurrendum</strong></span> <span class='ocrx_word' id='word_1_120' title='bbox 1084 2139 1139 2193; x_wconf 91' lang='lat' dir='ltr'><strong>est.</strong></span> <span class='ocrx_word' id='word_1_121' title='bbox 1184 2131 1236 2193; x_wconf 91' lang='lat' dir='ltr'><strong>llla</strong></span> <span class='ocrx_word' id='word_1_122' title='bbox 1259 2139 1307 2194; x_wconf 91' lang='lat' dir='ltr'><strong>est</strong></span> <span class='ocrx_word' id='word_1_123' title='bbox 1328 2140 1362 2194; x_wconf 86' lang='lat' dir='ltr'><strong>ut</strong></span> <span class='ocrx_word' id='word_1_124' title='bbox 1383 2131 1484 2196; x_wconf 83' lang='lat' dir='ltr'><strong>Laicis</strong></span> <span class='ocrx_word' id='word_1_125' title='bbox 1514 2134 1683 2196; x_wconf 89' lang='lat' dir='ltr'><strong>communio</strong></span> <span class='ocrx_word' id='word_1_126' title='bbox 1713 2130 1911 2194; x_wconf 82' lang='lat' dir='ltr'><strong>distribuetur</strong></span> <span class='ocrx_word' id='word_1_127' title='bbox 1930 2146 1991 2210; x_wconf 91' lang='lat' dir='ltr'><strong>per</strong></span> 
     </span>
    </p>

    <p class='ocr_par' dir='ltr' id='par_1_14' title="bbox 612 2226 1992 2313">
     <span class='ocr_line' id='line_1_14' title="bbox 612 2226 1992 2313; baseline -0.004 -20"><span class='ocrx_word' id='word_1_128' title='bbox 612 2231 764 2293; x_wconf 88' lang='lat' dir='ltr'><strong>intinctam</strong></span> <span class='ocrx_word' id='word_1_129' title='bbox 787 2231 963 2311; x_wconf 89' lang='lat' dir='ltr'><strong>particulam</strong></span> <span class='ocrx_word' id='word_1_130' title='bbox 986 2247 1065 2310; x_wconf 88' lang='lat' dir='ltr'><strong>quae</strong></span> <span class='ocrx_word' id='word_1_131' title='bbox 1089 2228 1246 2292; x_wconf 89' lang='lat' dir='ltr'><strong>Coehlcari</strong></span> <span class='ocrx_word' id='word_1_132' title='bbox 1269 2230 1412 2312; x_wconf 88' lang='lat' dir='ltr'><strong>praeberi</strong></span> <span class='ocrx_word' id='word_1_133' title='bbox 1439 2232 1532 2293; x_wconf 88' lang='lat' dir='ltr'><strong>solet:</strong></span> <span class='ocrx_word' id='word_1_134' title='bbox 1565 2229 1696 2313; x_wconf 55' lang='lat' dir='ltr'><strong>et,illud</strong></span> <span class='ocrx_word' id='word_1_135' title='bbox 1724 2229 1846 2291; x_wconf 86' lang='lat' dir='ltr'><strong>habeut</strong></span> <span class='ocrx_word' id='word_1_136' title='bbox 1862 2226 1934 2307; x_wconf 88' lang='lat' dir='ltr'><strong>Syri</strong></span> <span class='ocrx_word' id='word_1_137' title='bbox 1956 2233 1992 2288; x_wconf 89' lang='lat' dir='ltr'><strong>ut</strong></span> 
     </span>
    </p>

    <p class='ocr_par' dir='ltr' id='par_1_15' title="bbox 611 2328 1992 2412">
     <span class='ocr_line' id='line_1_15' title="bbox 611 2328 1992 2412; baseline -0.004 -20"><span class='ocrx_word' id='word_1_138' title='bbox 611 2348 653 2392; x_wconf 91' lang='lat' dir='ltr'><strong>ex</strong></span> <span class='ocrx_word' id='word_1_139' title='bbox 675 2328 927 2409; x_wconf 88' lang='lat' dir='ltr'><strong>praecedentibus</strong></span> <span class='ocrx_word' id='word_1_140' title='bbox 950 2330 1213 2392; x_wconf 88' lang='lat' dir='ltr'><strong>observationibus</strong></span> <span class='ocrx_word' id='word_1_141' title='bbox 1236 2329 1423 2412; x_wconf 90' lang='lat' dir='ltr'><strong>intelligitur.</strong></span> <span class='ocrx_word' id='word_1_142' title='bbox 1468 2329 1621 2393; x_wconf 86' lang='lat' dir='ltr'><strong>Diaconos</strong></span> <span class='ocrx_word' id='word_1_143' title='bbox 1645 2330 1769 2391; x_wconf 89' lang='lat' dir='ltr'><strong>calicem</strong></span> <span class='ocrx_word' id='word_1_144' title='bbox 1790 2332 1908 2408; x_wconf 84' lang='lat' dir='ltr'><strong>gestat:</strong></span> <span class='ocrx_word' id='word_1_145' title='bbox 1936 2331 1992 2387; x_wconf 86' lang='lat' dir='ltr'><strong>aut</strong></span> 
     </span>
    </p>

    <p class='ocr_par' dir='ltr' id='par_1_16' title="bbox 613 2423 1993 2507">
     <span class='ocr_line' id='line_1_16' title="bbox 613 2423 1993 2507; baseline -0.002 -17"><span class='ocrx_word' id='word_1_146' title='bbox 613 2430 639 2490; x_wconf 91' lang='lat' dir='ltr'><strong>si</strong></span> <span class='ocrx_word' id='word_1_147' title='bbox 674 2428 785 2490; x_wconf 88' lang='lat' dir='ltr'><strong>calices</strong></span> <span class='ocrx_word' id='word_1_148' title='bbox 820 2428 1030 2489; x_wconf 82' lang='lat' dir='ltr'><strong>ministeriales</strong></span> <span class='ocrx_word' id='word_1_149' title='bbox 1068 2428 1263 2507; x_wconf 89' lang='lat' dir='ltr'><strong>adhibentur,</strong></span> <span class='ocrx_word' id='word_1_150' title='bbox 1301 2428 1340 2491; x_wconf 91' lang='lat' dir='ltr'><strong>ob</strong></span> <span class='ocrx_word' id='word_1_151' title='bbox 1370 2431 1649 2491; x_wconf 89' lang='lat' dir='ltr'><strong>communicantium</strong></span> <span class='ocrx_word' id='word_1_152' title='bbox 1670 2426 1902 2503; x_wconf 87' lang='lat' dir='ltr'><strong>multitudinem,</strong></span> <span class='ocrx_word' id='word_1_153' title='bbox 1939 2423 1993 2487; x_wconf 91' lang='lat' dir='ltr'><strong>alii</strong></span> 
     </span>
    </p>

    <p class='ocr_par' dir='ltr' id='par_1_17' title="bbox 611 2523 1992 2608">
     <span class='ocr_line' id='line_1_17' title="bbox 611 2523 1992 2608; baseline -0.001 -20"><span class='ocrx_word' id='word_1_154' title='bbox 611 2526 739 2589; x_wconf 89' lang='lat' dir='ltr'><strong>Diaconi</strong></span> <span class='ocrx_word' id='word_1_155' title='bbox 761 2527 829 2589; x_wconf 90' lang='lat' dir='ltr'><strong>illos</strong></span> <span class='ocrx_word' id='word_1_156' title='bbox 852 2533 988 2608; x_wconf 88' lang='lat' dir='ltr'><strong>gestant:</strong></span> <span class='ocrx_word' id='word_1_157' title='bbox 1011 2526 1239 2607; x_wconf 88' lang='lat' dir='ltr'><strong>proceduntque</strong></span> <span class='ocrx_word' id='word_1_158' title='bbox 1262 2526 1349 2589; x_wconf 90' lang='lat' dir='ltr'><strong>simul</strong></span> <span class='ocrx_word' id='word_1_159' title='bbox 1372 2535 1460 2590; x_wconf 88' lang='lat' dir='ltr'><strong>extra</strong></span> <span class='ocrx_word' id='word_1_160' title='bbox 1488 2528 1707 2603; x_wconf 88' lang='lat' dir='ltr'><strong>sanctuarium,</strong></span> <span class='ocrx_word' id='word_1_161' title='bbox 1736 2543 1833 2606; x_wconf 87' lang='lat' dir='ltr'><strong>usque</strong></span> <span class='ocrx_word' id='word_1_162' title='bbox 1864 2523 1902 2586; x_wconf 92' lang='lat' dir='ltr'><strong>ad</strong></span> <span class='ocrx_word' id='word_1_163' title='bbox 1933 2542 1992 2586; x_wconf 87' lang='lat' dir='ltr'><strong>se-</strong></span> 
     </span>
    </p>

    <p class='ocr_par' dir='ltr' id='par_1_18' title="bbox 612 2624 1536 2707">
     <span class='ocr_line' id='line_1_18' title="bbox 612 2624 1536 2707; baseline 0.001 -20"><span class='ocrx_word' id='word_1_164' title='bbox 612 2633 695 2707; x_wconf 92' lang='lat' dir='ltr'><strong>ptum</strong></span> <span class='ocrx_word' id='word_1_165' title='bbox 717 2626 881 2688; x_wconf 89' lang='lat' dir='ltr'><strong>mulierum.</strong></span> <span class='ocrx_word' id='word_1_166' title='bbox 925 2625 1012 2688; x_wconf 88' lang='lat' dir='ltr'><strong>Plura</strong></span> <span class='ocrx_word' id='word_1_167' title='bbox 1036 2642 1096 2687; x_wconf 94' lang='lat' dir='ltr'><strong>non</strong></span> <span class='ocrx_word' id='word_1_168' title='bbox 1118 2624 1229 2688; x_wconf 90' lang='lat' dir='ltr'><strong>habent</strong></span> <span class='ocrx_word' id='word_1_169' title='bbox 1252 2625 1369 2707; x_wconf 79' lang='lat' dir='ltr'><strong>Syriaci</strong></span> <span class='ocrx_word' id='word_1_170' title='bbox 1391 2626 1536 2689; x_wconf 86' lang='lat' dir='ltr'><strong>Rituales.</strong></span> 
     </span>
    </p>

    <p class='ocr_par' dir='ltr' id='par_1_19' title="bbox 323 2721 1991 2806">
     <span class='ocr_line' id='line_1_19' title="bbox 323 2721 1991 2806; baseline 0.002 -27"><span class='ocrx_word' id='word_1_171' title='bbox 323 2725 520 2783; x_wconf 71' lang='lat' dir='ltr'><strong>obsecutione</strong></span> <span class='ocrx_word' id='word_1_172' title='bbox 533 2729 599 2782; x_wconf 79' lang='lat' dir='ltr'><strong>bia·</strong></span> <span class='ocrx_word' id='word_1_173' title='bbox 700 2726 811 2787; x_wconf 88' lang='lat' dir='ltr'><strong>Verum</strong></span> <span class='ocrx_word' id='word_1_174' title='bbox 833 2724 883 2786; x_wconf 89' lang='lat' dir='ltr'><strong>hic</strong></span> <span class='ocrx_word' id='word_1_175' title='bbox 905 2722 995 2786; x_wconf 78' lang='lat' dir='ltr'><strong>offert</strong></span> <span class='ocrx_word' id='word_1_176' title='bbox 1016 2742 1051 2786; x_wconf 90' lang='lat' dir='ltr'><strong>se</strong></span> <span class='ocrx_word' id='word_1_177' title='bbox 1074 2724 1248 2786; x_wconf 89' lang='lat' dir='ltr'><strong>observatio</strong></span> <span class='ocrx_word' id='word_1_178' title='bbox 1276 2724 1437 2805; x_wconf 89' lang='lat' dir='ltr'><strong>singularis</strong></span> <span class='ocrx_word' id='word_1_179' title='bbox 1467 2743 1545 2805; x_wconf 87' lang='lat' dir='ltr'><strong>quae</strong></span> <span class='ocrx_word' id='word_1_180' title='bbox 1576 2723 1672 2806; x_wconf 92' lang='lat' dir='ltr'><strong>Syros</strong></span> <span class='ocrx_word' id='word_1_181' title='bbox 1702 2721 1826 2804; x_wconf 83' lang='lat' dir='ltr'><strong>proprie</strong></span> <span class='ocrx_word' id='word_1_182' title='bbox 1854 2727 1991 2801; x_wconf 80' lang='lat' dir='ltr'><strong>spectet,</strong></span> 
     </span>
    </p>

    <p class='ocr_par' dir='ltr' id='par_1_20' title="bbox 286 2810 1990 2903">
     <span class='ocr_line' id='line_1_20' title="bbox 286 2810 1990 2903; baseline -0.001 -18"><span class='ocrx_word' id='word_1_183' title='bbox 286 2814 445 2867; x_wconf 54' lang='grc' dir='ltr'><strong>ΜΝ</strong></span> <span class='ocrx_word' id='word_1_184' title='bbox 463 2810 565 2867; x_wconf 72' lang='lat' dir='ltr'><strong>obicio.</strong></span> <span class='ocrx_word' id='word_1_185' title='bbox 613 2824 695 2885; x_wconf 89' lang='lat' dir='ltr'><strong>eirca</strong></span> <span class='ocrx_word' id='word_1_186' title='bbox 716 2823 960 2886; x_wconf 89' lang='lat' dir='ltr'><strong>Diaconiasarum</strong></span> <span class='ocrx_word' id='word_1_187' title='bbox 989 2821 1098 2885; x_wconf 85' lang='lat' dir='ltr'><strong>cilicia.</strong></span> <span class='ocrx_word' id='word_1_188' title='bbox 1143 2821 1370 2885; x_wconf 86' lang='lat' dir='ltr'><strong>Ordinationem</strong></span> <span class='ocrx_word' id='word_1_189' title='bbox 1398 2822 1526 2903; x_wconf 86' lang='lat' dir='ltr'><strong>aliquam</strong></span> <span class='ocrx_word' id='word_1_190' title='bbox 1556 2824 1586 2885; x_wconf 93' lang='lat' dir='ltr'><strong>in</strong></span> <span class='ocrx_word' id='word_1_191' title='bbox 1612 2823 1751 2886; x_wconf 83' lang='lat' dir='ltr'><strong>Ecclesia</strong></span> <span class='ocrx_word' id='word_1_192' title='bbox 1779 2820 1896 2884; x_wconf 73' lang='lat' dir='ltr'><strong>Graece</strong></span> <span class='ocrx_word' id='word_1_193' title='bbox 1917 2819 1990 2883; x_wconf 86' lang='lat' dir='ltr'><strong>illas</strong></span> 
     </span>
    </p>

    <p class='ocr_par' dir='ltr' id='par_1_21' title="bbox 613 2918 1991 3001">
     <span class='ocr_line' id='line_1_21' title="bbox 613 2918 1991 3001; baseline -0.002 -16"><span class='ocrx_word' id='word_1_194' title='bbox 613 2922 683 2985; x_wconf 89' lang='lat' dir='ltr'><strong>olim</strong></span> <span class='ocrx_word' id='word_1_195' title='bbox 713 2922 855 2986; x_wconf 91' lang='lat' dir='ltr'><strong>babuisse</strong></span> <span class='ocrx_word' id='word_1_196' title='bbox 884 2941 923 2984; x_wconf 89' lang='lat' dir='ltr'><strong>ex</strong></span> <span class='ocrx_word' id='word_1_197' title='bbox 952 2921 1044 2983; x_wconf 89' lang='lat' dir='ltr'><strong>variis</strong></span> <span class='ocrx_word' id='word_1_198' title='bbox 1079 2928 1217 2985; x_wconf 88' lang='lat' dir='ltr'><strong>autorum</strong></span> <span class='ocrx_word' id='word_1_199' title='bbox 1245 2922 1421 2984; x_wconf 86' lang='lat' dir='ltr'><strong>testimoniis</strong></span> <span class='ocrx_word' id='word_1_200' title='bbox 1449 2928 1481 2983; x_wconf 91' lang='lat' dir='ltr'><strong>et</strong></span> <span class='ocrx_word' id='word_1_201' title='bbox 1507 2921 1743 3000; x_wconf 85' lang='lat' dir='ltr'><strong>Pontificaiibus,</strong></span> <span class='ocrx_word' id='word_1_202' title='bbox 1773 2919 1914 3001; x_wconf 77' lang='lat' dir='ltr'><strong>probavit</strong></span> <span class='ocrx_word' id='word_1_203' title='bbox 1936 2918 1991 2982; x_wconf 83' lang='lat' dir='ltr'><strong>vir</strong></span> 
     </span>
    </p>

    <p class='ocr_par' dir='ltr' id='par_1_22' title="bbox 285 2984 1990 3123">
     <span class='ocr_line' id='line_1_22' title="bbox 285 2984 1990 3123; baseline -0.003 -40"><span class='ocrx_word' id='word_1_204' title='bbox 285 3071 304 3123; x_wconf 68' lang='lat'><strong><em>3</em></strong></span> <span class='ocrx_word' id='word_1_205' title='bbox 329 2986 377 3123; x_wconf 53' lang='grc' dir='ltr'><em>ἔ</em></span> <span class='ocrx_word' id='word_1_206' title='bbox 400 3002 477 3122; x_wconf 51' lang='lat'><strong>”⁶50</strong></span> <span class='ocrx_word' id='word_1_207' title='bbox 490 2984 549 3037; x_wconf 61' lang='grc' dir='ltr'><strong>Μ’</strong></span> <span class='ocrx_word' id='word_1_208' title='bbox 568 2985 600 3040; x_wconf 83' lang='lat'><strong>1³.</strong></span> <span class='ocrx_word' id='word_1_209' title='bbox 613 3019 802 3085; x_wconf 87' lang='lat' dir='ltr'><strong>Clarissimus</strong></span> <span class='ocrx_word' id='word_1_210' title='bbox 824 3020 959 3084; x_wconf 87' lang='lat' dir='ltr'><strong>Joannes</strong></span> <span class='ocrx_word' id='word_1_211' title='bbox 981 3018 1131 3082; x_wconf 82' lang='lat' dir='ltr'><strong>ltorinus:</strong></span> <span class='ocrx_word' id='word_1_212' title='bbox 1155 3028 1187 3082; x_wconf 90' lang='lat' dir='ltr'><strong>et</strong></span> <span class='ocrx_word' id='word_1_213' title='bbox 1209 3020 1287 3081; x_wconf 91' lang='lat' dir='ltr'><strong>inter</strong></span> <span class='ocrx_word' id='word_1_214' title='bbox 1310 3019 1382 3082; x_wconf 89' lang='lat' dir='ltr'><strong>alias</strong></span> <span class='ocrx_word' id='word_1_215' title='bbox 1410 3020 1617 3083; x_wconf 87' lang='lat' dir='ltr'><strong>caeremonias</strong></span> <span class='ocrx_word' id='word_1_216' title='bbox 1639 3019 1830 3093; x_wconf 81' lang='lat' dir='ltr'><strong>observarit,</strong></span> <span class='ocrx_word' id='word_1_217' title='bbox 1858 3014 1990 3079; x_wconf 78' lang='lat' dir='ltr'><strong>calicem</strong></span> 
     </span>
    </p>

    <p class='ocr_par' dir='ltr' id='par_1_23' title="bbox 304 3089 1989 3200">
     <span class='ocr_line' id='line_1_23' title="bbox 304 3089 1989 3200; baseline -0.002 -20"><span class='ocrx_word' id='word_1_218' title='bbox 304 3109 311 3123; x_wconf 84' lang='grc'><strong>’</strong></span> <span class='ocrx_word' id='word_1_219' title='bbox 372 3089 422 3124; x_wconf 79' lang='lat' dir='ltr'><strong>erc.</strong></span> <span class='ocrx_word' id='word_1_220' title='bbox 477 3108 484 3123; x_wconf 83' lang='lat'>&#39;</span> <span class='ocrx_word' id='word_1_221' title='bbox 610 3118 670 3181; x_wconf 91' lang='lat' dir='ltr'><strong>illis</strong></span> <span class='ocrx_word' id='word_1_222' title='bbox 692 3119 721 3180; x_wconf 92' lang='lat' dir='ltr'><strong>in</strong></span> <span class='ocrx_word' id='word_1_223' title='bbox 744 3138 848 3183; x_wconf 88' lang='lat' dir='ltr'><strong>manus</strong></span> <span class='ocrx_word' id='word_1_224' title='bbox 871 3119 951 3200; x_wconf 88' lang='lat' dir='ltr'><strong>dari,</strong></span> <span class='ocrx_word' id='word_1_225' title='bbox 974 3125 1008 3180; x_wconf 93' lang='lat' dir='ltr'><strong>ut</strong></span> <span class='ocrx_word' id='word_1_226' title='bbox 1029 3119 1207 3200; x_wconf 91' lang='lat' dir='ltr'><strong>sanguinem</strong></span> <span class='ocrx_word' id='word_1_227' title='bbox 1229 3116 1340 3181; x_wconf 90' lang='lat' dir='ltr'><strong>Cbristi</strong></span> <span class='ocrx_word' id='word_1_228' title='bbox 1363 3118 1481 3197; x_wconf 92' lang='lat' dir='ltr'><strong>bibant,</strong></span> <span class='ocrx_word' id='word_1_229' title='bbox 1510 3118 1565 3181; x_wconf 92' lang='lat' dir='ltr'><strong>sed</strong></span> <span class='ocrx_word' id='word_1_230' title='bbox 1587 3119 1653 3182; x_wconf 90' lang='lat' dir='ltr'><strong>illas</strong></span> <span class='ocrx_word' id='word_1_231' title='bbox 1675 3120 1707 3181; x_wconf 90' lang='lat' dir='ltr'><strong>in</strong></span> <span class='ocrx_word' id='word_1_232' title='bbox 1728 3116 1816 3179; x_wconf 90' lang='lat' dir='ltr'><strong>altari</strong></span> <span class='ocrx_word' id='word_1_233' title='bbox 1837 3131 1906 3177; x_wconf 87' lang='lat' dir='ltr'><strong>eum</strong></span> <span class='ocrx_word' id='word_1_234' title='bbox 1930 3131 1989 3177; x_wconf 87' lang='lat' dir='ltr'><strong>re-</strong></span> 
     </span>
    </p>

    <p class='ocr_par' dir='ltr' id='par_1_24' title="bbox 610 3212 1989 3299">
     <span class='ocr_line' id='line_1_24' title="bbox 610 3212 1989 3299; baseline -0.001 -20"><span class='ocrx_word' id='word_1_235' title='bbox 610 3236 737 3299; x_wconf 90' lang='lat' dir='ltr'><strong>ponere,</strong></span> <span class='ocrx_word' id='word_1_236' title='bbox 765 3217 838 3279; x_wconf 90' lang='lat' dir='ltr'><strong>nulli</strong></span> <span class='ocrx_word' id='word_1_237' title='bbox 865 3234 941 3279; x_wconf 83' lang='lat' dir='ltr'><strong>vero</strong></span> <span class='ocrx_word' id='word_1_238' title='bbox 969 3215 1132 3280; x_wconf 90' lang='lat' dir='ltr'><strong>bibendum</strong></span> <span class='ocrx_word' id='word_1_239' title='bbox 1160 3216 1242 3279; x_wconf 87' lang='lat' dir='ltr'><strong>illum</strong></span> <span class='ocrx_word' id='word_1_240' title='bbox 1270 3216 1430 3297; x_wconf 89' lang='lat' dir='ltr'><strong>praebere.</strong></span> <span class='ocrx_word' id='word_1_241' title='bbox 1485 3216 1568 3280; x_wconf 88' lang='lat' dir='ltr'><strong>Inter</strong></span> <span class='ocrx_word' id='word_1_242' title='bbox 1596 3217 1808 3281; x_wconf 88' lang='lat' dir='ltr'><strong>Ordinationes</strong></span> <span class='ocrx_word' id='word_1_243' title='bbox 1838 3212 1989 3294; x_wconf 77' lang='lat' dir='ltr'><strong>Syrorum</strong></span> 
     </span>
    </p>

    <p class='ocr_par' dir='ltr' id='par_1_25' title="bbox 608 3312 1988 3401">
     <span class='ocr_line' id='line_1_25' title="bbox 608 3312 1988 3401; baseline -0.001 -22"><span class='ocrx_word' id='word_1_244' title='bbox 608 3336 682 3398; x_wconf 85' lang='lat' dir='ltr'><strong>quas</strong></span> <span class='ocrx_word' id='word_1_245' title='bbox 706 3318 784 3381; x_wconf 91' lang='lat' dir='ltr'><strong>idem</strong></span> <span class='ocrx_word' id='word_1_246' title='bbox 807 3315 914 3395; x_wconf 89' lang='lat' dir='ltr'><strong>edidit,</strong></span> <span class='ocrx_word' id='word_1_247' title='bbox 939 3316 1102 3401; x_wconf 82' lang='lat' dir='ltr'><strong>singularis</strong></span> <span class='ocrx_word' id='word_1_248' title='bbox 1125 3314 1206 3378; x_wconf 89' lang='lat' dir='ltr'><strong>nulla</strong></span> <span class='ocrx_word' id='word_1_249' title='bbox 1227 3313 1472 3379; x_wconf 86' lang='lat' dir='ltr'><strong>Diaconissarum</strong></span> <span class='ocrx_word' id='word_1_250' title='bbox 1494 3318 1665 3397; x_wconf 89' lang='lat' dir='ltr'><strong>reperitur,</strong></span> <span class='ocrx_word' id='word_1_251' title='bbox 1687 3322 1721 3379; x_wconf 90' lang='lat' dir='ltr'><strong>ut</strong></span> <span class='ocrx_word' id='word_1_252' title='bbox 1743 3331 1843 3395; x_wconf 86' lang='lat' dir='ltr'><strong>neque</strong></span> <span class='ocrx_word' id='word_1_253' title='bbox 1864 3314 1895 3375; x_wconf 89' lang='lat' dir='ltr'><strong>in</strong></span> <span class='ocrx_word' id='word_1_254' title='bbox 1918 3312 1988 3377; x_wconf 89' lang='lat' dir='ltr'><strong>Co-</strong></span> 
     </span>
    </p>

    <p class='ocr_par' dir='ltr' id='par_1_26' title="bbox 608 3411 1986 3496">
     <span class='ocr_line' id='line_1_26' title="bbox 608 3411 1986 3496; baseline -0.001 -19"><span class='ocrx_word' id='word_1_255' title='bbox 608 3416 675 3478; x_wconf 89' lang='lat' dir='ltr'><strong>dice</strong></span> <span class='ocrx_word' id='word_1_256' title='bbox 707 3416 899 3478; x_wconf 86' lang='lat' dir='ltr'><strong>Florentino:</strong></span> <span class='ocrx_word' id='word_1_257' title='bbox 926 3423 1026 3478; x_wconf 86' lang='lat' dir='ltr'><strong>tnmen</strong></span> <span class='ocrx_word' id='word_1_258' title='bbox 1054 3415 1188 3477; x_wconf 89' lang='lat' dir='ltr'><strong>eamdem</strong></span> <span class='ocrx_word' id='word_1_259' title='bbox 1217 3413 1342 3477; x_wconf 87' lang='lat' dir='ltr'><strong>honoris</strong></span> <span class='ocrx_word' id='word_1_260' title='bbox 1370 3418 1615 3496; x_wconf 88' lang='lat' dir='ltr'><strong>praerogativam</strong></span> <span class='ocrx_word' id='word_1_261' title='bbox 1642 3413 1708 3478; x_wconf 90' lang='lat' dir='ltr'><strong>illas</strong></span> <span class='ocrx_word' id='word_1_262' title='bbox 1736 3411 1879 3478; x_wconf 88' lang='lat' dir='ltr'><strong>babuisse</strong></span> <span class='ocrx_word' id='word_1_263' title='bbox 1900 3412 1986 3495; x_wconf 89' lang='lat' dir='ltr'><strong>apud</strong></span> 
     </span>
    </p>

    <p class='ocr_par' dir='ltr' id='par_1_27' title="bbox 609 3511 1987 3593">
     <span class='ocr_line' id='line_1_27' title="bbox 609 3511 1987 3593; baseline -0.002 -17"><span class='ocrx_word' id='word_1_264' title='bbox 609 3514 702 3593; x_wconf 91' lang='lat' dir='ltr'><strong>Syros</strong></span> <span class='ocrx_word' id='word_1_265' title='bbox 732 3513 861 3575; x_wconf 90' lang='lat' dir='ltr'><strong>dubitari</strong></span> <span class='ocrx_word' id='word_1_266' title='bbox 889 3530 950 3575; x_wconf 89' lang='lat' dir='ltr'><strong>non</strong></span> <span class='ocrx_word' id='word_1_267' title='bbox 972 3519 1088 3593; x_wconf 92' lang='lat' dir='ltr'><strong>potest,</strong></span> <span class='ocrx_word' id='word_1_268' title='bbox 1118 3513 1176 3574; x_wconf 92' lang='lat' dir='ltr'><strong>imo</strong></span> <span class='ocrx_word' id='word_1_269' title='bbox 1204 3513 1335 3593; x_wconf 91' lang='lat' dir='ltr'><strong>majores</strong></span> <span class='ocrx_word' id='word_1_270' title='bbox 1366 3511 1541 3591; x_wconf 89' lang='lat' dir='ltr'><strong>nonnullas,</strong></span> <span class='ocrx_word' id='word_1_271' title='bbox 1572 3530 1699 3593; x_wconf 89' lang='lat' dir='ltr'><strong>quarum</strong></span> <span class='ocrx_word' id='word_1_272' title='bbox 1730 3513 1843 3575; x_wconf 92' lang='lat' dir='ltr'><strong>mentio</strong></span> <span class='ocrx_word' id='word_1_273' title='bbox 1872 3518 1924 3574; x_wconf 87' lang='lat' dir='ltr'><strong>est</strong></span> <span class='ocrx_word' id='word_1_274' title='bbox 1953 3512 1987 3574; x_wconf 91' lang='lat' dir='ltr'><strong>in</strong></span> 
     </span>
    </p>

    <p class='ocr_par' dir='ltr' id='par_1_28' title="bbox 609 3609 1986 3693">
     <span class='ocr_line' id='line_1_28' title="bbox 609 3609 1986 3693; baseline 0.001 -22"><span class='ocrx_word' id='word_1_275' title='bbox 609 3609 774 3690; x_wconf 81' lang='lat' dir='ltr'><strong>Responsio</strong></span> <span class='ocrx_word' id='word_1_276' title='bbox 798 3610 958 3674; x_wconf 89' lang='lat' dir='ltr'><strong>Canonicis</strong></span> <span class='ocrx_word' id='word_1_277' title='bbox 980 3610 1105 3673; x_wconf 82' lang='lat' dir='ltr'><strong>ioannis</strong></span> <span class='ocrx_word' id='word_1_278' title='bbox 1128 3610 1274 3691; x_wconf 87' lang='lat' dir='ltr'><strong>Episcopi</strong></span> <span class='ocrx_word' id='word_1_279' title='bbox 1298 3610 1480 3689; x_wconf 83' lang='lat' dir='ltr'><strong>Telalensis,</strong></span> <span class='ocrx_word' id='word_1_280' title='bbox 1504 3612 1590 3693; x_wconf 88' lang='lat' dir='ltr'><strong>cujus</strong></span> <span class='ocrx_word' id='word_1_281' title='bbox 1612 3627 1707 3690; x_wconf 88' lang='lat' dir='ltr'><strong>saepe</strong></span> <span class='ocrx_word' id='word_1_282' title='bbox 1729 3609 1900 3673; x_wconf 88' lang='lat' dir='ltr'><strong>testimonia</strong></span> <span class='ocrx_word' id='word_1_283' title='bbox 1928 3628 1986 3673; x_wconf 91' lang='lat' dir='ltr'><strong>re-</strong></span> 
     </span>
    </p>

    <p class='ocr_par' dir='ltr' id='par_1_29' title="bbox 609 3706 1987 3780">
     <span class='ocr_line' id='line_1_29' title="bbox 609 3706 1987 3780; baseline 0.002 -11"><span class='ocrx_word' id='word_1_284' title='bbox 609 3706 747 3769; x_wconf 82' lang='lat' dir='ltr'><strong>feruntur</strong></span> <span class='ocrx_word' id='word_1_285' title='bbox 768 3709 799 3769; x_wconf 90' lang='lat' dir='ltr'><strong>in</strong></span> <span class='ocrx_word' id='word_1_286' title='bbox 820 3708 1046 3771; x_wconf 91' lang='lat' dir='ltr'><strong>Nomoeanone.</strong></span> <span class='ocrx_word' id='word_1_287' title='bbox 1091 3709 1334 3780; x_wconf 78' lang='lat' dir='ltr'><strong>Testaturenim</strong></span> <span class='ocrx_word' id='word_1_288' title='bbox 1356 3708 1550 3771; x_wconf 77' lang='lat' dir='ltr'><strong>Diaconisris</strong></span> <span class='ocrx_word' id='word_1_289' title='bbox 1577 3709 1671 3770; x_wconf 87' lang='lat' dir='ltr'><strong>licere</strong></span> <span class='ocrx_word' id='word_1_290' title='bbox 1691 3728 1752 3771; x_wconf 81' lang='lat' dir='ltr'><strong>aon</strong></span> <span class='ocrx_word' id='word_1_291' title='bbox 1780 3710 1871 3772; x_wconf 77' lang='lat' dir='ltr'><strong>modo</strong></span> <span class='ocrx_word' id='word_1_292' title='bbox 1900 3709 1987 3771; x_wconf 81' lang='lat' dir='ltr'><strong>caii-</strong></span> 
     </span>
    </p>

    <p class='ocr_par' dir='ltr' id='par_1_30' title="bbox 609 3805 1985 3886">
     <span class='ocr_line' id='line_1_30' title="bbox 609 3805 1985 3886; baseline 0.001 -19"><span class='ocrx_word' id='word_1_293' title='bbox 609 3821 685 3868; x_wconf 70' lang='lat' dir='ltr'><strong>cem&#39;</strong></span> <span class='ocrx_word' id='word_1_294' title='bbox 702 3808 847 3886; x_wconf 63' lang='lat' dir='ltr'><strong>accipere*</strong></span> <span class='ocrx_word' id='word_1_295' title='bbox 866 3808 905 3870; x_wconf 83' lang='lat' dir='ltr'><strong>de</strong></span> <span class='ocrx_word' id='word_1_296' title='bbox 925 3825 1016 3869; x_wconf 82' lang='lat' dir='ltr'><strong>marra</strong></span> <span class='ocrx_word' id='word_1_297' title='bbox 1037 3807 1231 3885; x_wconf 81' lang='lat' dir='ltr'><strong>Sacerdotis,</strong></span> <span class='ocrx_word' id='word_1_298' title='bbox 1267 3809 1324 3869; x_wconf 84' lang='lat' dir='ltr'><strong>sed</strong></span> <span class='ocrx_word' id='word_1_299' title='bbox 1345 3811 1435 3869; x_wconf 84' lang='lat' dir='ltr'><strong>etiam</strong></span> <span class='ocrx_word' id='word_1_300' title='bbox 1453 3826 1547 3886; x_wconf 82' lang='lat' dir='ltr'><strong>poree</strong></span> <span class='ocrx_word' id='word_1_301' title='bbox 1568 3808 1639 3869; x_wconf 83' lang='lat' dir='ltr'><strong>illus</strong></span> <span class='ocrx_word' id='word_1_302' title='bbox 1660 3807 1783 3870; x_wconf 76' lang='lat' dir='ltr'><strong>atcere</strong></span> <span class='ocrx_word' id='word_1_303' title='bbox 1803 3805 1985 3886; x_wconf 82' lang='lat' dir='ltr'><strong>Sacerdote,</strong></span> 
     </span>
    </p>

    <p class='ocr_par' dir='ltr' id='par_1_31' title="bbox 608 3905 1988 3981">
     <span class='ocr_line' id='line_1_31' title="bbox 608 3905 1988 3981; baseline 0.001 -15"><span class='ocrx_word' id='word_1_304' title='bbox 608 3913 663 3966; x_wconf 81' lang='lat' dir='ltr'><strong>eat</strong></span> <span class='ocrx_word' id='word_1_305' title='bbox 682 3905 833 3981; x_wconf 82' lang='lat' dir='ltr'><strong>Diacono,</strong></span> <span class='ocrx_word' id='word_1_306' title='bbox 852 3907 1010 3969; x_wconf 74' lang='lat' dir='ltr'><strong>sororibus</strong></span> <span class='ocrx_word' id='word_1_307' title='bbox 1031 3907 1096 3969; x_wconf 82' lang='lat' dir='ltr'><strong>sais</strong></span> <span class='ocrx_word' id='word_1_308' title='bbox 1116 3909 1148 3967; x_wconf 87' lang='lat' dir='ltr'><strong>in</strong></span> <span class='ocrx_word' id='word_1_309' title='bbox 1169 3906 1603 3979; x_wconf 78' lang='lat' dir='ltr'><strong>MenasteaioEacbcrirtiam</strong></span> <span class='ocrx_word' id='word_1_310' title='bbox 1624 3906 1848 3981; x_wconf 69' lang='lat' dir='ltr'><strong>administrare,</strong></span> <span class='ocrx_word' id='word_1_311' title='bbox 1869 3906 1933 3967; x_wconf 78' lang='lat' dir='ltr'><strong>imo</strong></span> <span class='ocrx_word' id='word_1_312' title='bbox 1955 3913 1988 3969; x_wconf 85' lang='lat' dir='ltr'><strong>et</strong></span> 
     </span>
    </p>

    <p class='ocr_par' dir='ltr' id='par_1_32' title="bbox 604 4003 1986 4085">
     <span class='ocr_line' id='line_1_32' title="bbox 604 4003 1986 4085; baseline 0 -20"><span class='ocrx_word' id='word_1_313' title='bbox 604 4006 721 4083; x_wconf 77' lang='lat' dir='ltr'><strong>pueris,</strong></span> <span class='ocrx_word' id='word_1_314' title='bbox 743 4007 832 4068; x_wconf 89' lang='lat' dir='ltr'><strong>modo</strong></span> <span class='ocrx_word' id='word_1_315' title='bbox 851 4007 982 4085; x_wconf 77' lang='lat' dir='ltr'><strong>quintam</strong></span> <span class='ocrx_word' id='word_1_316' title='bbox 996 4007 1229 4068; x_wconf 82' lang='lat' dir='ltr'><strong>aetatisannam</strong></span> <span class='ocrx_word' id='word_1_317' title='bbox 1250 4024 1312 4066; x_wconf 82' lang='lat' dir='ltr'><strong>nen</strong></span> <span class='ocrx_word' id='word_1_318' title='bbox 1333 4007 1506 4085; x_wconf 71' lang='lat' dir='ltr'><strong>attigerint:</strong></span> <span class='ocrx_word' id='word_1_319' title='bbox 1528 4022 1608 4066; x_wconf 84' lang='lat' dir='ltr'><strong>casa</strong></span> <span class='ocrx_word' id='word_1_320' title='bbox 1630 4005 1720 4065; x_wconf 85' lang='lat' dir='ltr'><strong>ctiam</strong></span> <span class='ocrx_word' id='word_1_321' title='bbox 1742 4021 1835 4065; x_wconf 81' lang='lat' dir='ltr'><strong>saera</strong></span> <span class='ocrx_word' id='word_1_322' title='bbox 1856 4003 1986 4066; x_wconf 62' lang='grc'><strong>111111·-</strong></span> 
     </span>
    </p>

    <p class='ocr_par' dir='ltr' id='par_1_33' title="bbox 606 4100 1985 4187">
     <span class='ocr_line' id='line_1_33' title="bbox 606 4100 1985 4187; baseline 0.001 -23"><span class='ocrx_word' id='word_1_323' title='bbox 606 4122 678 4182; x_wconf 76' lang='lat' dir='ltr'><strong>pere</strong></span> <span class='ocrx_word' id='word_1_324' title='bbox 699 4111 729 4165; x_wconf 86' lang='lat' dir='ltr'><strong>et</strong></span> <span class='ocrx_word' id='word_1_325' title='bbox 755 4104 892 4178; x_wconf 81' lang='lat' dir='ltr'><strong>abluere,</strong></span> <span class='ocrx_word' id='word_1_326' title='bbox 920 4106 997 4183; x_wconf 72' lang='lat' dir='ltr'><strong>ipsis</strong></span> <span class='ocrx_word' id='word_1_327' title='bbox 1026 4104 1116 4166; x_wconf 86' lang='lat' dir='ltr'><strong>licere</strong></span> <span class='ocrx_word' id='word_1_328' title='bbox 1146 4103 1290 4187; x_wconf 83' lang='lat' dir='ltr'><strong>adjungit.</strong></span> <span class='ocrx_word' id='word_1_329' title='bbox 1335 4103 1384 4164; x_wconf 83' lang='lat' dir='ltr'><strong>An</strong></span> <span class='ocrx_word' id='word_1_330' title='bbox 1407 4104 1500 4184; x_wconf 89' lang='lat' dir='ltr'><strong>igitur</strong></span> <span class='ocrx_word' id='word_1_331' title='bbox 1522 4104 1552 4164; x_wconf 92' lang='lat' dir='ltr'><strong>in</strong></span> <span class='ocrx_word' id='word_1_332' title='bbox 1575 4102 1785 4165; x_wconf 91' lang='lat' dir='ltr'><strong>communione</strong></span> <span class='ocrx_word' id='word_1_333' title='bbox 1805 4100 1985 4165; x_wconf 88' lang='lat' dir='ltr'><strong>mulieribus</strong></span> 
     </span>
    </p>

    <p class='ocr_par' dir='ltr' id='par_1_34' title="bbox 608 4199 1986 4282">
     <span class='ocr_line' id='line_1_34' title="bbox 608 4199 1986 4282; baseline 0.001 -21"><span class='ocrx_word' id='word_1_334' title='bbox 608 4200 813 4263; x_wconf 86' lang='lat' dir='ltr'><strong>distribuenda</strong></span> <span class='ocrx_word' id='word_1_335' title='bbox 835 4220 906 4282; x_wconf 90' lang='lat' dir='ltr'><strong>pars</strong></span> <span class='ocrx_word' id='word_1_336' title='bbox 930 4200 1028 4282; x_wconf 85' lang='lat' dir='ltr'><strong>aliqua</strong></span> <span class='ocrx_word' id='word_1_337' title='bbox 1050 4202 1205 4264; x_wconf 91' lang='lat' dir='ltr'><strong>ministerii</strong></span> <span class='ocrx_word' id='word_1_338' title='bbox 1226 4202 1383 4264; x_wconf 87' lang='lat' dir='ltr'><strong>Diaconici</strong></span> <span class='ocrx_word' id='word_1_339' title='bbox 1406 4201 1463 4263; x_wconf 90' lang='lat' dir='ltr'><strong>illis</strong></span> <span class='ocrx_word' id='word_1_340' title='bbox 1487 4201 1629 4264; x_wconf 82' lang='lat' dir='ltr'><strong>attribute</strong></span> <span class='ocrx_word' id='word_1_341' title='bbox 1650 4199 1759 4278; x_wconf 88' lang='lat' dir='ltr'><strong>inerit,</strong></span> <span class='ocrx_word' id='word_1_342' title='bbox 1790 4200 1893 4263; x_wconf 89' lang='lat' dir='ltr'><strong>dicare</strong></span> <span class='ocrx_word' id='word_1_343' title='bbox 1920 4217 1986 4263; x_wconf 86' lang='lat' dir='ltr'><strong>non</strong></span> 
     </span>
    </p>

    <p class='ocr_par' dir='ltr' id='par_1_35' title="bbox 607 4297 1987 4380">
     <span class='ocr_line' id='line_1_35' title="bbox 607 4297 1987 4380; baseline 0.001 -20"><span class='ocrx_word' id='word_1_344' title='bbox 607 4316 784 4379; x_wconf 90' lang='lat' dir='ltr'><strong>possumus:</strong></span> <span class='ocrx_word' id='word_1_345' title='bbox 808 4299 863 4362; x_wconf 92' lang='lat' dir='ltr'><strong>sed</strong></span> <span class='ocrx_word' id='word_1_346' title='bbox 885 4299 956 4362; x_wconf 89' lang='lat' dir='ltr'><strong>nihii</strong></span> <span class='ocrx_word' id='word_1_347' title='bbox 979 4301 1076 4364; x_wconf 87' lang='lat' dir='ltr'><strong>simile</strong></span> <span class='ocrx_word' id='word_1_348' title='bbox 1097 4301 1291 4363; x_wconf 81' lang='lat' dir='ltr'><strong>observatum</strong></span> <span class='ocrx_word' id='word_1_349' title='bbox 1315 4319 1332 4362; x_wconf 89' lang='lat' dir='ltr'><strong>a</strong></span> <span class='ocrx_word' id='word_1_350' title='bbox 1354 4299 1441 4363; x_wconf 91' lang='lat' dir='ltr'><strong>nobis</strong></span> <span class='ocrx_word' id='word_1_351' title='bbox 1462 4300 1522 4362; x_wconf 91' lang='lat' dir='ltr'><strong>buc</strong></span> <span class='ocrx_word' id='word_1_352' title='bbox 1544 4317 1642 4380; x_wconf 91' lang='lat' dir='ltr'><strong>usque</strong></span> <span class='ocrx_word' id='word_1_353' title='bbox 1663 4299 1732 4377; x_wconf 86' lang='lat' dir='ltr'><strong>init,</strong></span> <span class='ocrx_word' id='word_1_354' title='bbox 1763 4301 1793 4361; x_wconf 92' lang='lat' dir='ltr'><strong>in</strong></span> <span class='ocrx_word' id='word_1_355' title='bbox 1823 4297 1987 4380; x_wconf 83' lang='lat' dir='ltr'><strong>disciplina</strong></span> 
     </span>
    </p>

    <p class='ocr_par' dir='ltr' id='par_1_36' title="bbox 607 4396 1988 4480">
     <span class='ocr_line' id='line_1_36' title="bbox 607 4396 1988 4480; baseline 0 -21"><span class='ocrx_word' id='word_1_356' title='bbox 607 4396 764 4459; x_wconf 85' lang='lat' dir='ltr'><strong>Ecclesiae</strong></span> <span class='ocrx_word' id='word_1_357' title='bbox 786 4396 1027 4474; x_wconf 82' lang='lat' dir='ltr'><strong>Alexandrinae,</strong></span> <span class='ocrx_word' id='word_1_358' title='bbox 1055 4401 1086 4462; x_wconf 95' lang='lat' dir='ltr'><strong>in</strong></span> <span class='ocrx_word' id='word_1_359' title='bbox 1117 4418 1175 4480; x_wconf 88' lang='lat' dir='ltr'><strong>qua</strong></span> <span class='ocrx_word' id='word_1_360' title='bbox 1198 4401 1442 4462; x_wconf 89' lang='lat' dir='ltr'><strong>Diaconissarum</strong></span> <span class='ocrx_word' id='word_1_361' title='bbox 1472 4400 1523 4460; x_wconf 90' lang='lat' dir='ltr'><strong>vix</strong></span> <span class='ocrx_word' id='word_1_362' title='bbox 1552 4399 1613 4460; x_wconf 88' lang='lat' dir='ltr'><strong>ulia</strong></span> <span class='ocrx_word' id='word_1_363' title='bbox 1636 4398 1780 4461; x_wconf 91' lang='lat' dir='ltr'><strong>memoria</strong></span> <span class='ocrx_word' id='word_1_364' title='bbox 1811 4405 1873 4459; x_wconf 88' lang='lat' dir='ltr'><strong>est:</strong></span> <span class='ocrx_word' id='word_1_365' title='bbox 1903 4413 1988 4477; x_wconf 77' lang='lat' dir='ltr'><strong>quae</strong></span> 
     </span>
    </p>

    <p class='ocr_par' dir='ltr' id='par_1_37' title="bbox 609 4493 1988 4579">
     <span class='ocr_line' id='line_1_37' title="bbox 609 4493 1988 4579; baseline 0.001 -22"><span class='ocrx_word' id='word_1_366' title='bbox 609 4497 698 4558; x_wconf 90' lang='lat' dir='ltr'><strong>etiam</strong></span> <span class='ocrx_word' id='word_1_367' title='bbox 720 4498 799 4557; x_wconf 89' lang='lat' dir='ltr'><strong>inter</strong></span> <span class='ocrx_word' id='word_1_368' title='bbox 822 4497 915 4577; x_wconf 90' lang='lat' dir='ltr'><strong>Syros</strong></span> <span class='ocrx_word' id='word_1_369' title='bbox 938 4503 969 4558; x_wconf 88' lang='lat' dir='ltr'><strong>et</strong></span> <span class='ocrx_word' id='word_1_370' title='bbox 992 4496 1126 4561; x_wconf 87' lang='lat' dir='ltr'><strong>Graecos</strong></span> <span class='ocrx_word' id='word_1_371' title='bbox 1149 4500 1232 4579; x_wconf 92' lang='lat' dir='ltr'><strong>ipsos</strong></span> <span class='ocrx_word' id='word_1_372' title='bbox 1256 4499 1366 4561; x_wconf 92' lang='lat' dir='ltr'><strong>dudum</strong></span> <span class='ocrx_word' id='word_1_373' title='bbox 1389 4499 1548 4560; x_wconf 85' lang='lat' dir='ltr'><strong>obliterata</strong></span> <span class='ocrx_word' id='word_1_374' title='bbox 1569 4507 1626 4560; x_wconf 89' lang='lat' dir='ltr'><strong>est.</strong></span> <span class='ocrx_word' id='word_1_375' title='bbox 1655 4497 1688 4559; x_wconf 92' lang='grc'><strong>11</strong></span> <span class='ocrx_word' id='word_1_376' title='bbox 1712 4499 1779 4578; x_wconf 92' lang='lat' dir='ltr'><strong>ipso</strong></span> <span class='ocrx_word' id='word_1_377' title='bbox 1803 4493 1988 4559; x_wconf 73' lang='grc'><strong>111111111-</strong></span> 
     </span>
    </p>

    <p class='ocr_par' dir='ltr' id='par_1_38' title="bbox 608 4593 1988 4677">
     <span class='ocr_line' id='line_1_38' title="bbox 608 4593 1988 4677; baseline 0.001 -22"><span class='ocrx_word' id='word_1_378' title='bbox 608 4611 785 4670; x_wconf 90' lang='lat' dir='ltr'><strong>moeanone,</strong></span> <span class='ocrx_word' id='word_1_379' title='bbox 807 4595 858 4658; x_wconf 94' lang='lat' dir='ltr'><strong>ubi</strong></span> <span class='ocrx_word' id='word_1_380' title='bbox 880 4595 1121 4677; x_wconf 78' lang='lat' dir='ltr'><strong>trequentissime</strong></span> <span class='ocrx_word' id='word_1_381' title='bbox 1142 4597 1317 4660; x_wconf 84' lang='lat' dir='ltr'><strong>referuntur</strong></span> <span class='ocrx_word' id='word_1_382' title='bbox 1343 4599 1467 4660; x_wconf 84' lang='lat' dir='ltr'><strong>ioannis</strong></span> <span class='ocrx_word' id='word_1_383' title='bbox 1492 4597 1659 4659; x_wconf 87' lang='lat' dir='ltr'><strong>Telaiensis</strong></span> <span class='ocrx_word' id='word_1_384' title='bbox 1683 4596 1869 4673; x_wconf 87' lang='lat' dir='ltr'><strong>testimonia,</strong></span> <span class='ocrx_word' id='word_1_385' title='bbox 1900 4593 1988 4657; x_wconf 83' lang='lat' dir='ltr'><strong>nulla</strong></span> 
     </span>
    </p>

    <p class='ocr_par' dir='ltr' id='par_1_39' title="bbox 606 4693 1988 4776">
     <span class='ocr_line' id='line_1_39' title="bbox 606 4693 1988 4776; baseline 0.003 -23"><span class='ocrx_word' id='word_1_386' title='bbox 606 4693 692 4756; x_wconf 87' lang='lat' dir='ltr'><strong>istius</strong></span> <span class='ocrx_word' id='word_1_387' title='bbox 715 4693 960 4758; x_wconf 88' lang='lat' dir='ltr'><strong>Diaconissarum</strong></span> <span class='ocrx_word' id='word_1_388' title='bbox 983 4698 1138 4759; x_wconf 89' lang='lat' dir='ltr'><strong>ministerii</strong></span> <span class='ocrx_word' id='word_1_389' title='bbox 1162 4699 1272 4761; x_wconf 89' lang='lat' dir='ltr'><strong>mentio</strong></span> <span class='ocrx_word' id='word_1_390' title='bbox 1296 4705 1352 4762; x_wconf 91' lang='lat' dir='ltr'><strong>est.</strong></span> <span class='ocrx_word' id='word_1_391' title='bbox 1391 4696 1450 4758; x_wconf 93' lang='lat' dir='ltr'><strong>Sed</strong></span> <span class='ocrx_word' id='word_1_392' title='bbox 1473 4696 1548 4758; x_wconf 89' lang='lat' dir='ltr'><strong>baec</strong></span> <span class='ocrx_word' id='word_1_393' title='bbox 1572 4696 1722 4776; x_wconf 85' lang='lat' dir='ltr'><strong>quaestio,</strong></span> <span class='ocrx_word' id='word_1_394' title='bbox 1744 4696 1771 4757; x_wconf 92' lang='lat' dir='ltr'><strong>si</strong></span> <span class='ocrx_word' id='word_1_395' title='bbox 1785 4695 1867 4757; x_wconf 88' lang='lat' dir='ltr'><strong>Deus</strong></span> <span class='ocrx_word' id='word_1_396' title='bbox 1890 4694 1988 4757; x_wconf 85' lang='lat' dir='ltr'><strong>vitam</strong></span> 
     </span>
    </p>

    <p class='ocr_par' dir='ltr' id='par_1_40' title="bbox 586 4790 1987 4956">
     <span class='ocr_line' id='line_1_40' title="bbox 586 4790 1987 4877; baseline -0.001 -21"><span class='ocrx_word' id='word_1_397' title='bbox 586 4794 811 4869; x_wconf 85' lang='lat' dir='ltr'><strong>concesserit,</strong></span> <span class='ocrx_word' id='word_1_398' title='bbox 842 4792 912 4856; x_wconf 85' lang='grc'><strong>11111</strong></span> <span class='ocrx_word' id='word_1_399' title='bbox 940 4795 1036 4858; x_wconf 80' lang='lat' dir='ltr'><strong>fusius</strong></span> <span class='ocrx_word' id='word_1_400' title='bbox 1060 4797 1277 4877; x_wconf 90' lang='lat' dir='ltr'><strong>explicabitur,</strong></span> <span class='ocrx_word' id='word_1_401' title='bbox 1306 4799 1336 4859; x_wconf 94' lang='lat' dir='ltr'><strong>in</strong></span> <span class='ocrx_word' id='word_1_402' title='bbox 1360 4797 1581 4859; x_wconf 88' lang='lat' dir='ltr'><strong>Commentario</strong></span> <span class='ocrx_word' id='word_1_403' title='bbox 1604 4795 1643 4858; x_wconf 92' lang='lat' dir='ltr'><strong>de</strong></span> <span class='ocrx_word' id='word_1_404' title='bbox 1664 4796 1761 4857; x_wconf 84' lang='lat' dir='ltr'><strong>sacris</strong></span> <span class='ocrx_word' id='word_1_405' title='bbox 1784 4790 1987 4857; x_wconf 77' lang='lat' dir='ltr'><strong>Orientalium</strong></span> 
     </span>
     <span class='ocr_line' id='line_1_41' title="bbox 605 4888 860 4956; baseline 0.027 -7"><span class='ocrx_word' id='word_1_406' title='bbox 605 4888 860 4956; x_wconf 88' lang='lat' dir='ltr'><strong>Ordinationibus.</strong></span> 
     </span>
    </p>

    <p class='ocr_par' dir='ltr' id='par_1_41' title="bbox 603 4986 1989 5366">
     <span class='ocr_line' id='line_1_42' title="bbox 690 4986 1989 5075; baseline 0.003 -27"><span class='ocrx_word' id='word_1_407' title='bbox 690 4987 784 5049; x_wconf 84' lang='lat' dir='ltr'><strong>Multa</strong></span> <span class='ocrx_word' id='word_1_408' title='bbox 807 4988 1029 5054; x_wconf 90' lang='lat' dir='ltr'><strong>Commentario</strong></span> <span class='ocrx_word' id='word_1_409' title='bbox 1052 5010 1108 5054; x_wconf 89' lang='lat' dir='ltr'><strong>suo</strong></span> <span class='ocrx_word' id='word_1_410' title='bbox 1132 4993 1258 5055; x_wconf 91' lang='lat' dir='ltr'><strong>inseruit</strong></span> <span class='ocrx_word' id='word_1_411' title='bbox 1272 4992 1436 5075; x_wconf 90' lang='lat' dir='ltr'><strong>Dionysius</strong></span> <span class='ocrx_word' id='word_1_412' title='bbox 1448 4993 1606 5071; x_wconf 84' lang='lat' dir='ltr'><strong>Earsalibi,</strong></span> <span class='ocrx_word' id='word_1_413' title='bbox 1629 5008 1708 5073; x_wconf 88' lang='lat' dir='ltr'><strong>quae</strong></span> <span class='ocrx_word' id='word_1_414' title='bbox 1730 5008 1798 5052; x_wconf 92' lang='lat' dir='ltr'><strong>cum</strong></span> <span class='ocrx_word' id='word_1_415' title='bbox 1820 4987 1858 5050; x_wconf 83' lang='lat' dir='ltr'><strong>ad</strong></span> <span class='ocrx_word' id='word_1_416' title='bbox 1876 4986 1989 5052; x_wconf 80' lang='lat' dir='ltr'><strong>&#39;ibeo-</strong></span> 
     </span>
     <span class='ocr_line' id='line_1_43' title="bbox 604 5084 1988 5171; baseline 0.007 -28"><span class='ocrx_word' id='word_1_417' title='bbox 604 5084 688 5164; x_wconf 89' lang='lat' dir='ltr'><strong>riam,</strong></span> <span class='ocrx_word' id='word_1_418' title='bbox 711 5087 778 5147; x_wconf 84' lang='lat' dir='ltr'><strong>sive</strong></span> <span class='ocrx_word' id='word_1_419' title='bbox 793 5087 1043 5167; x_wconf 86' lang='lat' dir='ltr'><strong>significationem</strong></span> <span class='ocrx_word' id='word_1_420' title='bbox 1057 5091 1212 5171; x_wconf 91' lang='lat' dir='ltr'><strong>mysticam</strong></span> <span class='ocrx_word' id='word_1_421' title='bbox 1235 5088 1384 5171; x_wconf 86' lang='lat' dir='ltr'><strong>spectent,</strong></span> <span class='ocrx_word' id='word_1_422' title='bbox 1409 5093 1578 5154; x_wconf 89' lang='lat' dir='ltr'><strong>omisimus:</strong></span> <span class='ocrx_word' id='word_1_423' title='bbox 1601 5110 1637 5154; x_wconf 93' lang='lat' dir='ltr'><strong>ea</strong></span> <span class='ocrx_word' id='word_1_424' title='bbox 1661 5090 1740 5153; x_wconf 89' lang='lat' dir='ltr'><strong>enim</strong></span> <span class='ocrx_word' id='word_1_425' title='bbox 1763 5088 1885 5151; x_wconf 92' lang='lat' dir='ltr'><strong>aliuude</strong></span> <span class='ocrx_word' id='word_1_426' title='bbox 1907 5089 1988 5153; x_wconf 82' lang='lat' dir='ltr'><strong>satis</strong></span> 
     </span>
     <span class='ocr_line' id='line_1_44' title="bbox 603 5187 1987 5271; baseline 0.006 -28"><span class='ocrx_word' id='word_1_427' title='bbox 603 5190 675 5244; x_wconf 90' lang='lat' dir='ltr'><strong>nota</strong></span> <span class='ocrx_word' id='word_1_428' title='bbox 699 5193 756 5262; x_wconf 88' lang='lat' dir='ltr'><strong>est,</strong></span> <span class='ocrx_word' id='word_1_429' title='bbox 789 5187 878 5265; x_wconf 90' lang='lat' dir='ltr'><strong>eique</strong></span> <span class='ocrx_word' id='word_1_430' title='bbox 901 5204 962 5249; x_wconf 93' lang='lat' dir='ltr'><strong>non</strong></span> <span class='ocrx_word' id='word_1_431' title='bbox 985 5187 1127 5250; x_wconf 90' lang='lat' dir='ltr'><strong>absimilis</strong></span> <span class='ocrx_word' id='word_1_432' title='bbox 1150 5206 1238 5267; x_wconf 87' lang='lat' dir='ltr'><strong>quam</strong></span> <span class='ocrx_word' id='word_1_433' title='bbox 1260 5189 1327 5252; x_wconf 88' lang='lat' dir='ltr'><strong>iuse</strong></span> <span class='ocrx_word' id='word_1_434' title='bbox 1350 5191 1493 5271; x_wconf 83' lang='lat' dir='ltr'><strong>exposuit</strong></span> <span class='ocrx_word' id='word_1_435' title='bbox 1514 5192 1544 5251; x_wconf 92' lang='lat' dir='ltr'><strong>in</strong></span> <span class='ocrx_word' id='word_1_436' title='bbox 1565 5208 1619 5252; x_wconf 91' lang='lat' dir='ltr'><strong>sua</strong></span> <span class='ocrx_word' id='word_1_437' title='bbox 1643 5189 1788 5267; x_wconf 73' lang='lat' dir='ltr'><strong>theoria,</strong></span> <span class='ocrx_word' id='word_1_438' title='bbox 1812 5187 1987 5251; x_wconf 88' lang='lat' dir='ltr'><strong>Germanus</strong></span> 
     </span>
     <span class='ocr_line' id='line_1_45' title="bbox 604 5279 1987 5366; baseline 0.004 -24"><span class='ocrx_word' id='word_1_439' title='bbox 604 5279 954 5366; x_wconf 86' lang='lat' dir='ltr'><strong>Constantinopolitanus</strong></span> <span class='ocrx_word' id='word_1_440' title='bbox 985 5284 1169 5351; x_wconf 89' lang='lat' dir='ltr'><strong>Patriarcha.</strong></span> <span class='ocrx_word' id='word_1_441' title='bbox 1214 5288 1293 5350; x_wconf 86' lang='lat' dir='ltr'><strong>Satis</strong></span> <span class='ocrx_word' id='word_1_442' title='bbox 1322 5290 1419 5350; x_wconf 86' lang='lat' dir='ltr'><strong>visum</strong></span> <span class='ocrx_word' id='word_1_443' title='bbox 1448 5297 1494 5351; x_wconf 90' lang='lat' dir='ltr'><strong>est</strong></span> <span class='ocrx_word' id='word_1_444' title='bbox 1526 5305 1564 5351; x_wconf 89' lang='lat' dir='ltr'><strong>ea</strong></span> <span class='ocrx_word' id='word_1_445' title='bbox 1592 5288 1776 5352; x_wconf 87' lang='lat' dir='ltr'><strong>observasse</strong></span> <span class='ocrx_word' id='word_1_446' title='bbox 1809 5302 1889 5365; x_wconf 89' lang='lat' dir='ltr'><strong>quae</strong></span> <span class='ocrx_word' id='word_1_447' title='bbox 1919 5292 1987 5348; x_wconf 90' lang='lat' dir='ltr'><strong>tum</strong></span> 
     </span>
    </p>
   </div>
   <div class='ocr_carea' id='block_1_3' title="bbox 0 0 2580 6534">
    <p class='ocr_par' dir='ltr' id='par_1_42' title="bbox 0 0 2580 6534">
     <span class='ocr_line' id='line_1_46' title="bbox 0 0 2580 6534; baseline 0 2"><span class='ocrx_word' id='word_1_448' title='bbox 0 0 2580 6534; x_wconf 95' lang='lat' dir='ltr'><strong> </strong></span> 
     </span>
    </p>
   </div>
  </div>
 </body>
</html>
