5150 6534
594 799 672 876 430
1101 800 1461 880 tttnnott

701 988 879 1062 Sacerdos
910 988 1104 1061 inclinatas.
1160 986 1332 1062 Memento
1363 988 1505 1062 Domine
1536 992 1638 1061 etiam
1669 986 1800 1061 iterun
1835 990 1892 1084 qul
1921 1010 1968 1061 ex

593 1102 660 1175 boc
687 1104 808 1178 mundo
836 1103 895 1178 tibi
921 1104 1134 1199 placuerunt,
1158 1105 1358 1200 praesertim
1383 1126 1470 1177 vero
1496 1113 1635 1177 sancmc
1659 1114 1694 1177 et
1708 1102 1968 1199 glmiosacge-

593 1222 719 1293 nitricis
745 1221 809 1292 Dei
835 1220 986 1313 Virginis
1011 1218 1158 1307 blariae,
1185 1229 1220 1291 et
1246 1222 1391 1293 omnium
1417 1231 1607 1295 sanctorum
1622 1230 1765 1311 trorum,
1791 1221 1838 1295 ab
1857 1220 1967 1296 tun

592 1340 720 1430 primo,
747 1336 789 1407 ad
815 1335 901 1408 hanc
925 1358 1033 1431 usque
1059 1335 1157 1407 diem.

698 1452 860 1546 Populos.
913 1451 1021 1548 Kyrie
1048 1450 1186 1524 eleison.

695 1567 872 1640 Sacerdos
903 1568 1042 1640 clacaar
1073 1589 1199 1639 accam.
1252 1565 1320 1637 Per
1351 1568 1523 1639 orationes
1556 1588 1672 1640 corum
1710 1577 1870 1658 mans,
1906 1592 1967 1666 per

593 1683 848 1780 deprecationes
885 1704 1001 1755 eorum
1037 1682 1190 1755 exaudiri
1225 1682 1364 1777 dignas,
1399 1692 1434 1753 et
1465 1705 1528 1779 per
1560 1679 1817 1757 obsecrationes
1851 1707 1966 1759 aarum

594 1799 831 1895 acceptabiles,
857 1801 1013 1889 Domine,
1039 1789 1202 1896 propitius
1229 1808 1304 1873 esto
1334 1803 1482 1895 peccatis
1507 1801 1654 1890 nostris,
1678 1812 1822 1897 propter
1844 1821 1967 1876 nonen

593 1926 684 1988 tuum
710 1925 878 2003 sanctum,
907 1915 995 2011 qnod
1022 1918 1213 1988 invocatum
1239 1925 1421 2010 estsuper
1454 1936 1536 2004 nos,
1570 1913 1695 2011 tibique
1727 1915 1899 2009 gloriam,
1933 1926 1967 1989 ct

594 2031 725 2103 laudem
752 2031 939 2104 referimus.
1684 2063 1685 2068 ยน

699 2148 888 2219 Diacoaas.
943 2148 1041 2219 Ante.

697 2263 874 2335 Sacerdos
900 2263 1092 2334 inclinatas.
1145 2263 1314 2336 Memento
1341 2267 1439 2336 etiam
1466 2261 1609 2334 Domine
1634 2260 1811 2368 beatorum
1832 2263 1965 2337 Patron

596 2390 806 2471 nostrorum,
840 2382 1025 2475 principum
1059 2390 1099 2451 et
1124 2379 1308 2453 Doctorum
1344 2377 1521 2451 Ecclesiae
1551 2388 1627 2450 tuae
1662 2388 1819 2470 sanctae,
1852 2403 1965 2454 eornm

595 2499 651 2590 qui
677 2499 899 2568 testimonium
926 2493 1162 2590 perhibuerunt
1187 2492 1266 2586 tibi,
1302 2506 1336 2568 et
1368 2493 1561 2566 dbexcront
1586 2494 1628 2566 ad
1660 2491 1772 2567 lumen
1808 2500 1965 2569 scientiae

595 2633 735 2704 gregem
762 2621 852 2683 tuum
879 2620 1039 2683 sanctum.

697 2727 848 2799 Elacaas
873 2749 1000 2798 ancara.
1052 2727 1120 2799 Per
1146 2731 1318 2801 orationes
1344 2736 1379 2797 ct
1404 2724 1659 2821 deprecationes
1685 2746 1805 2798 eornm
1831 2734 1963 2799 sanctas

594 2842 743 2914 concede
771 2845 868 2914 etiam
896 2841 1011 2934 nobis,
1037 2851 1074 2914 ut
1098 2846 1263 2915 mtuentcs
1290 2845 1415 2913 exitum
1442 2844 1709 2914 conversationis
1735 2862 1855 2914 eorum
1873 2845 1963 2914 assi-

595 2958 745 3029 milemur
778 2958 842 3029 illis
878 2957 1059 3030 secundum
1098 2958 1195 3030 fidem
1229 2957 1478 3048 orthodoxam,
1517 2967 1551 3029 et
1585 2979 1647 3052 per
1679 2957 1790 3029 zelum
1823 2960 1962 3052 pietatis.

595 3074 772 3168 Conjunge
798 3077 898 3145 etiam
923 3095 986 3146 nos
1014 3085 1047 3146 et
1073 3097 1190 3146 omnes
1217 3074 1389 3171 dispersos
1415 3072 1550 3146 Israelis
1578 3072 1773 3170 spiritualis,
1798 3074 1834 3144 in
1866 3097 1962 3146 unam

595 3190 829 3277 concordiam,
863 3200 898 3261 et
932 3189 1081 3261 eamdem
1115 3200 1279 3280 mentem,
1314 3211 1479 3285 mumque
1515 3190 1681 3262 vinculum
1721 3191 1888 3281 cadmus:
1930 3192 1960 3261 in

594 3326 692 3375 unam
719 3303 900 3377 doctrinam
935 3308 1100 3378 sinceram
1131 3305 1306 3378 Ecclesiae
1342 3313 1478 3379 sanctae
1512 3304 1706 3378 Catholicae
1739 3313 1775 3376 et
1805 3307 1960 3401 Aposto-

593 3419 696 3507 licae,
724 3424 799 3515 quia
827 3423 961 3516 tuipse
988 3444 1026 3494 es
1055 3426 1108 3516 qui
1136 3433 1270 3494 terrena
1297 3421 1500 3519 coelestibus
1535 3423 1755 3515 conjunxisti,
1789 3418 1848 3492 tibi
1881 3420 1960 3514 glo-

593 3540 675 3607 riam
704 3546 737 3607 et
763 3535 895 3608 laudem
921 3535 1107 3609 referimus.

697 3652 858 3744 Papulas.
911 3652 1030 3722 Amen.

695 3765 870 3838 Sacerdos
896 3767 1086 3843 inclinatas.
1138 3767 1308 3840 Memento
1335 3767 1479 3840 Domine
1506 3768 1724 3840 Sacerdotum
1739 3768 1959 3842 Ortbodoxo-

594 3905 682 3971 rum,
708 3881 949 3973 Diaconorum,
977 3883 1277 3971 subdiaconorum,
1305 3884 1499 3972 Lectorum,
1533 3884 1735 3970 Psultamm,
1771 3884 1959 3958 Monacbo-

595 4021 686 4085 rum,
721 4007 914 4093 perpetuam
948 4003 1173 4092 virginitatem
1206 3998 1441 4095 profitentium:
1478 4001 1696 4073 saecularium
1730 4005 1786 4095 qui
1819 4003 1899 4074 olim
1928 4004 1959 4072 in

596 4113 728 4187 Christo
756 4117 944 4206 consignati
972 4125 1063 4205 sunt,
1091 4126 1266 4189 eteorum
1293 4119 1437 4187 omnium
1463 4120 1518 4211 qui
1544 4119 1813 4212 inpersuasione
1833 4116 1959 4190 Ortbo-

595 4228 704 4320 doxa,
732 4254 778 4302 ex
804 4229 869 4301 boc
896 4230 1017 4302 mundo
1045 4235 1176 4324 egressi
1203 4241 1286 4304 sunt.

697 4346 872 4417 Sacerdos
898 4346 1035 4417 clecaas
1060 4369 1186 4417 cacam.
1238 4345 1281 4417 Et
1307 4349 1537 4420 remissionem
1569 4358 1783 4444 peccatorum
1814 4349 1958 4421 tribuens

593 4471 732 4533 naturae
758 4472 895 4534 nostrae
921 4446 1080 4549 Domine,
1107 4464 1211 4533 vitam
1238 4461 1367 4557 absque
1386 4465 1500 4549 senio,
1526 4462 1684 4535 laetitiam
1710 4464 1958 4551 indeficientem,

593 4575 682 4648 bona
708 4577 918 4650 immutabilia
946 4576 1095 4649 concede
1130 4577 1292 4665 Domine,
1326 4581 1354 4652 si
1385 4580 1472 4649 enim
1498 4581 1685 4673 iniquitates
1718 4578 1958 4652 observaveris

592 4690 756 4781 Domine,
783 4695 927 4766 Domine
954 4696 1027 4788 quis
1054 4690 1226 4767 sustinebit
1253 4692 1314 4764 to?
1342 4693 1427 4779 Quia
1446 4697 1552 4767 omnis
1576 4698 1701 4788 justitia
1725 4683 1843 4769 nostru
1864 4706 1958 4791 atque

593 4806 755 4902 perfectio
782 4812 938 4879 virtutum
964 4817 1161 4896 nostrarum,
1189 4819 1264 4880 sunt
1281 4820 1434 4903 tanquam
1452 4831 1581 4905 pannus
1601 4810 1746 4883 mulieris
1767 4824 1959 4884 menstruu-

594 4931 666 5009 tac,
694 4926 722 4993 si
750 4931 983 5018 comparentur
1009 4946 1082 4995 cum
1106 4927 1231 5017 justitia
1258 4934 1332 5012 tua,
1361 4949 1382 4996 o
1411 4936 1539 4998 amator
1566 4925 1740 4999 bominum.
1794 4928 1833 4999 Si
1852 4936 1959 4999 autem

593 5040 625 5106 in
652 5037 794 5129 Angelis
820 5037 915 5110 fidem
942 5060 1009 5110 non
1035 5043 1208 5130 invenisti,
1237 5063 1376 5135 quorum
1404 5051 1512 5113 tamen
1538 5040 1668 5115 indoles
1695 5052 1729 5115 et
1741 5055 1864 5116 namra
1876 5065 1958 5116 cor-

594 5175 698 5247 porea
726 5176 792 5225 non
819 5164 888 5245 est,
924 5165 1045 5249 quanto
1079 5161 1185 5248 magis
1217 5158 1250 5227 in
1285 5156 1382 5229 nobis
1419 5161 1473 5253 qui
1506 5180 1590 5231 vase
1621 5158 1834 5253 passionibus
1861 5158 1958 5254 pleno

593 5269 697 5339 induti
724 5291 856 5361 sumus,
883 5280 916 5342 et
943 5267 1113 5345 allectibus
1140 5271 1365 5347 materialibus
1392 5278 1551 5371 cooperti.
1604 5272 1697 5347 Unus
1724 5275 1812 5344 enim
1827 5277 1958 5347 omnino
