5150 6534
942 857 1186 937 bunuorum
1215 858 1552 953 lrosrouoauu
1586 873 1635 935 cc.
1894 858 1967 936 591

512 1109 515 1124 .
601 1053 766 1124 suavitate
793 1047 996 1141 eloquiorum
1024 1056 1153 1118 tuorum
1181 1044 1431 1120 delectaremur.
1465 1044 1509 1118 Et
1534 1067 1641 1120 voces
1661 1046 1791 1139 gloriae
1818 1054 1852 1117 et
1878 1067 1969 1119 oon-

600 1165 756 1238 iessionis
784 1164 943 1237 divinitati
970 1171 1047 1233 tuac
1074 1162 1204 1235 sublimi
1231 1184 1366 1257 semper
1391 1162 1567 1235 referimus
1593 1164 1747 1236 Domine.

600 1324 601 1328 =
703 1281 799 1352 Alio.
853 1279 1004 1353 Christus
1030 1278 1124 1351 Deus
1149 1288 1283 1369 noster,
1310 1278 1489 1367 Dominus,
1515 1279 1609 1368 Rex,
1636 1279 1785 1352 salvator
1812 1288 1847 1351 et
1872 1281 1968 1350 vivi-

600 1400 718 1472 licator
743 1408 871 1485 noster,
896 1418 958 1490 per
984 1398 1124 1501 gretiam
1151 1418 1246 1470 suam
1272 1394 1392 1487 dignos
1417 1394 1498 1468 iecit
1523 1417 1586 1466 nos
1614 1395 1815 1491 suscipiendi
1844 1417 1967 1492 corpus

601 1518 690 1607 ejus,
717 1516 979 1606 sanguinemque
1006 1515 1079 1603 ejus
1105 1514 1284 1607 pretiosum
1314 1520 1348 1583 et
1374 1514 1483 1583 omrria
1511 1511 1785 1584 sanctificantem:
1812 1514 1887 1606 ipse
1915 1511 1970 1582 det

600 1631 699 1704 nobis
726 1641 762 1701 ut
787 1629 975 1724 placeamus
1003 1627 1060 1709 illi,
1087 1628 1214 1717 verbis,
1241 1625 1411 1722 operibus,
1436 1624 1694 1719 cogitationibus
1719 1626 1871 1725 atlantis
1900 1650 1970 1700 no·

600 1749 690 1835 stris,
719 1745 803 1817 adeo
829 1754 865 1814 ut
890 1746 1008 1839 pignus
1035 1743 1122 1816 istud
1149 1744 1238 1838 quod
1263 1745 1466 1838 accepimus,
1493 1746 1535 1815 sit
1560 1741 1658 1815 nohis
1685 1743 1728 1814 ud
1748 1747 1881 1815 veniam
1901 1742 1968 1815 de-

601 1862 771 1947 lictorum,
804 1864 1034 1932 remissionam
1069 1869 1299 1954 peccatorum,
1332 1871 1366 1932 et
1398 1881 1493 1955 spem
1526 1880 1681 1950 magnam
1714 1860 1968 1932 resurrectionis

602 2003 622 2050 a
642 1981 790 2064 mortuis,
808 1979 976 2070 vitamque
995 1998 1119 2048 novam
1143 1986 1178 2048 et
1195 1998 1312 2047 veram
1330 1978 1363 2046 iu
1387 1998 1495 2068 reguo
1514 1973 1700 2063 coelomm,
1721 1997 1794 2046 cum
1816 1974 1968 2048 omnibus

602 2099 657 2191 qui
684 2116 796 2166 coram
825 2115 867 2164 eo
888 2091 1103 2188 placuerunt:
1135 2094 1370 2187 pergratiam
1402 2092 1475 2184 ejus
1508 2101 1543 2163 et
1567 2093 1798 2163 miserationes
1832 2095 1904 2183 ejus
1935 2092 1969 2161 in

602 2210 746 2285 saecula.
1470 2289 1473 2307 ,

706 2322 838 2397 Diebus
866 2324 1065 2395 ordinariis.
1110 2323 1259 2395 Laudem
1285 2324 1439 2410 Domine,
1464 2322 1638 2412 honorem,
1665 2322 1910 2397 confessionem
1938 2333 1972 2396 et

601 2443 783 2532 gratiarum
822 2443 986 2511 actionem
1021 2438 1181 2511 debemus
1216 2438 1346 2511 referre
1378 2439 1531 2511 Trinitati
1565 2449 1643 2511 tuae
1677 2437 1867 2531 gloriosae,
1905 2462 1968 2535 pro

602 2556 689 2628 dono
717 2560 950 2653 mysteriorum
978 2564 1108 2628 tuorum
1133 2565 1336 2643 sanctorum,
1364 2578 1451 2649 quae
1478 2555 1594 2628 dedisti
1620 2554 1718 2628 uobis
1740 2554 1782 2627 ad
1802 2560 1991 2652 propitiu-v

596 2676 724 2744 tionem
752 2672 946 2744 delictorum
971 2681 1179 2762 nostrorum,
1205 2674 1349 2745 Domine
1376 2675 1530 2744 omnium.

704 2788 798 2858 Alio.
852 2787 1051 2858 Benedictus
1079 2792 1121 2860 sit
1147 2788 1254 2862 houor
1286 2798 1361 2861 tuus
1388 2787 1599 2880 adorandus,
1626 2809 1672 2858 cx
1698 2787 1774 2860 loco
1802 2798 1857 2859 tuo
1884 2786 1969 2879 glo-

601 2907 693 2976 rioso
722 2903 871 2992 Christe,
897 2906 1095 2998 propitiator
1125 2905 1322 2979 delictomm
1356 2914 1565 2995 nostrorum,
1591 2914 1872 2999 peccatorumque
1898 2928 1968 2977 no-

603 3031 758 3108 strorum,
787 3023 908 3113 quique
935 3018 1045 3093 aufers
1073 3024 1275 3117 insipientias
1293 3032 1426 3093 nostras
1441 3021 1688 3116 per‘mysteria
1707 3029 1763 3092 tua
1782 3019 1968 3115 praeclara,

602 3149 728 3222 sancta,
755 3136 891 3207 vivifica
920 3146 953 3206 et
979 3135 1110 3209 divina:
1145 3135 1296 3209 Christus
1329 3159 1408 3234 spes
1434 3148 1573 3208 naturae
1599 3144 1747 3224 nostrae,
1774 3158 1908 3232 semper
1935 3147 1969 3208 et

600 3251 805 3325 insaecula.
858 3252 977 3324 Amen.

943 3524 1161 3618 obsignatio,
1187 3550 1248 3599 sea
1273 3527 1390 3597 altino
1416 3526 1630 3597 Benedictio.

704 3717 865 3801 Dominus
893 3726 1008 3803 noster
1033 3714 1134 3788 lesus
1162 3716 1313 3790 Christus
1347 3717 1400 3786 cui
1425 3718 1698 3801 ministravimus,
1726 3737 1824 3809 quern
1851 3717 1967 3789 sensi-

543 3814 564 3860 ⁵
602 3855 674 3904 mus
692 3840 734 3916 ,et
760 3831 998 3904 honoravimus
1026 3835 1057 3902 in
1085 3835 1252 3929 mysteriis
1279 3836 1348 3905 suis
1374 3831 1572 3927 praeclaris,
1600 3834 1735 3920 sanctis,
1761 3830 1967 3904 vivificanti-

600 3947 663 4018 bus
691 3957 724 4018 ct
751 3947 883 4035 divinis,
911 3947 1030 4039 dignos
1057 3950 1131 4043 ipse
1158 3970 1220 4021 nos
1247 3949 1367 4020 efficiat
1392 3946 1501 4039 gloria
1524 3947 1694 4043 splendida
1721 3951 1818 4038 regni
1844 3949 1905 4033 sui,
1933 3958 1968 4019 et

601 4062 724 4134 laetitia
752 4084 824 4133 cum
851 4055 991 4154 hugelis
1020 4066 1088 4136 suis
1116 4067 1258 4151 sanctis,
1291 4074 1325 4135 et
1360 4063 1403 4136 ad
1437 4062 1668 4136 confidentiam
1700 4084 1815 4136 coram
1843 4086 1906 4152 eo,
1931 4073 1967 4136 ut

601 4190 726 4251 stemus
753 4178 795 4250 ad
822 4181 894 4269 ejus
922 4178 1105 4251 dexteram.
1159 4180 1201 4251 Et
1227 4202 1329 4275 super
1346 4182 1643 4272 congregationem
1661 4189 1808 4252 nostram
1823 4183 1967 4251 univer-

602 4316 674 4366 sam
700 4297 931 4367 miserationes
957 4304 991 4366 οι
1016 4296 1242 4369 misericordia
1270 4298 1343 4388 ejus
1369 4306 1530 4392 perpetuo
1558 4294 1780 4383 ellundantur,
1814 4317 1901 4366 nuno
1934 4304 1968 4366 et

602 4431 747 4505 semper,
774 4412 807 4481 iu
834 4409 979 4483 saecula.

1004 4684 1138 4757 Diebus
1163 4685 1354 4757 Dominicis
1380 4692 1415 4757 et
1441 4645 1582 4758 Fastis..

706 4873 783 4968 lpse
810 4875 864 4966 qui
890 4872 1060 4946 benedixit
1085 4896 1149 4947 nos
1175 4875 1328 4949 omnibus
1354 4873 1637 4949 benedictionibus
1650 4874 1792 4969 Spiritus
1818 4876 1852 4944 in
1878 4894 1967 4944 coe-

601 4986 654 5073 lis,
680 5010 742 5082 per
767 4989 882 5061 desum
916 4988 1079 5063 Christum
1112 4991 1288 5064 Dominum
1320 5002 1487 5080 nostrum,
1522 5001 1557 5062 et
1588 4992 1802 5085 praeparavit
1833 5011 1896 5064 nos
1923 4988 1966 5061 ad

602 5125 740 5194 reguum
768 5127 872 5191 suum,
899 5110 1101 5201 vocavitque
1126 5128 1190 5181 nos
1216 5108 1259 5180 ad
1284 5108 1373 5182 bona
1399 5105 1645 5197 desiderabilia,
1672 5128 1757 5200 quae
1778 5129 1843 5178 nec
1869 5107 1966 5196 desi-

601 5229 692 5308 nunt,
719 5243 783 5292 nec
809 5231 958 5314 percunt,
987 5225 1071 5294 sicut
1096 5222 1260 5318 pollicitus
1293 5235 1347 5295 est
1378 5224 1474 5297 uobis
1508 5226 1542 5293 in
1566 5221 1767 5321 Evangelio*
1781 5245 1843 5295 suo
1870 5226 1966 5295 vivi-

602 5333 731 5425 ficante,
761 5336 909 5432 dixitque
922 5341 1176 5431 congregationi
1190 5337 1387 5413 benedictae
1405 5338 1647 5436 Discipulorum
1663 5361 1829 5432 suorum:
1842 5342 1966 5439 Arnen,
2089 5384 2094 5398 ,
2154 5311 2159 5322 .
