5150 6534
760 856 1743 952 ionnnllrnnnlnncnnuue.
1877 860 1949 936 511

577 1066 663 1140 quae
690 1043 854 1116 destruxit
879 1053 1012 1116 noctem
1046 1046 1177 1137 peccati
1213 1055 1247 1115 et
1273 1048 1407 1133 mortis3
1442 1068 1483 1115 ea
1517 1049 1591 1141 ipsa
1624 1068 1686 1138 qua
1723 1044 1952 1121 celebraturus

577 1170 652 1233 orat
683 1160 880 1232 sacrificium
916 1158 978 1231 boc
1013 1159 1224 1251 religiosum,
1263 1170 1417 1254 tanquam
1451 1161 1628 1246 sacerdos,
1662 1186 1724 1256 pro
1758 1165 1952 1256 expiatione

578 1279 678 1347 totius
706 1275 830 1347 mundi:
866 1278 995 1370 accepit
1027 1267 1147 1371 panem
1176 1279 1208 1346 in
1236 1299 1353 1347 manns
1380 1299 1459 1348 suas
1488 1288 1639 1364 sanctas,
1674 1300 1760 1371 quae
1796 1278 1952 1351 mundum

573 1402 795 1478 creaverunt,
831 1401 865 1461 et
897 1391 1026 1464 levavit
1066 1391 1192 1463 vultum
1233 1392 1416 1486 placidum,
1454 1392 1496 1463 ad
1528 1393 1666 1465 excelsa
1703 1394 1874 1466 coelorum
1909 1394 1952 1466 ad

575 1508 721 1597 Patrem,
748 1510 1014 1599 gratiasagenS,
1041 1507 1225 1592 benedixit,
1253 1507 1532 1597 †sanctibcovit‚
1560 1516 1580 1590 †
1606 1508 1709 1600 fregit
1734 1516 1755 1591 †
1787 1508 1801 1546 ²
1828 1533 1949 1582 come-

577 1620 634 1711 dit,
662 1621 817 1715 deditque
844 1626 953 1695 coetui
987 1622 1227 1717 Apostolorum
1262 1635 1450 1695 sarrctorum
1480 1633 1512 1694 et
1539 1624 1637 1695 dixit:
1664 1625 1829 1719 Accipite,
1862 1625 1950 1696 edite

576 1759 623 1809 ex
650 1760 704 1822 eo,
731 1737 805 1809 lloc
831 1748 883 1809 est
910 1760 1033 1832 corpus
1060 1760 1168 1809 meum
1196 1760 1326 1826 verum,
1354 1739 1441 1832 quod
1468 1762 1530 1834 pro
1558 1742 1627 1810 vita
1655 1748 1688 1808 et
1715 1738 1821 1811 salute
1850 1743 1948 1812 totius

575 1852 708 1924 humani
735 1856 882 1945 generis,
908 1851 1072 1945 frangitur
1100 1864 1132 1924 et
1160 1853 1254 1923 datur
1282 1854 1324 1924 ad
1345 1858 1571 1949 expiationem
1597 1855 1803 1946 delictorum,
1831 1867 1863 1928 et
1890 1859 1951 1928 vi·-

572 1978 641 2039 tam
670 1978 848 2040 aeternam.
1515 1951 1527 1973 '

678 2083 840 2176 Populus.
894 2087 1011 2157 Amen.

678 2198 863 2271 Sacerdos.
930 2202 977 2272 lta
1019 2205 1117 2272 etiam
1154 2194 1294 2270 calicem
1327 2200 1455 2272 miscuit
1491 2202 1570 2269 vino
1605 2211 1638 2270 et
1670 2223 1755 2293 aqua
1794 2204 1947 2294 mystice,

573 2326 749 2411 postquam
785 2315 902 2387 reiecit
933 2338 995 2388 eos
1029 2320 1061 2386 in
1097 2337 1212 2386 mensa
1248 2317 1353 2402 vitae,
1389 2317 1515 2406 gratias
1550 2316 1634 2405 egit,
1661 2322 1682 2396 †
1710 2314 1948 2404 benedixitq-

573 2430 810 2519 sanctificavit,
848 2438 868 2512 †
909 2442 943 2502 et
976 2431 1066 2502 dedit
1100 2440 1228 2501 turmae
1263 2429 1503 2525 Apostolorum
1540 2440 1746 2518 sanctorum,
1781 2441 1814 2501 et
1846 2430 1946 2503 dixit:

572 2546 736 2641 Accipite,
763 2546 867 2619 bibite
894 2571 939 2618 ex
967 2569 1009 2618 eo
1035 2569 1100 2617 vos
1130 2569 1265 2618 omnes:
1293 2546 1356 2617 llic
1382 2557 1435 2617 est
1461 2549 1598 2637 sanguis
1625 2568 1717 2617 meus
1744 2549 1844 2618 vivus
1871 2548 1947 2620 Te-

571 2666 725 2735 stamenti
757 2661 864 2751 Novi,
906 2666 959 2756 qui
994 2662 1168 2733 effunditur
1201 2685 1263 2755 pro
1297 2660 1403 2732 salute
1438 2664 1535 2731 totius
1563 2659 1692 2747 mundi,
1726 2671 1769 2766 et¹
1794 2684 1855 2736 eus
1893 2668 1948 2758 qui

571 2776 714 2849 credunt
739 2780 773 2847 in
799 2799 852 2848 me
880 2788 1060 2872 praeparat
1087 2777 1128 2848 ad
1155 2780 1259 2848 vitam
1286 2787 1466 2846 aeternam.

572 2929 577 2938 ·
676 2890 838 2983 Populus.
891 2893 1010 2964 Amen.
1082 2982 1085 2986 ⁴

677 3006 860 3078 Sacerdos.
912 3008 957 3079 Et
983 3011 1099 3078 iterum
1128 3007 1297 3079 admonuit
1310 3029 1370 3079 oos
1398 3006 1529 3077 dicens:
1558 3009 1830 3102 quotiescumque
1857 3031 1946 3081 con-

571 3123 806 3218 gregabimini,
834 3134 867 3194 et
892 3122 1134 3194 Eucharistiam
1162 3121 1248 3193 banc
1266 3121 1442 3213 frangetis,
1468 3124 1819 3195 commemorationem
1830 3127 1946 3195 mortis
2058 3214 2060 3218 Ι
2119 3112 2122 3115 ’

571 3262 668 3312 meaa
701 3238 929 3325 voluntariae,
958 3250 991 3310 et
1017 3241 1271 3309 resurrectionis
1306 3241 1413 3328 agetis
1441 3249 1474 3308 et
1508 3236 1731 3327 renovabitis,
1764 3261 1872 3332 neque
1911 3243 1945 3310 in

525 3389 533 3412 ν
572 3355 775 3429 oblivionem
804 3354 896 3426 abire
924 3358 1048 3439 sinetis,
1077 3353 1185 3425 donec
1210 3356 1354 3424 veniam.

574 3525 577 3530 .
673 3470 835 3563 Populus.
888 3470 1006 3542 Mortis
1035 3480 1122 3552 tuae,
1151 3479 1213 3539 etc.

675 3586 859 3656 Sacerdos.
914 3585 1037 3657 Oculos
1070 3588 1170 3675 igitur
1201 3587 1356 3655 morutium
1388 3595 1574 3656 nostrarum
1614 3583 1884 3656 circumferentes
1912 3567 1975 3656 in*
2072 3603 2075 3610 ·

571 3701 744 3797 periodum
771 3701 979 3797 praeclaram
1007 3700 1263 3794 dispensationis
1279 3708 1355 3771 tuae
1382 3699 1534 3772 salutaris
1562 3712 1698 3793 propter
1723 3698 1944 3788 uus,Christa

529 3849 534 3856 ·
570 3816 664 3890 Deus
698 3824 832 3904 noster,
867 3818 1066 3887 admiramur
1093 3826 1126 3886 ct
1153 3828 1343 3910 stupemuS,
1376 3823 1474 3907 atque
1508 3824 1662 3908 quantum
1694 3815 1858 3910 possibile
1893 3826 1945 3888 est

570 3934 751 4012 infirmitati
770 3942 908 4004 naturae
935 3942 1080 4018 nostrae,
1109 3930 1298 4017 adorantuS,
1325 3933 1450 4019 gratias
1479 3933 1608 4021 agimus
1642 3940 1675 4001 et
1707 3930 1942 4022 glorificamus.

571 4049 751 4121 Praeterea
785 4052 881 4120 etiam
916 4046 1092 4118 adventum
1128 4057 1217 4118 tunm
1245 4045 1423 4117 secundum
1460 4055 1589 4117 terrore
1625 4045 1757 4140 plenum
1791 4068 1943 4117 comme-

571 4186 751 4248 moramus,
779 4163 911 4258 quando
940 4185 985 4233 ex
1012 4165 1140 4233 oriente
1167 4161 1337 4233 coelorum
1366 4172 1495 4232 tuorum
1511 4161 1736 4247 excelsorum,
1763 4164 1848 4232 sicut
1872 4161 1944 4233 ful-

570 4299 634 4370 gur
660 4279 805 4350 validum
833 4280 1010 4364 exorieris,
1040 4287 1073 4348 et
1099 4275 1302 4348 habitatores
1327 4275 1429 4363 orbis
1457 4299 1518 4370 per
1534 4298 1694 4347 summam
1720 4275 1943 4348 fortitudinem

570 4402 658 4466 tuam
687 4397 947 4466 contremiscere
973 4393 1089 4478 iacias,
1117 4391 1249 4484 quando
1277 4391 1374 4477 coeli,
1402 4402 1480 4462 nutu
1503 4389 1677 4461 levissimo
1704 4400 1760 4464 tuo
1788 4401 1943 4485 tanquam

569 4509 727 4580 volumen
755 4507 1050 4604 complicabuntur,
1078 4517 1111 4578 et
1138 4507 1296 4578 coelestis
1330 4506 1422 4578 orbis
1456 4510 1490 4576 in
1522 4505 1775 4577 conturbatione
1809 4529 1943 4598 magne,

570 4646 591 4697 a
623 4622 735 4695 veloci
769 4635 860 4695 motu
894 4645 955 4695 suo
989 4625 1165 4694 consistet:
1206 4621 1338 4715 quando
1371 4631 1462 4693 astra
1495 4644 1541 4692 ex
1577 4620 1756 4715 splendore
1796 4623 1942 4691 maximo
2068 4707 2070 4711 Ι

568 4738 737 4811 radiorum
774 4749 904 4811 tuorum
936 4735 1201 4810 obscurabuntur
1242 4748 1276 4808 et
1318 4735 1567 4808 tenebrescent:
1608 4735 1837 4831 elementaque
1878 4734 1943 4807 sibi

567 4858 736 4928 cannaria
763 4857 795 4925 in
823 4853 955 4924 nibilum
982 4875 1048 4923 uno
1076 4856 1197 4946 impetu
1225 4861 1393 4939 corruent,
1420 4861 1455 4923 et
1480 4851 1648 4923 decident:
1681 4851 1812 4945 quando
1839 4872 1942 4922 mon-

568 4979 621 5043 los
647 4970 688 5043 ab
716 4969 942 5061 indignatione
968 4980 1023 5040 tua
1051 4965 1191 5059 fugient,
1218 4978 1251 5039 et
1278 4990 1423 5062 corpora
1456 4965 1537 5036 dura
1572 4975 1606 5036 et
1633 4987 1718 5060 quae
1753 4969 1815 5038 vix
1841 4965 1942 5038 dividi

568 5096 721 5179 possunt,
747 5096 902 5179 tanquam
929 5106 1008 5154 cera
1035 5104 1151 5154 coram
1178 5082 1301 5154 ardore
1328 5093 1384 5154 tuo
1411 5081 1649 5153 dissolventur:
1682 5082 1815 5175 quaudo
1842 5080 1941 5153 tubae

567 5203 849 5273 resurrectionem
876 5197 1064 5270 terribiliter
1090 5197 1258 5290 clangent,
1285 5207 1320 5268 et
1338 5195 1491 5292 sepulcra
1504 5198 1704 5289 aperientur,
1731 5217 1942 5291 corporaque

568 5314 602 5385 in
629 5317 679 5386 eis
706 5318 816 5410 posita
841 5316 1042 5386 emittentur:
1076 5311 1208 5407 maudo
1239 5311 1387 5386 inleruus
1413 5321 1564 5384 mortuos
1598 5312 1632 5383 iu
1665 5310 1722 5385 illo
1759 5314 1942 5386 seminatos
