5150 6534
769 806 817 878 62
1142 803 1760 882 OBSERVATIONES

767 988 804 1048 ad
828 994 1002 1049 ornamenta
1025 986 1169 1050 sumenda
1192 987 1317 1049 eaedem
1341 996 1425 1050 sunt:
1449 990 1543 1050 scitur
1572 1006 1665 1069 porro
1688 987 1808 1051 aliunde
1832 1007 1871 1050 ex
1893 989 1966 1070 ipsis
1991 987 2137 1070 Syrorum

766 1085 867 1162 libris,
899 1095 931 1148 et
961 1105 1001 1147 ex
1024 1087 1249 1166 comparatione
1273 1087 1450 1166 disciplinae
1477 1089 1661 1169 reliquarum
1691 1087 1895 1150 Ecclesiarum
1926 1086 2138 1162 Orientalium

768 1185 950 1247 Sacerdotes
981 1191 1012 1246 et
1046 1184 1198 1248 Diaconos
1228 1186 1264 1246 ad
1296 1187 1450 1247 ministerii
1484 1186 1666 1248 lunationem
1696 1203 1756 1248 uon
1786 1186 1953 1264 accedere,
1988 1189 2046 1251 nisi
2069 1205 2139 1250 cum

767 1283 902 1346 restibus
926 1283 1029 1345 Ordini
1052 1303 1108 1347 suo
1132 1285 1389 1348 convenientibus.
1414 1286 1525 1347 Preces
1550 1287 1640 1367 igitur
1663 1303 1738 1364 quas
1753 1284 1882 1348 Codices
1905 1285 1946 1348 illi
1970 1287 2138 1366 assignant,

766 1384 803 1444 ad
828 1384 893 1444 illas
916 1382 1093 1462 induendas
1116 1393 1274 1465 postquam
1299 1383 1400 1446 oblata
1423 1384 1461 1445 ad
1484 1384 1579 1446 altare
1602 1384 1683 1445 illata
1705 1393 1771 1458 est,
1805 1403 1860 1446 suo
1891 1384 1958 1447 loco
1982 1402 2042 1447 nou
2066 1404 2138 1448 esso

765 1483 881 1562 positas
904 1482 1107 1563 intelligimus,
1131 1492 1222 1563 atque
1247 1484 1286 1544 ita
1310 1483 1348 1545 de
1372 1483 1506 1563 reliquis,
1531 1502 1597 1544 cmn
1620 1501 1724 1545 ornnes
1749 1484 1795 1544 ad·
1809 1501 1899 1544 unum
1917 1482 2005 1544 ritum
2027 1481 2139 1546 referri

765 1583 838 1644 satis
860 1581 1056 1664 intelligatur.

1222 1841 1278 1910 Dc
1306 1841 1405 1911 Puuc
1432 1840 1686 1911 Errebarislice.

494 2069 568 2118 tuuis
585 2067 753 2121 Eucharisrici
867 2053 920 2128 Da:
943 2080 980 2124 eo
1003 2061 1093 2122 multa
1116 2061 1242 2122 diximus
1266 2063 1295 2122 in
1320 2061 1540 2124 Cuuunentario
1565 2060 1602 2123 ad
1634 2060 1775 2141 Copticas
1798 2060 1966 2142 Litargias;
1990 2065 2139 2141 quaedam

443 2157 515 2205 curm
534 2156 643 2206 nonuna.
767 2166 804 2228 ad
828 2166 922 2247 Syros
945 2165 1071 2226 inanime
1094 2165 1275 2245 pertinentia
1305 2165 1353 2225 bic
1381 2164 1558 2226 referemus.
1603 2164 1636 2225 la
1667 2163 1770 2225 Ollicio
1801 2163 1911 2226 Romae
1939 2163 2038 2243 edito,
2068 2185 2140 2232 cum

718 2267 726 2280 '
767 2266 906 2328 rubricae
930 2264 1080 2326 Arabicae
1102 2265 1171 2340 sint,
1195 2272 1357 2343 usurpatur
1379 2283 1440 2326 vox
1464 2274 1570 2352 preat:
1593 2261 1768 2338 Burscbnn,
1798 2280 1875 2342 quae
1905 2263 1983 2324 inter
2006 2263 2142 2330 Christi-

769 2383 855 2444 anos,
879 2382 987 2444 panem
1011 2363 1230 2424 consecrationi
1254 2362 1431 2424 destinatum
1456 2363 1621 2443 significat,
1654 2363 1788 2439 quamvis
1819 2361 1916 2422 rarior
1946 2363 2028 2424 vocis
2056 2365 2139 2430 illius

767 2482 840 2526 usus
862 2466 911 2542 sit,
935 2482 992 2524 nec
1015 2461 1065 2522 illa
1089 2462 1180 2543 vulgo
1203 2463 1233 2521 in
1257 2462 1385 2540 antiquis
1409 2460 1491 2522 libris
1515 2462 1693 2542 reperiatur.
1739 2459 1868 2540 Etymon
1896 2469 1943 2522 sat
1973 2461 2139 2526 obscurum

767 2571 825 2637 cst,
848 2563 903 2624 sed
927 2580 993 2622 cum
1017 2559 1095 2621 illam
1117 2561 1312 2640 peregrinam
1334 2578 1402 2620 esse
1426 2567 1556 2637 coust-ct,
1581 2558 1706 2621 formata
1724 2566 1770 2620 est
1792 2559 1899 2637 procul
1915 2558 2005 2621 dubio
2022 2577 2039 2620 a
2056 2578 2139 2624 voce

768 2663 884 2722 Graeca
908 2645 1051 2743 ὠταρχὴ,
1075 2677 1152 2738 quae
1176 2660 1205 2719 in
1229 2658 1362 2738 Copticis
1386 2658 1469 2720 libris
1492 2677 1585 2739 saepe
1624 2659 1771 2735 occurrit,
1800 2658 2006 2737 primitiasque
2036 2658 2140 2738 signi-

765 2759 848 2820 ficat:
874 2758 997 2819 Oblatas
1020 2756 1189 2836 aliquando.
1226 2758 1341 2818 Vocant
1364 2759 1457 2836 prirna
1480 2756 1597 2837 syllaba
1613 2756 1834 2818 decurtatarum
1858 2755 1895 2817 ub
1920 2754 2139 2836 Orientalibus,

766 2857 905 2937 exernpla
928 2857 1019 2918 nurlta
1042 2864 1122 2930 stunt,
1146 2864 1176 2915 ut
1200 2855 1272 2916 illud
1296 2856 1412 2930 lr'olodi,
1436 2855 1516 2935 quud
1540 2864 1621 2917 extat
1652 2857 1682 2916 iu
1711 2855 1805 2918 Scalis
1836 2853 2140 2936 Coptico-Arabicis,

764 2975 821 3037 pru
839 2942 1047 3037 Ειῖχολόγιον.
1086 2977 1107 3032 χ
1123 2955 1270 3015 Graecum
1282 2953 1400 3016 Arabos
1417 2955 1659 3034 frequentissime
1683 2973 1738 3034 per
1761 2973 1847 3015 suum
1864 2955 1948 3015 sedin
1962 2954 2138 3032 exprimere

764 3055 874 3132 solent,
898 3056 938 3116 ita
961 3054 1145 3115 Scbortonic
1167 3054 1278 3122 dicuat,
1302 3073 1357 3133 pru
1381 3047 1572 3136 χειροτονία.
1617 3052 1806 3114 Seliaroubiu
1827 3069 1884 3132 pro
1914 3050 2081 3131 coenabat,
2107 3061 2140 3116 et

765 3155 823 3216 alia
846 3173 907 3215 uon
930 3171 1035 3233 pauca.
1079 3152 1126 3214 Ex
1143 3153 1315 3215 accusativo
1339 3155 1430 3234 igitur
1454 3153 1589 3214 lecerunt
1606 3151 1758 3214 Burscbiu
1782 3153 1851 3231 quia
1876 3151 1992 3212 literam
2013 3152 2053 3212 11
2072 3169 2138 3214 non

764 3253 875 3315 babent
897 3253 1024 3314 Arabes.

477 3356 582 3420 Syrtica
601 3358 710 3412 dit-eiua.
853 3352 910 3414 Sed
935 3353 1053 3412 nonuua
1078 3351 1201 3432 Syriaca
1223 3351 1310 3430 paais
1333 3349 1530 3412 Euclmristici
1555 3350 1636 3410 uaria
1660 3356 1744 3410 suut:
1769 3351 1917 3429 integrum
1941 3349 2060 3428 quidem
2077 3367 2140 3432 pa-

765 3472 834 3514 nem
858 3460 973 3538 ntl'ttp
997 3450 1160 3511 lione-benc
1182 3457 1302 3524 vocant,
1327 3449 1523 3525 Oblatiuueru,
1547 3457 1579 3511 ut
1603 3449 1698 3510 nostri
1720 3447 1816 3509 Latini
1840 3455 1961 3510 veteres
1985 3447 2140 3528 Oblatum,

766 3551 874 3612 Graeci
902 3537 1112 3632 llpocpopcir:
1142 3546 1302 3626 aliquando
1335 3547 1509 3627 simpliciter
1539 3558 1642 3614 mttm't
1660 3530 1755 3614 memb
1782 3547 1895 3607 Partem
1918 3546 2139 3610 Sacramentu-

764 3669 833 3710 rum
861 3649 926 3709 siro
955 3649 1163 3728 arrystcriormu
1193 3657 1331 3714 sanetae
1360 3648 1481 3708 Pcra'sto
1511 3658 1615 3736 att'tbp
1640 3647 1763 3721 h'atuo,
1795 3663 1872 3725 quac
1901 3663 1995 3708 voces
2027 3665 2139 3726 panem

766 3765 887 3827 quoque
910 3744 1088 3829 significant,
1113 3752 1142 3805 ct
1166 3747 1260 3824 prima
1283 3746 1398 3808 illarum
1421 3747 1534 3828 legitur
1556 3748 1585 3807 in
1608 3747 1751 3808 versione
1765 3746 1894 3806 Actuum
1918 3743 2138 3824 Apostolorum

765 3866 791 3908 c.
816 3845 846 3907 2.
870 3864 900 3909 r.
923 3845 974 3907 to.
1004 3843 1054 3905 ubi
1079 3843 1212 3905 Graecus
1244 3844 1350 3906 Codex
1377 3845 1467 3908 babet
1490 3836 1594 3930 ἄρτον.
1624 3853 1654 3907 et
1683 3845 1783 3905 Lucae
1811 3841 1858 3905 l2.
1882 3843 1933 3906 42.
1968 3845 2139 3924 respondet

765 3946 833 4006 roci
856 3938 1072 4028 Σιτομὲτριον.

853 4044 935 4105 llaec
959 4061 1051 4122 porro
1075 4043 1196 4104 uomina
1218 4042 1289 4104 l’aui
1314 4044 1521 4105 ctrrrsecrando
1551 4044 1675 4120 diruatur,
1705 4049 1864 4121 autequam
1893 4040 1931 4102 ad
1961 4040 2056 4102 altare
2080 4041 2138 4102 in-

766 4142 897 4218 seratur,
935 4160 1002 4203 nam
1031 4141 1079 4201 ubi
1111 4141 1233 4220 primam
1271 4142 1511 4204 benedictionem
1542 4143 1675 4221 accepit,
1706 4141 1793 4202 aliter
1823 4147 1854 4201 et
1888 4138 2007 4218 quidem
2036 4138 2138 4200 multis

764 4241 932 4301 rrunrinibus
970 4239 1148 4320 appellatur.
1199 4239 1372 4301 Nestoriaui
1405 4241 1582 4321 praesertim
1620 4246 1728 4302 vocant
1758 4250 1859 4306 riam
1884 4238 2138 4318 primopenituar;

764 4339 911 4400 allusione
935 4338 1013 4398 larcta
1037 4338 1074 4399 ad
1104 4337 1254 4400 Christum
1276 4339 1507 4420 primogenitum
1531 4340 1626 4400 otnnis
1650 4346 1823 4401 creaturae:
1858 4337 1905 4400 alii
1928 4335 2054 4417 Apicum.
2102 4335 2138 4398 ln

763 4437 872 4498 Rituali
902 4437 1094 4512 Colbertino,
1130 4444 1160 4497 et
1187 4436 1283 4498 altero
1314 4437 1471 4500 Boderiaui
1494 4446 1621 4500 vocatur
1643 4449 1739 4510 trunto
1762 4437 1890 4516 sipilbuu
1912 4453 1967 4497 seu
1989 4427 2141 4517 Σφραγὶς

764 4544 815 4598 aiut
838 4548 958 4611 mnyzto
982 4534 1062 4615 quod
1085 4535 1163 4595 idem
1187 4544 1242 4596 est.
1288 4536 1409 4598 Scalde
1438 4539 1559 4618 integra
1583 4535 1689 4598 Oblata
1713 4555 1775 4597 vox
1798 4535 1847 4595 illa
1870 4552 1930 4595 non
1954 4539 2001 4594 ost
2021 4529 2140 4592 intelli-

763 4635 875 4717 genda.
921 4635 958 4695 Ut
980 4635 1058 4695 caim
1082 4633 1207 4709 Graeci,
1241 4636 1280 4696 ita
1305 4637 1391 4715 Syri,
1427 4654 1533 4715 pamm
1562 4635 1657 4716 qualis
1691 4653 1782 4715 supra
1814 4633 1983 4710 descriptus
2012 4637 2076 4708 est,
2105 4628 2140 4690 in

764 4734 871 4796 multas
897 4741 998 4814 partos
1022 4733 1167 4808 dividunt,
1190 4752 1314 4813 (querum
1337 4753 1395 4794 uua
1418 4737 1513 4814 ruajor
1537 4743 1599 4810 est,
1623 4741 1652 4794 ct
1675 4734 1790 4808 media,
1819 4731 2022 4810 majoremque
2045 4745 2140 4810 quam

764 4833 901 4912 reliquae
930 4839 1049 4912 pauteS,
1085 4849 1204 4892 crucem
1235 4833 1408 4911 impressam
1441 4833 1540 4896 lmluct.
1587 4833 1659 4893 Cum
1691 4834 1769 4893 enirn
1797 4849 1853 4892 unu
1889 4838 2001 4892 tautum
2032 4827 2139 4888 crucis

764 4933 861 5011 ligura
884 4931 922 4992 sit
946 4932 975 4991 in
999 4929 1113 4990 Oblatis
1137 4929 1244 4990 Graeci
1267 4931 1352 5010 ritus
1377 4931 1406 4992 iu
1430 4931 1555 5012 Syriaco
1579 4941 1647 4993 suut
1672 4931 1858 5010 inultiplices.
1901 4929 1997 5009 blajor
2020 4926 2050 4988 in
2067 4943 2140 4986 me-

765 5031 815 5091 dio
838 5031 921 5091 disco
947 5029 1129 5103 credecatur,
1159 5036 1188 5088 et
1218 5031 1352 5106 (litaturis
1382 5030 1535 5092 divisionis
1564 5032 1594 5091 iu
1623 5030 1786 5110 particulas
1817 5030 1928 5090 mentio
1960 5025 2039 5088 nulla
2074 5023 2140 5100 liat,

765 5128 844 5189 illam
869 5137 966 5190 tamen
990 5127 1146 5189 obseruari
1169 5128 1247 5207 apud
1271 5129 1364 5207 Syros
1393 5130 1513 5191 rubrica
1538 5137 1680 5208 testatur,
1704 5147 1771 5190 cum
1795 5127 1959 5208 praecipit,
1991 5142 2050 5205 qua
2080 5141 2141 5184 ra-

765 5228 845 5288 tione
876 5228 975 5310 sigilla
1008 5227 1064 5288 alia
1093 5227 1208 5288 nrincra
1242 5228 1272 5288 in
1304 5227 1387 5289 disco
1421 5236 1648 5323 couqrouautur.
1694 5226 1737 5288 lta
1769 5228 1846 5287 cuim
1877 5223 1973 5305 accipi
2002 5241 2062 5285 vox
2085 5221 2140 5286 illa
