5150 6534
993 799 1612 958 s.n10soon1nr1scor1,a.
1904 869 1979 944 aaa
2088 831 2093 841 ’

609 1046 834 1139 celebrabitis,
861 1048 987 1121 credite
1015 1060 1048 1121 et
1074 1052 1156 1121 certi
1183 1058 1303 1135 estote,
1331 1048 1419 1144 quod
1447 1071 1493 1120 ex
1521 1073 1665 1145 corpore
1685 1075 1760 1125 meo
1775 1056 1980 1128 manducatis

609 1177 643 1239 et
668 1168 797 1238 vivitis:
825 1175 858 1236 et
885 1188 931 1236 ex
958 1168 1120 1257 sanguine
1147 1186 1222 1236 meo
1254 1164 1377 1252 bibitis,
1405 1164 1446 1235 ad
1475 1170 1699 1259 expiationem
1728 1169 1919 1242 delictorum
1949 1183 1982 1242 et

579 1269 840 1353 'remissionem
867 1290 1089 1376 peccatorum.
1143 1279 1186 1349 llt
1218 1277 1300 1349 haec
1333 1284 1441 1349 omma
1468 1279 1678 1374 perficientes
1712 1295 1914 1356 mementote
1948 1297 1981 1356 et

607 1397 956 1468 cbmmemorationem
990 1395 1090 1467 facite
1122 1398 1256 1480 mortis,
1292 1394 1482 1490 sepulturae
1515 1407 1548 1466 et
1582 1402 1836 1471 resurrectionis
1872 1422 1980 1487 meae,

606 1511 716 1585 donec
741 1514 885 1582 veniam.

712 1623 873 1719 Populus.
926 1626 1045 1698 blortis
1073 1636 1148 1696 tuae
1175 1624 1318 1695 Domine
1344 1625 1538 1694 memoriam
1567 1628 1706 1715 agimus.

712 1741 888 1812 Sacerdos
915 1742 1051 1813 clevans
1076 1762 1202 1810 nocem.
1262 1737 1334 1809 Nos
1362 1748 1471 1809 autem
1498 1751 1696 1833 peccatores
1724 1753 1757 1812 et
1784 1745 1978 1839 insipientes

608 1860 700 1931 servi
727 1860 786 1946 tui,
809 1860 904 1948 juxta
934 1857 1088 1928 mandata
1116 1869 1169 1926 tua
1197 1866 1325 1942 sancta,
1353 1858 1703 1926 commemorationem
1721 1858 1977 1952 dispensationis

608 1983 686 2044 tuae
713 1995 814 2068 super
840 1972 970 2044 tabulas
999 1975 1116 2043 mentis
1144 1982 1279 2044 nostrae
1302 1973 1510 2063 suscipimus,
1538 1979 1571 2040 et
1598 1976 1707 2042 omnia
1734 1972 1854 2045 ibidem
1882 1985 1979 2065 gesta

608 2092 719 2188 animo
746 2088 974 2177 revolventes,
1001 2099 1155 2181 tanquam
1190 2086 1429 2158 medicamenta
1464 2091 1612 2181 peccatis
1646 2089 1880 2180 extinguendis
1915 2114 1977 2161 sa-

606 2203 738 2292 lutaria,
765 2203 959 2275 vulneribus
981 2207 1105 2276 nostris
1125 2206 1339 2298 imponimus:
1367 2206 1620 2296 conceptionem
1634 2213 1719 2274 tuam
1739 2204 1976 2290 admirabilem,

607 2328 641 2390 et
668 2341 754 2412 quae
779 2317 894 2390 verbis
921 2323 1088 2391 enunciari
1115 2342 1182 2390 non
1217 2329 1344 2413 potest:
1378 2340 1593 2412 praecursum
1621 2319 1754 2408 Angeli,
1783 2331 1816 2391 et
1843 2343 1976 2393 annun-

606 2437 774 2505 tiationem
803 2438 983 2506 nativitatis
1017 2446 1108 2506 tuae:
1144 2435 1374 2506 formationem
1411 2445 1499 2504 tuam
1532 2432 1734 2521 mirabilem,
1770 2440 1976 2509 nativitatem

607 2571 693 2645 quae
720 2558 889 2645 stuporem
918 2551 1005 2621 dedit
1032 2548 1258 2644 superioribus
1287 2560 1320 2619 ct
1346 2547 1571 2637 inferioribus
1598 2571 1705 2642 neque
1733 2574 1752 2621 a
1767 2555 1975 2645 peritissimis

605 2663 867 2761 quibuscumque
895 2666 1058 2762 explicari
1085 2667 1211 2760 potuit,
1244 2677 1381 2760 propter
1408 2688 1503 2759 quam
1530 2664 1653 2755 Angeli
1681 2688 1754 2736 cum
1781 2669 1975 2740 Pastoribns

605 2777 778 2854 laudantes
806 2781 1053 2853 exultaverunt:
1088 2780 1180 2872 Magi
1213 2780 1416 2853 adorationis
1444 2790 1478 2850 et
1504 2801 1674 2850 munerum
1703 2782 1808 2853 ollicia
1837 2783 1974 2855 obtule-

605 2905 698 2988 rant3
724 2896 864 2968 infantes
892 2896 1020 2991 absque
1047 2896 1175 2968 macula
1199 2901 1393 2989 sanguinem
1410 2918 1503 2965 suum
1532 2917 1661 2989 purum,
1689 2908 1843 2992 tanquam
1872 2899 1974 2972 obla-

606 3014 730 3084 tionem
764 3012 1019 3107 acceptabilem,
1063 3016 1096 3082 in
1131 3035 1171 3083 ea
1207 3012 1407 3083 alludemnt:
1447 3009 1603 3101 legalium
1639 3014 1737 3081 etiam
1773 3012 1975 3087 oblationum

604 3125 801 3198 illationem:
830 3131 1052 3218 gestationem
1081 3149 1183 3222 snper
1208 3148 1325 3197 manus
1352 3129 1442 3198 senis
1471 3128 1593 3220 antiqui
1620 3126 1756 3214 dierum,
1785 3140 1818 3199 et
1845 3133 1973 3202 conin-

607 3246 785 3314 mationem
813 3264 927 3314 eorum
956 3247 1100 3313 omnium
1128 3264 1213 3335 quae
1248 3241 1290 3312 de
1325 3251 1358 3311 te
1385 3264 1405 3309 a
1430 3240 1607 3336 Prophetis
1644 3242 1729 3313 dicta
1763 3242 1909 3328 fuerant,
1941 3257 1975 3316 et

604 3369 728 3430 eventu
754 3357 983 3452 comprobata,
1011 3368 1110 3452 atque
1136 3356 1301 3451 completa
1320 3365 1411 3427 sunt:
1437 3354 1634 3451 baptismam
1662 3368 1751 3429 tuum
1779 3362 1810 3429 in
1825 3360 1973 3431 dordone

605 3483 753 3547 sanctum
781 3482 814 3544 et
840 3473 1097 3545 sanctificantem
1125 3477 1232 3543 omnia
1250 3474 1511 3568 mysteriaquae
1536 3494 1598 3566 per
1625 3472 1712 3542 illum
1739 3473 1837 3545 nobis
1865 3497 1972 3546 reve·

603 3587 669 3660 lata
697 3596 786 3659 sunt:
817 3592 978 3681 jejunium
1012 3583 1104 3659 tuum
1133 3588 1299 3674 divinum,
1332 3590 1574 3680 victoriamque
1610 3585 1652 3656 de
1688 3587 1822 3688 diabolo
1855 3591 1973 3682 rebelli

605 3712 713 3797 tnam3
749 3703 980 3777 miraculorum
1007 3715 1137 3775 tuorum
1165 3703 1351 3774 divinorum
1380 3706 1620 3797 operationem,
1648 3727 1734 3797 quae
1759 3703 1874 3775 verbis
1903 3730 1972 3777 ex-

604 3815 721 3916 plicari
748 3829 928 3913 nequeunt:
965 3819 1147 3890 Hosannae
1174 3829 1301 3905 cantus,
1334 3817 1516 3911 laudesque
1543 3828 1616 3889 tuas
1644 3841 1689 3888 ex
1716 3842 1776 3890 ore
1803 3820 1974 3892 infantium

602 3955 760 4030 purorum
787 3933 979 4006 decantatas
1008 3945 1057 4005 ter
1084 3956 1156 4005 cum
1194 3933 1351 4021 clamore,
1378 3957 1556 4028 puerorum
1583 3933 1765 4021 infantium,
1793 3944 1827 4004 et
1853 3958 1972 4006 recens
2072 3986 2075 3992 -

602 4060 763 4138 natorum,
790 4051 949 4123 Hosanna
976 4054 1013 4120 in
1047 4049 1210 4135 excelsis,
1244 4048 1403 4120 llosanna
1431 4050 1496 4121 lilio
1524 4049 1650 4135 David,
1686 4049 1881 4121 benedictus
1918 4054 1973 4144 qni

603 4168 752 4237 venitin
778 4169 912 4237 nomine
939 4165 1085 4254 Domini,
1113 4164 1272 4236 Hosanna
1302 4168 1334 4234 in
1362 4166 1518 4236 excelsis.
1554 4163 1766 4236 Postmodum
1794 4177 1902 4236 autem
1930 4164 1973 4236 ad
2052 4246 2054 4255 Ι

602 4284 792 4376 passionem
820 4282 979 4354 adductus
1008 4303 1057 4368 es,
1084 4303 1146 4376 per
1173 4303 1269 4374 quam
1292 4282 1444 4367 Domine,
1471 4284 1645 4374 passiones
1673 4289 1805 4351 nostras
1833 4280 1971 4351 destru-

602 4398 702 4467 xisti:
729 4400 911 4468 sustinuisti
938 4420 1071 4469 cmcem
1098 4420 1159 4492 pro
1188 4396 1295 4467 salute
1321 4407 1455 4466 nostra:
1484 4394 1684 4467 descendisti
1711 4398 1743 4465 in
1771 4394 1971 4489 sepulcrum,

602 4520 638 4582 nt
664 4511 812 4606 sepultos
839 4512 1085 4599 consolareris,
1118 4511 1317 4605 solvistique
1344 4532 1405 4581 eos
1432 4515 1487 4604 qui
1513 4513 1615 4581 vincti
1644 4520 1739 4579 erant
1766 4532 1785 4580 a
1813 4509 1969 4596 saeculo:

601 4628 778 4697 surrexisti
804 4632 900 4699 tertia
928 4626 993 4716 die,
1020 4627 1200 4722 discipulos
1220 4624 1434 4713 confirmasti,
1462 4626 1639 4698 ascendisti
1656 4628 1688 4695 in
1705 4625 1854 4698 coelam:
1883 4624 1969 4697 dona

602 4739 755 4831 divisisti,
783 4743 907 4839 Spiritu
934 4753 1049 4815 sancto
1078 4744 1264 4839 Apostolos
1299 4755 1374 4814 tuos
1402 4741 1597 4837 implevisti,
1634 4753 1668 4813 et
1699 4744 1817 4813 iterum
1846 4746 1876 4811 in
1904 4744 1968 4814 ime

598 4865 760 4930 venturus
788 4881 825 4931 es
853 4858 895 4928 ad
921 4864 1100 4931 universae
1120 4862 1228 4930 carnis
1250 4881 1393 4929 examen
1412 4857 1657 4947 instituendum,
1685 4869 1718 4927 et
1744 4857 1786 4928 ad
1809 4854 1966 4946 judican-

599 4967 675 5043 dum
703 4970 820 5045 orbem
847 4977 880 5044 in
908 4977 1084 5067 aequitate.
1127 4972 1338 5046 Convertere
1364 4974 1507 5044 Domine
1534 4972 1576 5043 ad
1603 4971 1757 5067 poptdum
1786 4982 1886 5060 tuum,
1914 4977 1968 5065 qni

598 5090 699 5182 impie
726 5093 795 5179 egit
822 5113 935 5161 coram
965 5100 1008 5175 te,
1037 5098 1069 5160 et
1096 5091 1310 5159 reminiscere
1346 5091 1603 5181 promissionum
1631 5097 1759 5159 tuarum
1785 5088 1968 5174 veracium,

600 5201 788 5297 provehis
816 5226 906 5298 pono
935 5210 1077 5275 animam
1102 5227 1221 5275 meam.
1282 5203 1352 5275 Nos
1380 5208 1401 5274 ii
1429 5227 1541 5276 sumus
1567 5206 1730 5292 Domine,
1767 5206 1820 5297 qui
1848 5224 1983 5273 nomen

599 5327 689 5389 tuum
718 5330 867 5392 sanctum
894 5343 960 5393 non
989 5319 1249 5413 abnegavimus:
1278 5324 1332 5414 qui
1360 5320 1532 5413 signaculo
1559 5328 1614 5392 tao
1633 5321 1782 5415 pretioso
1802 5316 1969 5410 obsignati

1683 5437 1733 5508 65
1750 5436 1767 5471 ⁴*
