5150 6534
552 806 631 883 aaa
675 805 910 886 casulano
926 807 1198 885 rounmeuu
1211 806 1413 885 nuuoxum
1423 777 1836 887 nsenaenmmsrs.

552 989 671 1053 medani
693 990 813 1073 lmperii
834 990 1016 1071 Metropolin
1039 991 1129 1072 paulo
1151 998 1222 1071 post
1244 991 1467 1072 migraverunt,
1497 998 1529 1055 et
1551 1009 1657 1057 eorum
1680 992 1842 1075 exemplo,
1870 994 1928 1058 sed

552 1090 703 1172 aliquanto
726 1092 835 1168 serius,
858 1089 1018 1152 Melchitae
1040 1108 1095 1153 seu
1118 1088 1297 1153 Orthodoxi.
1346 1089 1421 1152 Cum
1444 1090 1594 1154 Catholici
1615 1107 1695 1153 nova
1717 1089 1850 1173 dignitas
1871 1094 1929 1156 sub

551 1187 720 1252 Justiniano
750 1189 937 1270 Imperatore
966 1189 1100 1250 instituta
1131 1188 1253 1262 luisset;
1282 1187 1404 1267 duoque
1439 1197 1543 1252 essent
1570 1207 1609 1253 eo
1638 1187 1725 1252 titulo
1754 1188 1928 1270 Antistites,

552 1307 629 1351 unus
651 1288 793 1368 Persidis,
816 1289 892 1351 alter
914 1284 1093 1361 Armeniae;
1123 1285 1332 1351 Antiochenus
1356 1287 1528 1352 Patriarcha
1550 1287 1685 1351 Graecus
1707 1305 1783 1349 snae
1806 1306 1929 1369 quoqne

551 1386 707 1450 Ecclesiae
731 1386 917 1458 Catholicum
939 1386 1074 1448 instituit.
1116 1385 1263 1461 Mittebat,
1285 1386 1382 1467 inquit
1403 1386 1489 1449 Nilus
1512 1386 1716 1467 Doxapatrius
1740 1384 1929 1450 Cablolicrm

552 1487 584 1546 in
598 1484 779 1565 irenopolim,
792 1484 987 1563 irenopoleos
997 1485 1119 1549 dictum.
1149 1471 1192 1545 K'
1211 1470 1284 1566 ᾆκεῖ
1304 1474 1367 1569 γὰρ
1389 1475 1540 1548 ἔστελλεν
1562 1475 1581 1547 ὁ
1598 1473 1796 1562 Ἀντιοχείας
1817 1484 1933 1545 καθο-

553 1572 642 1645 λικόν
664 1571 967 1668 εἶςΕἰρηνούπολιν,
988 1571 1047 1644 τὸν
1069 1572 1241 1665 λεγόμενον
1253 1573 1531 1666 Εἰρηνουπόλεως.
1561 1583 1623 1647 sed
1644 1582 1757 1646 fallitur
1778 1583 1806 1645 is
1828 1590 1927 1661 autor,

553 1682 622 1744 dnm
645 1682 772 1745 alterurn
794 1682 979 1747 Catholicum
1002 1700 1091 1762 quem
1114 1682 1323 1763 Ramopyreas
1350 1689 1451 1759 vocat,
1473 1684 1553 1745 mitti
1578 1683 1684 1746 scribit
1711 1682 1745 1744 ia
1773 1680 1927 1758 Persium,

283 1776 339 1832 utu.
366 1779 397 1832 δι
419 1796 540 1833 comeam
553 1789 582 1842 et
602 1779 797 1863 Babylonem,
821 1783 872 1843 eui
891 1800 971 1841 nanc
992 1798 1100 1842 momen
1121 1778 1240 1861 Bapda.
1275 1776 1346 1842 Kal
1367 1775 1431 1853 ἓως
1450 1778 1516 1843 τῶν
1536 1778 1595 1843 νῦν
1615 1763 1795 1841 καθολικὸν
1815 1798 1928 1865 χειρο-

283 1880 330 1919 ·⁶·
350 1863 377 1916 ⁹·
550 1878 653 1942 τονῶν
674 1868 880 1944 deliberabo
908 1865 1108 1956 καλούμενον
1126 1865 1354 1963 Ῥωμσγύρεως
1383 1874 1440 1942 καλ
1468 1867 1572 1965 αὐτὴν
1598 1866 1658 1964 τήν
1685 1872 1844 1963 Περσίαν,
1872 1870 1927 1942 ἔτι

550 1972 606 2039 καὶ
629 1965 731 2061 αὐτὴν
752 1965 810 2061 τὴν
831 1974 1016 2057 Βαβυλῶνα
1037 1965 1094 2062 τήν
1115 1975 1172 2039 νῦν
1193 1971 1395 2062 καλουμένην
1415 1975 1540 2061 Βαγδᾶ.
1569 1976 1703 2060 Bagdad,
1726 1982 1760 2038 ut
1782 1978 1936 2061 scribens

551 2075 619 2137 dum
643 2086 699 2154 est,
722 2077 760 2138 ab
783 2077 962 2166 Almansore
984 2078 1050 2158 ejus
1072 2075 1228 2139 conditore
1251 2076 1401 2157 appellata
1423 2076 1478 2140 luit
1494 2077 1627 2139 Medinet
1646 2075 1776 2137 elselatn.
1807 2074 1925 2139 Civitas

546 2177 646 2254 pacis,
669 2183 761 2256 atque
782 2175 859 2238 adeo
882 2194 942 2238 non
973 2175 1042 2238 alibi
1071 2176 1244 2258 quaerenda
1274 2162 1518 2259 Εἰρηνούπολνς.
1563 2174 1626 2237 Illic
1655 2173 1745 2235 etiam
1775 2172 1831 2237 luit
1860 2173 1924 2237 Ca-

550 2274 679 2335 tholicus
701 2274 916 2356 Romopyreos,
940 2274 1023 2354 quod
1045 2292 1155 2337 nomen
1178 2274 1248 2336 alibi
1263 2274 1426 2337 laailenon
1447 2275 1610 2355 reperitur,
1635 2272 1853 2353 formatumque
1876 2281 1930 2336 est.

550 2391 567 2433 a
590 2373 698 2446 licam,
721 2372 871 2452 quomodo
895 2373 1003 2436 Graeci
1025 2381 1173 2435 vocantur
1197 2373 1233 2435 ab
1257 2372 1420 2451 Arabibus,
1444 2382 1475 2435 et
1498 2373 1600 2453 Ypoar
1622 2390 1699 2452 quae
1722 2389 1786 2451 uox
1806 2370 1926 2433 Barba-

549 2489 602 2533 ros
627 2469 940 2533 Trans-Euiratenses
963 2472 1113 2553 significat
1135 2472 1258 2552 linguis,
1282 2471 1416 2533 moribus
1440 2480 1472 2534 et
1492 2471 1643 2555 religione
1666 2468 1837 2533 dissimiles.
1882 2470 1924 2532 At

549 2568 684 2653 Bagdadi
710 2571 810 2631 statim
838 2569 1086 2633 Nestorianorum
1122 2569 1296 2634 Catholicus
1333 2570 1530 2651 praecipuam
1559 2571 1749 2645 autoritatem
1785 2563 1943 2649 obtinuit,¹

550 2684 611 2730 non
633 2666 721 2729 modo
744 2667 774 2727 in
796 2684 879 2745 suos,
903 2668 1011 2731 sedin
1034 2670 1169 2750 reliquos
1200 2668 1403 2733 Christianos:
1436 2667 1505 2747 quia
1535 2666 1742 2729 bluhamedani
1767 2667 1839 2748 jura
1860 2667 1926 2731 Ea-

550 2765 727 2841 clesiarum,
762 2783 802 2825 ex
835 2767 1031 2843 possessione
1061 2766 1309 2831 determinabant.
1365 2766 1539 2828 Nestoriani
1566 2764 1804 2828 Christianorum
1834 2768 1925 2849 primi

549 2863 723 2945 Bagdadum
745 2868 903 2942 venerant,
927 2872 958 2927 et
980 2864 1042 2926 illic
1065 2866 1169 2928 sedem
1191 2864 1425 2927 Patriarchalem
1451 2881 1536 2925 suam
1558 2863 1785 2926 constituerant
1827 2862 1926 2929 Jaco-

548 2961 629 3025 hitae
653 2960 898 3025 Orthodoxorum
920 2963 1060 3043 exemplo
1084 2962 1269 3026 Catholicum
1300 2980 1422 3044 quoque
1444 2980 1531 3024 snum
1552 2961 1723 3024 habueruut
1751 2963 1783 3025 in
1810 2963 1926 3027 Antio·
1986 3023 1991 3035 ,

549 3063 646 3124 cheno
670 3060 890 3123 Patriarchatu:
914 3061 969 3123 sed
992 3062 1077 3143 cnjus
1100 3061 1191 3125 sedes
1215 3062 1357 3125 Takritae
1387 3061 1458 3140 luit,
1488 3059 1624 3122 urbisin
1646 3059 1755 3122 finibus
1776 3060 1927 3142 hiesopo·

550 3162 657 3223 lamiae
679 3159 821 3236 celebris,
845 3178 933 3240 qnam
956 3158 1103 3223 Catholici
1131 3160 1306 3243 dignitatem
1334 3161 1365 3220 in
1394 3158 1500 3222 eadem
1527 3158 1603 3221 urbe
1632 3158 1760 3221 obtinuit
1789 3160 1926 3223 Earums

549 3260 714 3323 secundum
735 3260 838 3321 varios
861 3258 992 3322 Codices
1014 3257 1180 3341 liturgiae,
1204 3276 1282 3339 quae
1312 3258 1355 3320 illi
1378 3258 1526 3321 tribuitur.
1575 3255 1684 3338 Longo
1713 3265 1821 3339 postea
1844 3265 1927 3322 tem·

548 3360 633 3438 poris
656 3357 815 3420 intervallo
839 3355 1007 3438 Gregorius
1031 3356 1245 3437 Abullaragius
1276 3375 1317 3418 ex
1340 3356 1471 3418 Historia
1494 3355 1707 3435 Dynastiarum
1730 3372 1748 3416 a
1770 3354 1925 3431 Pooocluio

548 3458 628 3520 edita
651 3466 682 3519 et
704 3459 900 3536 interpretata
923 3464 1028 3534 notus,
1059 3457 1089 3517 in
1118 3454 1223 3517 eadem
1254 3455 1328 3516 sede
1352 3453 1504 3516 ordinatus
1528 3460 1575 3514 est
1595 3450 1751 3531 diotrico:
1785 3469 1857 3515 narn
1885 3453 1926 3515 ita

547 3556 656 3618 deinde
680 3554 827 3617 Catholici
850 3554 950 3616 vocati
982 3555 1111 3617 suerunt.
1164 3552 1269 3633 ltaque
1301 3551 1475 3635 Bagdadum
1503 3551 1631 3631 simplex
1660 3550 1741 3630 apud
1766 3548 1926 3614 lacobitas

547 3655 747 3734 Episcopatus
769 3651 833 3726 fuit,
856 3671 945 3733 quam
967 3652 1094 3715 obtinuit
1116 3652 1141 3713 is
1165 3650 1203 3713 de
1227 3669 1287 3731 quo
1310 3652 1410 3732 agitur
1432 3649 1623 3713 Philoxenus.
1669 3649 1778 3729 Neque
1799 3647 1928 3733 bagda-

548 3753 616 3815 dum
647 3751 709 3813 ullo
745 3752 823 3813 inter
850 3750 1003 3813 Jacobitas
1032 3750 1168 3829 ampliori
1198 3749 1314 3812 honore
1338 3750 1455 3825 iloruit,
1491 3767 1557 3810 cum
1587 3766 1627 3809 ex
1656 3746 1749 3811 liaris
1777 3757 1809 3812 et
1839 3747 1928 3811 Amri

546 3850 795 3913 Nestorianorum
825 3849 949 3912 historia
981 3849 1146 3912 discamus:
1176 3848 1363 3914 Catholicum
1394 3848 1472 3910 illius
1501 3854 1605 3909 sectae
1635 3846 1742 3909 decem
1769 3849 1928 3929 subjectas

547 3948 604 4010 sibi
626 3948 812 4029 llletropoles
835 3947 987 4025 habuisse,
1011 3950 1090 4010 inter
1113 3965 1187 4028 quas
1210 3946 1347 4030 Bagdadi
1369 3947 1482 4009 mentio
1505 3945 1586 4008 nulla
1609 3953 1666 4010 est.

634 4045 799 4108 Observari
828 4053 929 4125 potest
958 4047 1152 4109 Philoxenum
1186 4047 1275 4107 istum
1311 4045 1398 4106 aliter
1431 4044 1611 4108 Eleazarum
1649 4050 1789 4106 vocatum
1815 4043 1928 4125 luisse,

548 4145 629 4225 quod
652 4163 762 4206 nomen
785 4143 969 4225 deposuerat
992 4164 1058 4207 cum
1080 4144 1249 4227 Episcopus
1282 4143 1487 4205 ordinaretur:
1517 4141 1547 4204 id
1577 4143 1655 4203 enim
1684 4159 1779 4223 saepe
1801 4141 1929 4225 lactum,

547 4243 734 4324 praesertim
751 4243 830 4324 apud
853 4243 948 4325 Syros
970 4243 1143 4317 Jacobitas,
1178 4249 1210 4303 ut
1233 4243 1311 4303 inter
1333 4241 1536 4322 Liturgiarum
1559 4248 1681 4303 autores
1703 4239 1839 4322 ignatias
1871 4260 1930 4305 re-

548 4341 681 4423 perimus
705 4340 735 4400 iu
758 4340 963 4404 Patriarchata
985 4341 1176 4424 appellatos,
1200 4359 1292 4402 unum
1318 4340 1369 4421 qui
1392 4341 1476 4420 prius
1505 4338 1673 4401 vocabatur
1699 4338 1817 4418 ioseph
1847 4339 1929 4405 lilius

547 4438 658 4501 Vahib:
682 4438 771 4499 alium
794 4439 844 4518 qui
866 4439 1001 4502 loannes
1025 4439 1103 4501 filius
1126 4439 1259 4514 lllaadni3
1289 4447 1319 4501 et
1342 4438 1427 4500 istius
1452 4439 1622 4501 mutationis
1645 4438 1759 4519 aliquot
1782 4437 1843 4499 alia
1867 4447 1931 4501 tarn

546 4539 579 4599 in
600 4535 805 4607 Alexandrina
828 4537 965 4617 historia,
989 4557 1078 4619 quam
1100 4539 1131 4598 in
1154 4537 1357 4613 Antiochena,
1380 4537 1518 4616 exempla
1541 4544 1620 4599 sunt.

501 4656 505 4659 ·
634 4633 667 4695 ln
690 4635 747 4698 ista
769 4637 904 4720 Litargia
927 4636 999 4699 nihil
1023 4636 1178 4720 singulare
1191 4636 1333 4709 occurrit,
1357 4636 1437 4716 quod
1461 4636 1663 4716 explicatione
1686 4635 1833 4719 indigeat,
1860 4654 1934 4701 curn

548 4732 585 4794 ad
609 4733 734 4795 aliarum
755 4735 946 4816 Syriacarum
968 4737 1043 4798 ritus
1065 4734 1211 4798 Jacohitis
1234 4732 1331 4795 forma
1354 4751 1504 4815 expressa
1527 4734 1575 4797 sit.

900 5086 1543 5136 ψ
