5150 6534
1023 806 1557 923 smunnnmsnonnm.
1796 797 1798 801 ⁸
1877 781 1969 922 'rm

607 1040 855 1124 quamnquam
881 1039 1103 1103 contemtores
1130 1033 1311 1123 majestatis
1339 1042 1416 1103 tuac
1441 1053 1506 1104 nos
1532 1035 1566 1103 iu
1592 1031 1749 1107 tenebras
1782 1037 1971 1108 exteriores

606 1147 749 1238 ejiciant.
802 1144 855 1217 No
881 1149 1093 1236 extinguatur
1125 1145 1235 1218 lumen
1266 1146 1454 1242 lampadum
1486 1157 1693 1236 nostrarum,
1725 1152 1771 1221 ita
1805 1160 1841 1220 ut
1874 1160 1971 1221 extra

606 1259 699 1334 fores
726 1260 858 1333 thalami
884 1260 1037 1355 nuptialis
1062 1265 1109 1333 tui
1135 1284 1376 1335 remaneamus.
1408 1262 1461 1335 Nc
1483 1266 1609 1355 justitia
1635 1274 1690 1336 tua
1717 1263 1815 1336 uobis
1842 1262 1972 1336 adver-

606 1386 713 1469 setur,
745 1399 855 1472 neque
887 1380 919 1447 in
952 1375 1108 1449 tenchrae
1141 1380 1346 1466 exteriores,
1379 1389 1413 1450 ct
1443 1379 1619 1451 stridorem
1653 1378 1796 1452 dentium
1832 1382 1973 1476 projecti

606 1495 799 1564 cruciemur.
860 1491 993 1564 Exhibe
1029 1493 1188 1564 auxilium
1220 1498 1351 1586 gratiae
1383 1505 1460 1566 tuae
1496 1517 1579 1585 erga
1619 1494 1775 1567 malitiam
1808 1506 1971 1569 nostram:

606 1607 736 1678 ellunde
761 1607 902 1703 pelagus
929 1610 1150 1680 miserationis
1177 1620 1253 1682 tuae
1280 1632 1381 1704 super
1407 1614 1585 1705 nequitiam
1610 1621 1777 1698 nostram,
1813 1622 1847 1684 et
1873 1611 1971 1684 ablue

605 1734 721 1796 nostra
748 1728 893 1796 crimina.
945 1724 1067 1796 Emitte
1099 1724 1331 1796 abundantiam
1362 1725 1557 1797 clementiae
1591 1738 1666 1799 tuae
1701 1738 1735 1799 et
1768 1731 1890 1802 amoris
1926 1732 1972 1799 tui

606 1861 690 1932 erga
716 1839 885 1935 homiues,
919 1851 953 1912 et
983 1838 1058 1911 dele
1085 1863 1170 1934 quae
1195 1844 1231 1911 iu
1256 1839 1354 1913 uobis
1381 1841 1459 1915 odio
1487 1842 1587 1933 digna
1614 1856 1704 1916 sunt:
1732 1847 1865 1917 contine
1892 1843 1971 1916 Do-

604 1960 695 2028 miue
720 1954 942 2028 fortitudinem
968 1965 1069 2043 mam,
1095 1964 1130 2027 et
1146 1953 1269 2027 blando
1292 1980 1374 2049 erga
1390 1979 1453 2030 uos
1472 1951 1609 2052 aspectu
1627 1969 1768 2032 mutetur
1787 1961 1969 2052 indignatio

605 2081 673 2163 tua,
698 2073 875 2167 vultusque
900 2074 948 2144 tui
973 2074 1186 2145 serenitatem
1212 2073 1404 2145 demonstra
1430 2072 1545 2161 uobis,
1570 2084 1605 2146 ut
1631 2078 1779 2149 victores
1806 2079 1840 2146 in
1867 2095 1969 2149 causa

606 2199 821 2286 peccatorum
847 2198 1036 2260 nostrorum
1062 2209 1176 2258 coram
1203 2188 1284 2259 sede
1310 2190 1491 2279 majestatis
1523 2198 1599 2261 tuae
1632 2213 1868 2286 appareamus:
1900 2213 1969 2262 nu-

605 2328 771 2378 meremur
807 2308 905 2377 etiam
937 2306 1021 2375 inter
1060 2313 1203 2375 vocatos
1237 2304 1279 2375 ad
1318 2327 1458 2397 regnum
1491 2309 1596 2392 tuum,
1631 2316 1664 2377 et
1696 2310 1782 2377 inter
1813 2310 1969 2379 invitatos

606 2420 851 2495 discumbentes
883 2421 970 2516 apud
1002 2430 1035 2491 le
1066 2418 1287 2503 collocemur,
1320 2429 1355 2490 et
1388 2420 1566 2515 splendore
1598 2421 1681 2509 lucis
1717 2431 1794 2492 tuae
1826 2424 1970 2493 eximiae

605 2561 680 2610 cum
706 2538 879 2633 voluptate
905 2536 1120 2632 perfruamm.
1154 2537 1338 2630 Propterea
1353 2535 1507 2608 Ecclesia
1534 2547 1588 2606 tua
1616 2549 1701 2625 orat,
1729 2547 1763 2607 et
1787 2559 1876 2629 grex
1895 2548 1969 2609 tuus

604 2655 813 2751 depreeatur,
839 2665 874 2726 et
899 2653 1039 2725 vocibus
1066 2649 1310 2746 triumphalibus
1339 2661 1372 2722 te
1398 2651 1600 2748 interpellat,
1631 2653 1969 2749 misericordiamque,

604 2780 640 2843 et
665 2772 873 2843 clementiam
899 2793 919 2839 a
945 2781 979 2841 te
1004 2767 1141 2859 llagitat,
1169 2779 1202 2849 et
1228 2766 1384 2841 obsecrat
1410 2780 1442 2839 tc
1470 2769 1593 2841 diceus.

707 2886 867 2979 Populus.
901 2884 1091 2956 Miserere.

708 3002 895 3073 Diaconos.
947 3002 1053 3086 Quam
1080 2998 1222 3071 timenda
1250 3008 1301 3072 est
1326 2999 1411 3070 baec
1436 2997 1528 3071 bora.

587 3154 590 3160 ·
708 3118 892 3189 Sacerdos.
945 3115 1017 3187 Nos
1045 3136 1185 3209 quoque.
1325 3109 1330 3121 “

640 3444 814 3515 Sacerdos
845 3441 1028 3513 inclinatus
1054 3442 1138 3511 dicit
1165 3440 1361 3511 &dionem
1386 3439 1619 3510 lncocutt‘one'e
1644 3435 1796 3530 Spiritus
1821 3442 1941 3509 suncti.

713 3664 939 3738 Obsecramus
967 3675 999 3734 te
1026 3667 1235 3736 sanctissime
1270 3661 1377 3763 Deus,
1410 3664 1500 3734 mitte
1533 3661 1575 3732 ad
1608 3682 1670 3733 nos
1706 3684 1752 3732 ex
1780 3658 1968 3734 habitaculo

599 3786 697 3875 regni
724 3785 767 3853 tui
795 3784 933 3871 aeterni,
960 3790 994 3851 et
1020 3804 1066 3852 ex
1091 3783 1231 3873 regione
1258 3781 1468 3875 praesentiae
1503 3789 1578 3848 tuac
1605 3775 1782 3863 excelsae,
1810 3777 1966 3873 Spiritum

601 3909 691 3971 hrum
718 3907 886 3984 sanctum,
913 3894 1226 3967 consubstantialem
1252 3894 1326 3982 tibi,
1354 3904 1387 3989 ct
1419 3896 1612 3989 operatione
1640 3893 1833 3987 aequalem,
1864 3891 1878 3929 ²
1911 3899 1967 3988 qui

587 3995 623 4087 ¹u
650 4025 682 4086 te
709 4013 836 4109 ubsque
861 4016 953 4085 initio
979 4011 1141 4108 procedit,
1167 4034 1229 4106 per
1254 4013 1457 4102 unigenitum
1484 4009 1600 4080 Filium
1626 4017 1715 4079 tuum
1733 4020 1767 4080 et
1794 4012 1848 4104 qui
1875 4034 1965 4105 quo-

600 4151 742 4225 cumque
769 4139 919 4225 temporc
946 4128 1041 4200 datur
1066 4130 1106 4199 iis
1135 4130 1191 4221 qui
1217 4125 1273 4199 tibi
1301 4129 1430 4221 accepti
1445 4136 1537 4213 sunt,
1565 4146 1691 4218 eosque
1711 4127 1767 4218 qui
1793 4135 1826 4196 tc
1851 4127 1967 4199 vident

601 4255 637 4317 et
661 4244 847 4337 intelligunt
873 4244 1001 4340 perlicit
1027 4255 1060 4315 et
1087 4254 1309 4316 consummat:
1337 4252 1372 4313 ut
1398 4240 1549 4328 illabens,
1576 4244 1869 4336 requiescensque‚
1897 4243 1964 4315 ba-

598 4359 682 4432 bitet
701 4383 810 4455 ,super
837 4359 1022 4433 oblationes
1048 4363 1145 4433 istus:
1173 4358 1290 4453 quibus
1318 4342 1530 4431 sanctificatis
1561 4378 1623 4451 per
1654 4359 1810 4429 virtutem
1836 4362 1964 4448 gratiae

598 4485 677 4547 mae
703 4475 853 4570 perficiat
878 4476 961 4547 baec
988 4478 1157 4571 mysteria,
1184 4484 1281 4568 atquc
1309 4473 1364 4564 illa
1391 4483 1615 4567 suscepturos.

704 4591 887 4662 Sacerdos.
940 4590 1071 4663 Exaudi
1097 4613 1150 4660 me
1176 4591 1327 4661 Domine.

704 4707 866 4799 Populus.
918 4706 1024 4803 Kyrie
1051 4705 1189 4794 eleisum
1216 4705 1321 4799 llyrie
1348 4703 1488 4790 eleison,
1514 4701 1619 4796 Kyrie
1646 4701 1782 4773 eleison.

703 4820 877 4893 Sacerdos
911 4822 1047 4892 elevans
1085 4844 1210 4897 uocem.
1267 4819 1311 4908 Et
1348 4842 1468 4915 panem
1509 4816 1638 4912 quidem
1681 4819 1794 4903 istum,
1835 4814 1965 4904 efficiat,

599 4961 723 5034 corpus
750 4938 936 5027 vivificum,
971 4945 992 5020 †
1024 4959 1146 5033 corpus
1181 4934 1329 5008 coeleste
1356 4947 1390 5007 et
1417 4934 1581 5024 salutare,
1617 4939 1637 5014 †
1672 4953 1793 5027 corpus
1829 4931 1965 5005 salvans

600 5058 730 5154 ammas
757 5063 903 5142 nostras,
930 5065 964 5125 et
989 5077 1134 5149 corpora
1160 5064 1295 5142 nostra,
1326 5059 1346 5134 †
1380 5073 1501 5147 corpus
1537 5052 1640 5144 ipsius
1666 5047 1800 5118 Domini
1834 5047 1897 5118 Dei
1933 5060 1967 5141 et

600 5169 788 5245 salvatoris
816 5174 920 5242 nostri
946 5171 1028 5245 lesu
1055 5168 1197 5262 Christi‚
1224 5165 1266 5239 ad
1292 5169 1560 5264 propitiationem
1590 5162 1803 5252 delictorum,
1838 5166 1964 5236 remis-

599 5289 729 5359 sionem
756 5296 980 5381 peccatomm
1008 5296 1042 5358 et
1067 5288 1172 5357 vitam
1197 5293 1366 5358 aeternam
1393 5284 1650 5377 suscipientium.
1761 5369 1763 5373 Α
