5150 6534
597 862 672 934 390
760 859 993 938 aestatuum
1020 861 1072 934 hl)
1099 859 1306 936 urrunnun
1331 855 1487 935 rudunt
1513 857 1800 936 hemetherius

684 1046 715 1106 ln
739 1046 795 1106 hac
818 1045 952 1125 Liturgia
974 1045 1047 1106 nihil
1071 1046 1218 1121 cuccurrit,
1247 1042 1327 1123 quod
1355 1041 1425 1104 alibi
1455 1041 1636 1128 explicatum
1666 1061 1725 1107 non
1754 1042 1859 1105 luerit.
1903 1042 1967 1104 llisi

595 1143 746 1206 deiectum
775 1164 863 1224 quem
892 1146 922 1204 in
952 1145 1057 1223 paucis
1087 1144 1152 1206 aliis
1176 1144 1257 1204 circa
1279 1142 1374 1205 verba
1398 1140 1509 1204 Christi
1530 1142 1745 1219 observamus3
1768 1151 1799 1206 ct
1823 1141 1908 1221 quod
1929 1142 1968 1204 de

594 1242 659 1304 aliis
688 1243 797 1306 dictum
825 1252 887 1320 est,
919 1242 956 1304 de
987 1244 1042 1304 ista
1065 1261 1186 1323 quoque
1209 1241 1367 1303 dicendum
1390 1240 1524 1303 videtur:
1555 1260 1664 1323 nempe
1686 1242 1773 1324 sequi
1796 1241 1969 1303 debuerunt

594 1342 687 1403 verba
721 1342 846 1404 Christi:
890 1341 1027 1420 Accipite
1057 1349 1086 1402 ct
1106 1343 1303 1402 manducate:
1348 1340 1413 1400 Hoc
1435 1348 1480 1400 cat
1502 1338 1619 1420 Corpus
1640 1361 1753 1417 numm,
1776 1347 1809 1402 et
1832 1341 1971 1402 ainnlitcr

594 1449 624 1501 et
645 1442 779 1504 calicem.

683 1538 713 1599 Si
734 1525 928 1619 pilares'illius
942 1538 1096 1618 Liturgiac
1111 1537 1238 1599 Codices
1264 1536 1478 1611 habuissemus,
1502 1537 1632 1600 sortasse
1655 1537 1712 1601 alia
1733 1537 1825 1601 lectio
1850 1538 1880 1599 in
1903 1537 1969 1600 aliis

592 1648 714 1719 reperta
738 1639 852 1716 luisset,
878 1657 943 1699 cum
966 1637 1154 1698 librariorum
1178 1639 1264 1718 culpa
1289 1638 1399 1699 omissa
1426 1638 1526 1719 potius
1556 1638 1713 1699 videantur
1735 1638 1834 1699 verba
1858 1635 1969 1700 Christi

595 1739 833 1815 sacramentalia,
858 1756 945 1817 quam
968 1755 1062 1816 praru
1086 1736 1224 1813 consilio,
1248 1755 1287 1797 ox
1310 1735 1386 1798 salsa
1409 1737 1616 1816 suppositione
1640 1737 1789 1817 opinionis
1813 1735 1853 1798 de
1874 1734 1969 1798 luro-

595 1833 1969 1918 cmmmfflmedNJQOmfflmNJmfflmmmmmww

594 1945 712 1998 rerunt.
760 1935 894 1996 l'idenda
929 1952 1006 2014 quac
1038 1935 1075 1995 dc
1105 1935 1163 1995 hoc
1194 1945 1370 2015 argnnrcnto
1401 1936 1479 1996 dicta
1510 1942 1579 1996 suut
1608 1933 1646 1996 ad
1681 1934 1847 2016 Liturgiam
1876 1933 1966 2010 Petri,

595 2034 1191 2116 hmfflhfflmfflcmwmdm

681 2134 766 2207 Quae
790 2141 968 2213 sequuntur,
991 2134 1188 2213 paraphrasin
1213 2136 1368 2196 continent
1390 2133 1565 2195 rcrhorum:
1613 2132 1676 2192 Hoc
1694 2130 1792 2209 facite
1815 2134 1847 2193 in
1867 2151 1964 2194 mean

596 2235 926 2294 corrrmemorotionem:
949 2234 1096 2313 simulque
1118 2234 1272 2295 continent
1293 2233 1511 2312 professionem
1532 2231 1599 2292 hdoi
1622 2230 1660 2291 do
1674 2231 1803 2292 veritate
1827 2234 1965 2313 corporis

596 2340 627 2392 et
650 2332 805 2414 sanguinis
830 2328 939 2393 Christi
964 2334 992 2392 iu
1015 2331 1212 2395 Eucharistia.
1237 2333 1282 2394 lle
1305 2332 1460 2412 disciplina
1483 2348 1576 2413 porro
1591 2329 1736 2410 Syrorum
1750 2330 1964 2400 Jacobinrmn,

597 2438 731 2491 statuero
755 2438 885 2511 oportet,
909 2449 969 2492 non
993 2451 1031 2492 ex
1055 2430 1169 2492 duahus
1193 2431 1242 2493 vel
1265 2431 1359 2493 trihus
1382 2431 1525 2512 Liturgiis
1548 2447 1673 2510 quarum
1695 2447 1767 2491 usus
1793 2428 1966 2510 infrequens

596 2537 660 2605 cst,
685 2529 739 2590 scd
762 2548 801 2590 ex
825 2531 971 2592 communi
995 2532 1123 2591 omnium
1148 2529 1258 2607 torma,
1283 2532 1333 2610 qui
1358 2532 1388 2592 in
1410 2530 1544 2612 Litnrgia
1566 2529 1670 2591 Jacohi
1694 2530 1895 2606 cominatus,
1923 2527 1965 2588 Dc

595 2630 790 2690 luvocationc
813 2628 940 2709 Spiritus
963 2631 1074 2704 salicti,
1102 2647 1179 2710 quac
1202 2615 1408 2711 subjungitur,
1432 2630 1578 2692 adversus
1600 2645 1787 2690 communem
1811 2627 1892 2690 illam
1916 2646 1968 2689 re-

596 2728 697 2810 gulam
721 2727 829 2789 deduci
852 2727 923 2790 nihil
946 2736 1065 2808 potest,
1089 2747 1155 2790 curn
1178 2730 1283 2791 iisdem
1308 2729 1408 2791 verbis
1433 2736 1516 2790 extet
1538 2728 1626 2790 ctiam
1649 2728 1678 2787 in
1702 2727 1758 2788 illis
1784 2746 1864 2808 quae
1889 2727 1969 2788 inlc-

596 2846 682 2908 gram
706 2827 816 2889 hahent
838 2828 1000 2889 verborum
1024 2827 1134 2891 Christi
1156 2829 1290 2889 sormam.

971 3553 1578 3736 tutundit
1864 3777 1871 3792 ι

717 3883 1107 4001 trusttt
1176 3883 1868 4034 inlitterata.

1080 4193 1201 4260 (tractio
1230 4198 1309 4260 nate
1335 4191 1472 4260 Pacem.

666 4384 824 4487 Douma
852 4411 943 4484 Deus
972 4414 1080 4484 lumen
1109 4425 1278 4486 aeternum
1306 4426 1339 4485 et
1366 4436 1499 4485 verum:
1532 4434 1654 4508 parcns
1681 4411 1825 4483 luminis
1842 4419 1977 4487 aeterni

598 4540 631 4600 et
657 4531 749 4614 veri,
782 4526 858 4598 lons
894 4533 984 4599 vitae
1021 4541 1053 4600 et
1085 4553 1186 4602 causa
1214 4531 1391 4614 bonorum,
1419 4533 1612 4624 principium
1647 4528 1913 4622 tranquillitatis,
1942 4542 1977 4602 ct

597 4648 693 4735 origo
727 4647 832 4738 pacis:
874 4656 1007 4738 praesta
1044 4646 1138 4718 nohis
1175 4659 1209 4719 ut
1241 4671 1315 4717 curn
1356 4645 1588 4739 tranquilhtate
1624 4656 1656 4716 et
1690 4667 1775 4739 pace
1809 4667 1976 4717 ornemur

599 4760 827 4832 misericordia
856 4761 1028 4854 spirituali,
1058 4774 1090 4833 ct
1117 4773 1241 4834 rectam
1270 4763 1311 4833 de
1339 4773 1371 4833 to
1398 4761 1494 4832 iidem
1513 4760 1712 4833 habeamus:
1740 4769 1844 4853 utque
1872 4761 1973 4834 liberi

599 4874 639 4944 ah
668 4881 756 4947 omni
783 4880 940 4971 passione
967 4877 1230 4972 reprehensibili,
1258 4883 1291 4948 iu
1318 4881 1456 4949 caritate
1483 4900 1577 4964 vern,
1606 4877 1720 4947 demus
1747 4898 1870 4970 pacem
1900 4900 1972 4950 no-

598 4989 648 5058 his
675 4993 830 5078 invicem,
858 4995 890 5060 in
918 4993 1032 5064 osculo
1061 5005 1176 5065 sancto
1199 5004 1232 5064 et
1259 4993 1383 5083 diuino,
1412 5002 1444 5063 et
1464 4992 1648 5063 referemus
1665 4990 1720 5063 tihi
1736 4989 1886 5081 laudem,
1909 5004 1974 5065 alc.

702 5107 860 5198 Populus.
914 5111 1031 5179 Amen.

700 5220 887 5292 Diaconos
943 5224 1007 5294 Del
1035 5230 1257 5319 unumquisque
1285 5249 1412 5321 paoem.

702 5335 885 5409 Sacerdos.
940 5341 990 5410 Te
1018 5345 1103 5411 enim
1132 5342 1237 5413 solnm
1266 5347 1436 5433 novimus,
1472 5343 1596 5416 sontem
1628 5340 1905 5413 benedictionum
1942 5354 1978 5414 et
