5150 6534
593 841 642 914 18
974 837 1586 917 ORDOCOMMUNIS

695 1025 813 1122 Operti
840 1034 916 1099 sunt
942 1024 1030 1097 coeli
1056 1024 1236 1120 splendore
1263 1026 1336 1116 ejus
1363 1024 1529 1116 glorioso,
1556 1035 1591 1097 et
1615 1024 1714 1098 laude
1735 1010 1814 1118 'ejus
1841 1024 1970 1121 repleta

589 1150 641 1214 est
668 1153 767 1213 terra.

692 1256 820 1349 Incipit
845 1256 992 1327 Sedrom
1017 1254 1222 1349 pecoralem,
1250 1258 1457 1349 imponitque
1484 1255 1570 1342 ibus,
1599 1263 1634 1326 et
1659 1257 1751 1327 dicit.

692 1372 749 1443 Ad
775 1372 906 1443 laudem
933 1381 967 1442 et
992 1370 1155 1442 honorem
1181 1370 1353 1442 Trinitatis
1381 1380 1519 1441 sanctae
1545 1380 1579 1441 ct
1605 1371 1790 1462 gloriosae,
1818 1380 1969 1442 aromata

589 1492 800 1582 imponuntur
825 1509 887 1581 per
912 1507 1029 1557 manus
1056 1505 1149 1557 meas
1176 1490 1399 1580 peccatrices:
1431 1508 1565 1557 oremus
1598 1508 1733 1575 omnes,
1769 1497 1803 1557 et
1828 1488 1967 1558 miseri·
1997 1523 2010 1538 ·

591 1603 752 1691 cordiam,
780 1612 814 1674 et
840 1604 981 1693 gratiam
1009 1624 1028 1672 a
1054 1602 1199 1672 Domino
1226 1601 1442 1695 postulemus.

695 1717 941 1810 Imperiumque
967 1722 1136 1803 oronrutu,
1163 1720 1285 1808 incipit
1311 1715 1459 1786 Sedrum
1483 1718 1686 1810 pecoralem.
1713 1719 1940 1789 Prooemium.

697 1832 789 1903 Laus
820 1831 941 1902 lructui
967 1831 1014 1902 illi
1041 1829 1268 1917 desiderabili,
1303 1834 1357 1925 qui
1390 1854 1437 1902 ex
1463 1835 1538 1905 sinn
1569 1832 1724 1925 virginali
1751 1836 1970 1923 germinavit:

592 1958 626 2019 et
653 1951 848 2020 memoriam
876 1950 1046 2039 genitricis
1074 1969 1156 2018 snae
1169 1946 1406 2038 magnificavit,
1433 1969 1681 2042 perennemque
1707 1947 1804 2019 lecit:
1830 1947 1969 2020 illiDo-

592 2067 680 2135 mino
710 2063 897 2149 adorando,
934 2064 1027 2153 cujus
1060 2061 1222 2153 gloriam,
1258 2061 1380 2134 festum
1414 2072 1602 2134 sanctornm
1637 2084 1771 2135 suorum
1808 2073 1841 2134 et
1875 2062 1970 2135 chori

593 2201 708 2250 eorum
740 2181 826 2249 inter
861 2187 1033 2249 creaturas
1067 2177 1257 2249 celebrant:
1298 2177 1343 2247 illi
1377 2181 1459 2248 vivo
1494 2189 1528 2248 et
1560 2178 1759 2265 vivificanti,
1798 2181 1853 2271 qui
1879 2200 1969 2251 voce

594 2316 656 2365 sua
681 2292 828 2385 benigna
854 2303 1004 2365 mortuos
1031 2296 1179 2381 suscitat,
1207 2301 1241 2362 et
1267 2314 1380 2363 secum
1407 2295 1441 2362 in
1467 2290 1577 2384 gloria
1604 2315 1664 2366 sua
1688 2293 1854 2386 jucunda,
1889 2294 1969 2366 lae-

591 2408 711 2497 tificat3
750 2430 848 2503 quem
881 2408 993 2497 decet,
1028 2418 1095 2479 etc.

516 2523 519 2530 '
697 2524 822 2594 Sedru.
848 2522 1040 2597 Adoramus
1068 2532 1113 2612 le,
1141 2531 1175 2594 et
1201 2523 1396 2594 confitemur
1423 2521 1481 2594 tibi
1508 2534 1642 2595 creator
1667 2524 1789 2613 mundi,
1817 2536 1851 2596 ct
1878 2548 1969 2598 con-

593 2638 679 2710 ditor
691 2649 928 2729 creaturarum,
945 2638 1044 2711 radix
1057 2637 1246 2729 benedicta,
1262 2661 1348 2731 quae
1365 2642 1567 2730 germinavit
1585 2649 1619 2710 et
1635 2639 1783 2712 ascendit
1809 2641 1851 2711 de
1877 2627 1968 2712 terra

594 2758 715 2827 sitienti
746 2752 870 2842 Maria,
904 2763 938 2824 et
971 2754 1099 2849 repleta
1131 2764 1184 2826 est
1215 2758 1323 2825 omnis
1356 2765 1509 2826 creatura
1550 2755 1656 2828 odore
1688 2760 1862 2829 suavitatis
1893 2758 1967 2849 ejus

594 2869 802 2964 praeclarae,
830 2872 886 2963 qui
912 2869 1039 2964 expulit
1064 2868 1228 2940 foetorem
1255 2878 1375 2939 tetrum
1389 2872 1577 2963 impietatis,
1605 2892 1651 2941 ex
1672 2874 1879 2965 omniparte,
1905 2859 1968 2967 per

596 2985 778 3056 doctrinam
806 3007 900 3057 suam
925 2984 1145 3079 praeclaram.
1199 2985 1374 3058 Ollerimus
1406 3006 1519 3056 coram
1552 2994 1586 3057 te
1619 2989 1789 3057 incensum
1821 2986 1885 3059 hoc
1925 2986 1970 3060 ad

595 3100 836 3174 similitudinem
864 3101 982 3172 Aaron
1010 3100 1203 3171 Sacerdotis
1228 3100 1432 3189 venerandi,
1467 3103 1523 3193 qui
1555 3098 1671 3171 obtuht
1704 3099 1762 3171 tibi
1797 3105 1970 3174 incensum

594 3238 711 3310 purum
737 3220 771 3287 in
799 3215 1013 3288 tabernaculo
1046 3214 1232 3312 temporali,
1265 3227 1299 3287 et
1329 3215 1496 3310 prohibuit
1527 3214 1760 3288 mortalitatem
1792 3240 1812 3289 a
1843 3216 1968 3313 populo

593 3330 709 3405 lsrael.
761 3330 855 3403 Ecce
887 3332 1104 3405 obsecramus
1139 3343 1172 3403 te
1204 3332 1349 3403 Domine
1380 3332 1485 3420 Dens,
1519 3333 1653 3426 suscipe
1684 3334 1857 3403 incensum
1882 3330 1969 3406 istud

595 3457 778 3516 aromatum
806 3447 895 3540 quod
921 3446 1018 3519 offert
1050 3446 1107 3517 tibi
1140 3450 1281 3517 tenuitas
1313 3456 1444 3533 nostra,
1478 3468 1540 3540 pro
1573 3455 1688 3517 sancta
1714 3451 1878 3538 genitrice
1902 3448 1970 3520 Dei

599 3556 724 3630 Maria:
752 3582 814 3653 pro
841 3569 936 3655 patre
963 3572 1078 3633 nostro
1105 3561 1250 3648 Adamo,
1278 3569 1311 3631 et
1336 3572 1443 3631 matre
1470 3571 1588 3634 nostra
1600 3559 1691 3633 Eva:
1718 3585 1781 3657 pro
1809 3563 1969 3658 Prophe-

597 3677 640 3745 tis
667 3684 701 3745 et
725 3674 916 3769 Apostolis:
943 3699 1006 3771 pro
1033 3679 1096 3772 piis
1124 3686 1158 3747 et
1179 3678 1293 3767 justis:
1319 3699 1381 3770 pro
1408 3675 1662 3771 dlartpribuset
1689 3677 1969 3751 confessoribus:

596 3811 659 3883 pro
691 3790 846 3863 Patribus
879 3795 1020 3880 sanctis,
1054 3791 1249 3865 Pastoribus
1291 3795 1402 3881 veris,
1439 3800 1472 3862 et
1502 3791 1705 3865 Ductoribus
1747 3791 1969 3865 Orthodoxis:

595 3926 657 3999 pro
675 3905 840 3978 divitibus
868 3918 902 3978 et
926 3906 1142 4004 pauperibus:
1176 3930 1237 4001 pro
1265 3906 1420 4000 orphanis
1452 3918 1486 3979 et
1517 3906 1640 3979 viduis:
1672 3929 1735 4001 pro
1770 3909 1968 3998 angustiatis

596 4029 630 4091 et
666 4020 814 4094 afflictis:
847 4045 909 4117 pro
942 4023 1077 4094 infirmis
1116 4032 1150 4093 et
1186 4022 1302 4093 dolore
1335 4027 1525 4116 oppressis,
1560 4032 1594 4092 et
1624 4044 1686 4116 pro
1721 4022 1875 4094 omnibus
1912 4024 1968 4116 qui

597 4135 752 4208 dixerunt
778 4148 811 4207 et
836 4148 1079 4232 praeceperunt
1104 4137 1215 4226 nobis,
1241 4148 1277 4208 nt
1304 4159 1419 4207 eorum
1446 4158 1614 4209 memores
1642 4157 1794 4207 essemus
1821 4139 1854 4208 in
1881 4159 1966 4209 ora-

596 4251 738 4324 tionibus
766 4263 800 4323 et
826 4251 997 4325 sacrificiis
1025 4253 1067 4324 ad
1095 4261 1138 4342 te,
1167 4251 1300 4324 Christe
1327 4252 1420 4323 Deus
1447 4262 1572 4324 noster.
1599 4252 1709 4323 Etiam
1735 4274 1797 4346 pro
1819 4254 1907 4324 vivis
1935 4261 1969 4323 et

597 4364 777 4457 defunctis,
814 4377 848 4439 et
881 4390 943 4464 pro
983 4373 1099 4462 requie
1132 4371 1313 4440 animarum
1350 4367 1479 4439 illorum
1518 4371 1551 4437 in
1586 4366 1774 4438 Jerusalem
1811 4367 1968 4439 coelesti:
2069 4419 2078 4437 ,

597 4482 805 4576 gloriamque
832 4494 866 4555 et
897 4482 1057 4555 honorem
1099 4493 1132 4554 et
1173 4484 1402 4555 adorationem
1439 4480 1624 4555 reseremus
1656 4482 1715 4553 tibi
1745 4482 1903 4570 Domine,
1937 4491 1971 4552 et

505 4617 509 4624 ·
596 4597 688 4669 Patri
715 4608 771 4669 tuo
800 4609 833 4669 ct
858 4600 993 4694 Spiritui
1020 4608 1076 4670 tuo
1104 4609 1233 4687 sancto,
1260 4620 1359 4686 nnnc,
1387 4607 1449 4668 etc.

702 4715 843 4806 Accipit
867 4720 1047 4801 incensum,
1075 4720 1110 4784 et
1134 4714 1291 4784 ascendit
1316 4713 1362 4784 cd
1386 4713 1528 4806 prodeam
1550 4712 1682 4798 altaris,
1711 4717 1746 4782 et
1771 4711 1883 4782 eluunt
1909 4713 1970 4781 ie-

598 4853 742 4917 ceusum,
768 4852 871 4921 super
896 4833 1058 4923 mysterio
1083 4853 1200 4899 nereus
1228 4829 1410 4915 Orientem,
1438 4830 1596 4920 dicitque.

700 4946 811 5040 Super
838 4947 1008 5015 incensum
1035 4953 1226 5030 aromatum,
1255 4948 1308 5025 sit,
1323 4946 1484 5014 memoria
1501 4941 1650 5035 Virginis
1670 4941 1798 5013 Mariae
1825 4943 1970 5032 genitri-

597 5062 646 5131 cis
673 5062 747 5132 Dei.
801 5060 860 5129 Ad
887 5060 1110 5130 Occidentem.
1163 5059 1273 5153 Super
1300 5062 1470 5130 incensum
1498 5069 1699 5145 aromatum,
1734 5059 1777 5130 sit
1810 5059 1971 5128 memoria

598 5174 857 5269 Prophetarum,
890 5175 1151 5270 Apostolorum,
1186 5184 1220 5245 et
1251 5173 1437 5271 Martyrum
1469 5183 1668 5246 sanctorum.
1725 5172 1785 5241 Ad
1817 5171 1971 5264 Septen-

598 5294 751 5360 trionem.
805 5291 914 5386 Super
939 5294 1111 5362 incensum
1138 5301 1341 5381 aromatum,
1369 5294 1412 5363 sit
1432 5292 1593 5361 memoria
1607 5289 1812 5377 Doclorum,
1839 5286 1970 5358 Sacer-
