5150 6534
790 869 821 948 S.
847 869 985 948 Jtcossl
1008 870 1194 949 APDSTOLI
1219 871 1375 950 FRATRIS
1401 871 1545 948 DOMINI.
1806 870 1856 945 35

586 1055 761 1129 Sacerdos
787 1057 979 1129 inclinatas.
1017 1056 1148 1131 Rursus
1174 1061 1365 1131 meminisse
1392 1058 1533 1150 dignare
1559 1079 1675 1130 eorum
1702 1063 1757 1153 qui
1782 1083 1853 1134 uo·
1866 1032 1871 1053 K

482 1172 609 1247 hiscum
627 1176 669 1243 ,in
696 1175 848 1246 oratione
875 1178 1071 1265 consistunt,
1097 1184 1246 1270 patrum,
1272 1173 1431 1264 fratrum,
1457 1175 1758 1270 magistrorumque
1783 1198 1853 1248 uo-

484 1300 637 1375 shomm,
665 1298 699 1360 at
726 1310 841 1362 eorum
868 1293 923 1384 qui
950 1290 1078 1363 ahsaut.
1131 1290 1300 1363 Memento
1328 1295 1442 1377 etiam,
1468 1289 1629 1377 Domine,
1656 1314 1772 1363 eorum
1799 1294 1855 1385 qui
1946 1281 1950 1297 '

482 1413 726 1501 praeceperant
741 1400 838 1476 nohis
865 1413 901 1477 ut
922 1426 1038 1476 eorum
1063 1409 1257 1477 memoriam
1278 1424 1456 1498 ageremus
1480 1409 1514 1477 in
1533 1405 1737 1479 orationihus
1753 1407 1794 1478 ad
1821 1416 1856 1478 te
1895 1462 1915 1505 ,

482 1519 591 1591 Deum
615 1529 774 1593 nostrum.
802 1518 988 1615 Unicuique
1014 1519 1144 1592 illorum
1171 1522 1332 1609 conceda,
1358 1521 1520 1609 Domine,
1559 1525 1738 1618 petitiones
1765 1523 1893 1610 suas>

483 1658 569 1730 quae
595 1635 726 1730 quidem
753 1635 795 1706 ad
822 1635 961 1707 salutem
988 1646 1149 1732 spectant.
1175 1635 1361 1724 Memento,
1386 1638 1546 1727 Domine,
1573 1648 1607 1729 et
1635 1636 1766 1710 illorum
1800 1641 1856 1733 qui

483 1749 660 1822 intulemnt
693 1749 880 1824 oblationes
914 1750 957 1822 ad
983 1750 1088 1823 altare
1114 1761 1205 1823 tuum
1239 1763 1409 1840 sanctum,
1442 1763 1476 1824 et
1502 1774 1615 1824 eorum
1647 1774 1709 1846 pro
1737 1753 1855 1847 quihus

486 1867 606 1960 singuli
632 1866 837 1955 obtuleruut,
865 1875 1040 1939 eteorum
1068 1870 1123 1962 qui
1152 1867 1274 1940 ollarre
1307 1868 1506 1956 voluemnt,
1540 1867 1600 1940 sed
1635 1890 1702 1939 nou
1728 1880 1855 1963 potue-

483 1993 576 2055 mnt:
604 2005 719 2055 eorum
746 2004 830 2076 quos
857 1985 1082 2076 unusquisqne
1114 1981 1216 2054 habet
1247 1987 1282 2054 iu
1308 1993 1435 2071 mente,
1470 1994 1503 2055 et
1536 2003 1651 2055 eorum
1688 1986 1742 2078 qui
1768 2006 1855 2056 nuuc

483 2102 699 2170 nominantur.
739 2098 787 2167 El
819 2097 956 2168 elevare
980 2118 1106 2169 oocem.
1133 2098 1321 2185 Memento,
1347 2098 1509 2187 Domine,
1537 2100 1680 2171 omnium
1716 2122 1854 2193 qnorum

484 2217 701 2303 meminimus,
729 2223 762 2285 et
788 2234 904 2284 eornm
932 2234 1071 2307 quorum
1097 2235 1165 2285 non
1190 2217 1412 2300 meminimus,
1439 2225 1474 2285 et
1499 2212 1677 2287 secundum
1705 2216 1856 2287 multitu-

486 2328 596 2399 dinem
621 2327 880 2400 mausuehrdinis
911 2338 1007 2415 tuae,
1041 2327 1188 2400 retribue
1214 2326 1277 2400 illis
1305 2328 1461 2419 gaudium
1480 2327 1596 2401 salutis
1624 2339 1711 2418 tuae,
1740 2335 1854 2403 susci-

484 2447 581 2540 piens
613 2445 775 2517 sacrificia
809 2441 938 2516 illorum
971 2447 1003 2515 iu
1037 2447 1199 2517 immenso
1240 2444 1337 2516 coelo
1377 2455 1452 2532 tuo,
1488 2444 1674 2539 dignosque
1710 2446 1855 2518 efficiens

484 2562 674 2632 visitatione
710 2570 744 2631 et
780 2559 905 2631 auxilio
938 2570 1013 2631 tuo:
1048 2559 1207 2631 confirma
1242 2559 1318 2632 illos
1344 2561 1468 2631 virtute
1495 2571 1569 2648 tua,
1605 2571 1638 2632 et
1663 2559 1855 2635 fortitudine

484 2684 539 2746 tua
565 2674 642 2748 illos
668 2678 814 2761 instrue,
842 2678 918 2770 quia
945 2684 980 2745 tu
1006 2696 1044 2747 es
1071 2678 1263 2748 misericors
1289 2684 1323 2746 et
1335 2677 1596 2748 misericordiam
1622 2679 1727 2772 cupis,
1755 2686 1854 2773 teque

485 2789 581 2861 decet
612 2790 738 2883 gloria,
771 2790 878 2864 honor
914 2801 947 2861 et
978 2793 1142 2885 potentia,
1175 2789 1270 2862 simul
1304 2812 1379 2861 cum
1412 2793 1582 2882 unigenito
1618 2792 1703 2866 Filio
1737 2803 1793 2865 tuo
1820 2804 1855 2866 et

418 2889 424 2898 ’
484 2904 607 3001 Spiritu
633 2916 700 2979 tuo.
856 2905 1018 2999 Populus.
1047 2906 1167 2977 Amen.

585 3020 773 3093 Diaconum.
798 3020 874 3092 Pro
900 3020 1061 3116 Regibus.
1088 3022 1209 3093 Iterum
1236 3030 1270 3091 et
1287 3023 1405 3093 ilerum
1420 3043 1717 3096 commemoramus
1736 3048 1853 3098 omnes

483 3135 599 3229 Reges
625 3136 752 3224 fideles,
781 3135 989 3209 Christianos
1016 3159 1139 3209 veros:
1167 3140 1222 3229 qui
1247 3134 1420 3209 Ecclesiae
1448 3147 1482 3208 et
1508 3136 1713 3210 Monasteria
1739 3143 1804 3213 Dei
1820 3144 1854 3213 iu

485 3264 628 3348 quatuor
653 3252 764 3324 mundi
789 3249 938 3347 partibus
966 3252 1225 3324 aedificaverunt
1250 3262 1284 3323 et
1298 3250 1533 3325 luadavemnt:
1561 3264 1730 3350 totamque
1755 3279 1853 3328 rem-

483 3366 648 3464 puhhcam
684 3364 922 3457 Christianam,
959 3367 1092 3439 Olenum
1127 3375 1162 3437 et
1192 3366 1350 3462 populum
1377 3366 1527 3459 fidelem,
1555 3379 1591 3442 ut
1617 3373 1652 3442 in
1677 3371 1853 3445 virtutihus

482 3481 669 3578 proficiant,
695 3484 872 3555 Dominum
900 3481 1127 3578 deprecemur.

586 3597 761 3670 Sacerdos
786 3599 977 3669 inclinatur.
1003 3598 1172 3672 Memento
1205 3601 1323 3689 etlam,
1354 3600 1519 3692 Domine,
1555 3603 1686 3696 piorum
1720 3602 1853 3696 Regum

483 3724 671 3788 nostrorum
698 3725 732 3787 et
746 3715 968 3807 Reginamm:
997 3713 1209 3810 apprehende
1236 3736 1329 3786 arma
1356 3725 1389 3786 et
1417 3726 1556 3805 scutum,
1584 3725 1618 3787 et
1644 3738 1793 3812 exsurge
1819 3724 1854 3791 iu

484 3827 639 3902 auxilium
667 3853 791 3903 eorum.
819 3829 957 3922 Suhjice
986 3830 1050 3902 illis
1083 3829 1198 3902 hostes
1235 3852 1351 3903 omues
1379 3842 1413 3903 et
1439 3832 1674 3923 adversarios,
1706 3844 1741 3906 ut
1772 3835 1852 3930 pla-

484 3944 591 4017 cidam
616 3946 889 4042 tranquillamque
915 3948 1018 4016 vitam
1044 3968 1206 4037 agamus,
1238 3947 1272 4016 in
1309 3949 1397 4019 omni
1423 3950 1540 4019 timore
1566 3949 1632 4020 Dei
1658 3961 1692 4022 et
1717 3950 1854 4022 humili-

484 4071 568 4133 tate:
608 4064 685 4156 qnia
711 4071 744 4132 tu
772 4060 885 4133 salutis
912 4060 1075 4153 refugium
1103 4084 1153 4148 es,
1180 4072 1215 4132 et
1240 4071 1391 4155 potestas
1428 4063 1637 4135 auxiliatrix:
1664 4069 1853 4138 victoriac-

485 4198 548 4272 que
576 4177 797 4273 dispensator,
825 4199 908 4269 erga
935 4199 996 4249 eos
1023 4199 1139 4249 omnes
1167 4180 1222 4272 qui
1249 4186 1283 4247 te
1309 4181 1483 4266 invocant,
1517 4190 1551 4250 et
1584 4192 1721 4276 sperant
1746 4186 1779 4253 in
1806 4190 1853 4273 te,

483 4293 636 4364 Domine.
662 4291 707 4363 m
732 4291 789 4364 tihi
816 4293 956 4384 glorium
984 4302 1018 4364 et
1043 4292 1175 4363 laudem
1200 4290 1397 4365 referemus.
1492 4295 1653 4388 Populus.
1679 4299 1799 4370 Amen.

586 4407 774 4480 Diaconos.
801 4408 970 4479 Memorio
995 4414 1198 4479 sauctorum.
1226 4408 1348 4478 lterum
1376 4419 1474 4504 atqua
1500 4414 1618 4482 iterum
1642 4434 1852 4484 commemo-

482 4544 595 4595 ramus
620 4546 704 4597 vere
731 4522 885 4614 beatam,
919 4523 1150 4618 laudatamque
1184 4523 1225 4594 ah
1254 4522 1405 4596 omuibus
1439 4526 1710 4617 generationibus
1742 4538 1853 4600 terrae

484 4648 641 4727 sanctam,
669 4639 887 4727 benedictam,
916 4661 1048 4734 semper
1080 4639 1252 4730 Virginem
1279 4643 1474 4730 genitricem
1507 4643 1572 4714 Dei
1604 4642 1763 4731 Mariam,
1799 4645 1852 4713 si-

483 4753 827 4849 mulquememoriam
844 4760 972 4846 agimus
996 4753 1246 4848 Prophetarum,
1272 4754 1524 4850 Apostolorum,
1549 4757 1851 4850 Evangelistarum,

485 4870 767 4959 Praedicatomm,
794 4870 990 4965 Martyrum,
1023 4878 1057 4939 et
1089 4868 1349 4959 Confessomm3
1376 4881 1410 4941 et
1444 4872 1481 4943 Β.
1513 4874 1651 4945 Joannis
1683 4874 1852 4967 Baptistae

485 4991 732 5079 praecursoris:
760 4987 900 5079 gloriosi
927 4985 962 5058 S.
990 4984 1149 5081 Stephani
1175 4989 1270 5081 primi
1298 4991 1469 5081 martyris,
1506 5013 1546 5061 ac
1573 4991 1669 5083 primi
1693 4990 1868 5060 Diacouiz'

485 5109 519 5170 et
543 5124 807 5198 unumquemque
833 5125 948 5174 eorum
975 5110 1285 5191 commemorantes,
1311 5101 1487 5174 Dominum
1514 5105 1738 5201 deprecemur.

588 5218 763 5291 Sacerdos
788 5219 979 5289 inclinatus.
1014 5219 1176 5303 Quoniam
1203 5221 1302 5308 igitur
1334 5228 1386 5289 est
1419 5217 1475 5289 tihi
1508 5229 1658 5313 potestas
1693 5223 1783 5292 vitae
1819 5229 1853 5291 et

485 5336 612 5422 mortis,
639 5335 792 5424 Domine,
818 5336 977 5429 Deusque
1011 5332 1312 5406 misericordiarum
1347 5343 1381 5404 et
1413 5336 1535 5406 amoris
1570 5357 1652 5427 erga
1686 5334 1852 5408 hominem

523 5470 646 5515 romanu
1626 5448 1681 5521 8.
