5150 6534
594 832 669 908 532
1098 831 1457 911 nrrnno1l

588 1045 649 1117 per
671 1001 814 1114 gratiam
836 1030 926 1092 tuam
954 1019 1217 1114 tranquillitatem
1245 1028 1279 1090 et
1305 1042 1433 1114 pacem,
1460 1030 1613 1115 tempora
1631 1019 1777 1091 laetitiae
1795 1027 1829 1090 et
1848 1018 1964 1092 abnu-

590 1136 734 1225 dantiae,
762 1135 1012 1208 bcnedictiones
1039 1136 1199 1209 ubertatis
1226 1133 1405 1225 fructuum,
1433 1137 1664 1208 remissionem
1688 1137 1962 1232 praevaricatio-

590 1275 666 1325 num
694 1262 900 1341 nostrarum,
928 1250 1170 1324 abstersionem
1196 1252 1391 1347 insipienter
1416 1253 1686 1342 commissorum,
1710 1248 1963 1323 malefactorum

590 1367 836 1464 depulsionem,
863 1367 1047 1439 libertatem
1073 1364 1116 1438 ab
1144 1365 1294 1439 omnibus
1320 1366 1449 1461 laqueis
1485 1365 1675 1458 hostilibus,
1711 1376 1746 1438 ut
1775 1364 1963 1438 referamus

586 1484 647 1556 tibi
675 1483 816 1577 gloriam
844 1492 877 1554 et
903 1481 1049 1569 laudem,
1082 1480 1243 1578 simulque
1269 1485 1440 1575 unigenito
1467 1482 1553 1554 Filio
1581 1494 1654 1574 tuo,
1682 1493 1716 1554 et
1742 1483 1878 1578 Spiritui
1905 1492 1962 1556 tuo

590 1603 821 1687 sanctissimo,
849 1608 882 1670 et
909 1601 1044 1694 optimo.

694 1716 856 1808 Populus.
908 1716 1027 1787 Arnen.

696 1830 870 1902 Sacerdos
896 1830 1086 1900 inclinatas.
1129 1831 1250 1901 ltemm
1278 1830 1418 1922 dignare
1444 1831 1587 1902 Domine
1614 1833 1805 1904 meminisse
1830 1829 1963 1902 illomm

594 1949 736 2019 omnium
765 1949 818 2040 qui
846 1943 888 2016 ab
916 1947 1007 2016 initio
1035 1968 1140 2040 usque
1172 1944 1213 2016 ad
1247 1943 1362 2037 finem,
1397 1948 1430 2016 in
1463 1949 1529 2018 viis
1565 1948 1664 2019 rectis
1699 1946 1964 2035 ambulaverunt,

591 2073 625 2133 et
651 2073 683 2133 te
710 2064 814 2135 secuti
841 2071 931 2147 sunt,
960 2061 1173 2155 confessique
1199 2072 1275 2133 sunt
1301 2084 1424 2134 nomen
1453 2073 1558 2149 tuum,
1585 2062 1796 2134 crediderunt
1821 2065 1854 2132 in
1882 2066 1963 2133 uni-

591 2182 736 2271 genitum
764 2177 880 2249 Filium
908 2186 1007 2264 tuum,
1035 2187 1068 2248 et
1093 2176 1182 2249 laeto
1211 2181 1320 2251 animo
1349 2181 1572 2249 sustinuerunt
1599 2178 1804 2252 calamitates
1825 2189 1964 2275 propter

590 2305 642 2366 te:
669 2292 908 2390 Prophetamm
937 2302 970 2363 et
996 2291 1235 2388 Apostolomm
1270 2298 1324 2389 qui
1357 2293 1469 2390 placiti
1505 2293 1745 2382 tibi.bremnt;
1776 2293 1964 2389 Martyrum

594 2420 628 2481 et
655 2407 895 2482 Confessorum
932 2411 986 2503 qui
1024 2419 1056 2480 tc
1087 2421 1336 2501 cognoverunt,
1372 2411 1506 2482 Petrum
1542 2419 1575 2481 et
1606 2410 1806 2494 Doctorum,
1841 2411 1896 2503 qui
1930 2419 1964 2480 te

591 2547 752 2597 veracem
779 2522 1098 2620 comprobaverunt,
1126 2548 1200 2596 cum
1227 2528 1403 2622 purissima
1430 2526 1571 2618 Virgine
1598 2535 1730 2612 sancta,
1762 2524 1826 2595 Dei
1859 2525 1963 2616 geni-

592 2645 675 2714 trice
701 2641 827 2732 Maria,
861 2651 965 2711 matre
998 2645 1157 2733 unigeniti
1185 2645 1245 2730 tui,
1279 2652 1314 2714 et
1339 2643 1474 2737 reliquis
1501 2646 1625 2715 sanctis
1659 2643 1775 2713 amicis
1808 2649 1841 2712 et
1872 2639 1963 2710 dile-

592 2760 654 2830 ctis
681 2761 754 2830 tuis.
822 2755 826 2763 ’

698 2873 860 2967 Populus.
912 2873 1017 2969 llyrie
1047 2871 1185 2945 eleison.

697 2990 873 3061 Sacerdos
899 2989 1037 3060 elecem
1067 3011 1193 3059 rocem.
1236 2988 1432 3060 Amicorum
1458 2990 1641 3081 majestatis
1668 2999 1745 3060 tuae
1771 2988 1966 3061 memoriam

593 3108 723 3198 agurius
749 3105 903 3192 Domine,
931 3114 966 3176 et
991 3129 1067 3177 cum
1094 3104 1331 3201 deprecatione
1356 3103 1533 3201 supplicia
1554 3115 1588 3175 te
1607 3108 1760 3200 petimus,
1787 3113 1822 3175 ut
1843 3102 1965 3195 dignos

591 3221 698 3294 facias
725 3244 787 3294 nos
815 3222 949 3314 adjungi
984 3221 1153 3294 ordinibus
1188 3243 1321 3312 eorum,
1353 3229 1387 3292 et
1422 3220 1546 3292 admitti
1581 3224 1614 3291 in
1647 3218 1965 3312 congregationibus

593 3359 721 3429 eorum,
750 3348 783 3409 et
809 3337 968 3411 collocari
995 3342 1079 3410 inter
1106 3347 1221 3410 coetus
1249 3359 1375 3409 eorum.
1428 3338 1613 3433 Propterea
1640 3335 1808 3408 infirmitas
1835 3342 1964 3422 nostra,

590 3441 649 3526 luti
676 3455 799 3551 pelago
826 3458 993 3545 immersa,
1020 3465 1181 3527 memorat
1207 3476 1324 3525 eorum
1349 3456 1493 3541 nomina,
1520 3462 1556 3524 ut
1581 3464 1735 3548 tauquam
1764 3451 1825 3524 alis
1849 3451 1963 3522 lovis-

593 3573 685 3643 simis
713 3569 875 3643 subvecta
902 3573 1033 3644 nomina
1059 3581 1174 3643 nostra
1201 3568 1327 3640 infirma
1353 3579 1388 3640 et
1413 3569 1565 3662 indigna,
1598 3571 1791 3641 memoriam
1816 3563 1963 3639 babeant

592 3688 626 3756 in
654 3685 859 3759 orationibus
887 3709 1015 3773 corum,
1043 3696 1076 3758 et
1102 3689 1135 3756 in
1161 3685 1316 3758 Ecclesia
1343 3688 1638 3781 primogenitorum
1664 3687 1697 3756 iu
1724 3683 1836 3770 coelo,
1869 3683 1962 3753 scri-

593 3801 714 3875 bantur
748 3824 810 3897 per
843 3804 1116 3875 intercessionem
1152 3824 1282 3875 eorum:
1316 3822 1444 3896 nosque
1480 3824 1595 3874 omnes
1629 3801 1720 3874 servi
1750 3803 1797 3871 tui
1829 3802 1962 3871 viriet

593 3921 713 3989 mortui
739 3917 899 3989 laetemur
925 3920 958 3988 in
985 3940 1091 4010 regno
1118 3926 1174 3988 tuo
1207 3928 1364 4007 aeterno,
1400 3940 1461 4012 per
1487 3920 1705 4012 patrocinium
1735 3939 1868 4002 eorum,
1896 3938 1960 3987 se-

594 4032 734 4105 cundum
762 4036 1018 4128 promissionem
1045 4056 1161 4105 veram
1187 4035 1347 4126 unigeniti
1373 4032 1448 4104 Filii
1467 4036 1533 4123 tui,
1560 4036 1615 4129 qui
1642 4055 1815 4107 sermones
1843 4054 1960 4104 eorum

594 4147 820 4221 confirmavit:
857 4158 988 4220 etcum
1023 4172 1089 4243 quo
1116 4157 1148 4219 te
1181 4148 1277 4221 decet
1303 4136 1429 4241 gloria,
1455 4147 1581 4236 bonor,
1618 4159 1650 4219 et
1681 4149 1853 4243 imperium
1885 4170 1961 4219 cum

593 4264 718 4361 Spiritu
744 4274 800 4336 tuo
828 4275 954 4337 sancto.

697 4380 859 4473 Populus.
911 4383 1031 4455 Amen.

697 4495 873 4567 Sacerdos
902 4497 1093 4568 inclinatas.
1146 4497 1299 4593 Amplius
1326 4501 1425 4571 etiam
1452 4508 1618 4571 memento
1645 4496 1805 4581 Domine,
1831 4496 1959 4568 Pasto-

592 4635 666 4684 rum
702 4611 903 4701 electorum,
930 4622 964 4684 et
988 4635 1147 4685 veromm
1183 4617 1237 4709 qui
1272 4614 1384 4706 legem
1418 4614 1600 4686 docuemnt
1633 4619 1809 4700 accurate,
1844 4632 1961 4681 eorum

590 4731 645 4823 qui
668 4726 826 4820 judicium
852 4726 938 4819 legis
966 4727 1162 4800 christianae
1187 4752 1272 4802 vere
1304 4741 1338 4801 et
1368 4741 1461 4802 recte
1495 4729 1824 4819 administraverunt,
1859 4737 1893 4800 et
1927 4729 1962 4798 in

586 4843 653 4915 lide
681 4842 898 4934 Ortbodoxa,
934 4867 980 4915 ex
1005 4848 1074 4917 vita
1100 4843 1164 4916 bac
1189 4844 1380 4937 laboriosa,
1414 4846 1456 4918 ad
1490 4850 1691 4938 unigenitum
1720 4844 1836 4916 Filium
1869 4850 1961 4913 tuum

589 4961 834 5051 migravenmt:
862 4982 977 5032 eorum
1006 4963 1060 5055 qui
1087 4984 1107 5032 a
1132 4962 1222 5035 Divo
1255 4960 1269 5000 ⁵
1294 4962 1425 5035 locobo
1443 4960 1693 5055 Theologorum
1706 4964 1870 5058 principe,
1896 4957 1962 5029 huc

591 5095 708 5168 usque,
735 5077 971 5170 mysteriomm
999 5076 1183 5151 diuinorum
1210 5079 1379 5151 scientiam
1406 5077 1570 5152 Ecclesiis
1603 5082 1666 5150 tuis
1690 5081 1822 5150 wsanctis
1849 5073 1961 5146 uam-

594 5188 721 5278 dcrunt,
748 5199 784 5262 et
810 5195 898 5264 omni
926 5216 1053 5286 genere
1079 5192 1320 5290 deprecationis
1346 5199 1398 5268 usi
1425 5206 1518 5285 sunt,
1551 5218 1613 5292 pro
1644 5193 1719 5266 filiis
1752 5195 1821 5267 suis
1853 5191 1961 5288 spiri·
2075 5240 2078 5247 ·

589 5305 741 5380 tualibus.
