5150 6534
789 834 1094 913 rarlrrr
1145 838 1837 944 irrationalique„
1908 844 1985 919 ιιι

712 1020 897 1094 Sucmdou
950 1020 1085 1095 Exaudi
1112 1045 1166 1094 me
1193 1025 1347 1098 Domine.

716 1137 796 1208 Tmo
822 1142 883 1208 nit.
935 1138 979 1210 Et
1006 1138 1160 1228 illabens,
1186 1139 1288 1213 faciat
1313 1165 1433 1237 panem
1461 1142 1593 1236 quidem
1620 1146 1717 1214 istum
1744 1166 1868 1239 corpus
1895 1168 1983 1219 san-

607 1263 695 1325 ctum
723 1252 846 1327 Christi
871 1255 936 1326 Dei
963 1256 1078 1326 nostri.

710 1367 873 1461 Populus.
926 1371 1046 1442 Amen.

711 1484 895 1557 Sacerdos.
949 1484 993 1558 Ει
1019 1489 1148 1557 mistum
1177 1488 1263 1581 quod
1297 1491 1329 1559 in
1364 1489 1468 1560 calice
1501 1500 1572 1576 cst,
1608 1494 1803 1581 sanguinem
1831 1493 1981 1584 ejusdem

608 1599 731 1674 Christi
748 1601 812 1673 Dei
839 1607 945 1675 nostri
972 1614 1008 1675 ut
1028 1626 1089 1700 per
1117 1607 1271 1677 unionem
1293 1627 1408 1677 eorum
1435 1605 1722 1695 sacramentalem,
1749 1609 1782 1677 in
1809 1609 1981 1682 animabus

606 1719 745 1790 nostris:
780 1729 813 1789 et
845 1720 1060 1814 corporibus,
1094 1724 1159 1791 sint
1189 1719 1287 1793 nobis
1321 1720 1363 1791 ad
1396 1721 1660 1793 emundationem
1690 1747 1709 1792 a
1743 1723 1900 1813 maculis,
1938 1726 1981 1799 ad

608 1844 820 1926 augmentum
847 1857 952 1907 verae
977 1835 1067 1924 lldei,
1094 1835 1137 1907 ad
1163 1839 1317 1908 virtutem
1354 1835 1619 1930 adipiscendam,
1652 1847 1686 1907 ct
1720 1838 1761 1909 ad
1793 1839 1981 1913 libertatem

608 1948 650 2021 ab
685 1948 837 2022 omuibus
871 1956 1033 2042 angustiis
1070 1951 1299 2033 obtinendam,
1332 1951 1493 2023 malorum
1530 1952 1777 2048 depulsionem,
1816 1953 1980 2028 bonorum

608 2064 859 2155 abundantiam,
900 2065 1165 2141 benedictionum
1207 2069 1408 2155 firmitatem,
1449 2068 1649 2141 concordiae
1687 2069 1980 2159 confirmationem,

607 2180 874 2276 tranquillitatem
900 2183 1034 2272 laetam,
1062 2182 1243 2256 sedulitatis
1273 2186 1528 2256 incrementum:
1558 2184 1599 2254 ad
1627 2188 1782 2255 viaticum
1809 2186 1901 2277 longi
1920 2190 1979 2258 iti-

606 2299 712 2369 neris:
739 2297 782 2368 ad
809 2296 1029 2369 arrhabonem
1051 2302 1141 2369 vitae
1160 2284 1341 2370 venturae:
1370 2310 1403 2369 et
1430 2300 1472 2371 ad
1499 2298 1629 2393 plcnam
1656 2303 1867 2372 securitatem
1895 2302 1980 2375 ubs-

606 2436 672 2508 que
704 2412 919 2501 confusione,
952 2437 1065 2485 coram
1094 2415 1180 2485 solio
1208 2424 1264 2487 tuo
1294 2414 1478 2501 tremendo,
1505 2426 1538 2485 et
1554 2415 1707 2487 terribili:
1735 2424 1770 2485 ιιι
1796 2415 1838 2488 ab
1866 2421 1978 2489 omni-

604 2529 680 2618 bus,
706 2551 770 2624 per
797 2534 906 2600 omnia
934 2541 967 2600 et
993 2540 1130 2624 propter
1157 2533 1268 2601 omnia
1295 2530 1480 2602 referamus
1508 2528 1566 2601 tibi
1592 2530 1735 2622 gloriam
1763 2541 1824 2601 etc.

709 2644 885 2716 Sacerdos
911 2646 1103 2717 inclinatus.
1158 2645 1300 2741 Suscipe
1327 2647 1522 2718 sacrificium
1550 2646 1614 2718 boc
1641 2647 1783 2719 Domine
1811 2669 1873 2740 pro
1897 2650 1977 2718 unl-

605 2783 707 2836 versa
733 2760 888 2834 Ecclesia
917 2773 970 2832 tua
999 2774 1131 2859 sancta,
1159 2772 1192 2833 et
1226 2762 1439 2834 Ortbndoxa:
1475 2784 1536 2856 pro
1569 2760 1789 2846 Patriarchis,
1824 2771 1857 2831 et
1888 2761 1978 2858 Epi-

605 2880 735 2974 scopis,
776 2877 1031 2963 Sacerdotibus,
1066 2879 1225 2950 Diaconis
1261 2889 1295 2948 et
1329 2878 1466 2972 reliquis
1500 2874 1657 2949 Clerieis:
1694 2899 1756 2974 pro
1792 2899 1845 2948 me
1880 2882 1977 2950 ctiam

604 2993 753 3082 murno,
779 2992 920 3083 inlecto,
947 3005 981 3064 et
1006 3016 1168 3088 percusso
1196 2993 1364 3067 ulceribus
1392 2996 1531 3089 peccati.

708 3109 858 3204 Elevons
890 3131 1016 3180 nocem.
1073 3110 1262 3181 Ecclesiam
1296 3119 1385 3180 tuam
1427 3116 1620 3179 coronatam
1663 3112 1751 3180 omni
1794 3110 1977 3180 sanctitatis

605 3247 735 3316 genere
769 3247 851 3297 orna
885 3236 917 3297 et
950 3226 1092 3297 illustra:
1128 3227 1287 3297 Pastores
1325 3235 1358 3295 et
1391 3236 1542 3296 rectores
1576 3226 1648 3314 ejus
1683 3225 1738 3317 qui
1771 3223 1911 3295 fideliter
1944 3236 1978 3296 et

605 3342 720 3414 sedulo
748 3350 908 3436 praesunt
934 3341 1059 3429 eidem,
1088 3343 1249 3436 sapientia
1281 3349 1315 3410 et
1347 3339 1471 3410 auxilio
1509 3339 1641 3429 adjuva.
1695 3338 1765 3409 Eos
1801 3360 1886 3409 vero
1923 3341 1977 3431 qui

605 3458 768 3530 adversus
796 3480 870 3528 eam
898 3458 1113 3545 contendunt,
1141 3456 1332 3528 fortitudine
1358 3453 1484 3526 brachii
1519 3459 1562 3525 tui
1596 3466 1734 3526 contere
1770 3464 1804 3524 ct
1838 3454 1977 3548 dissipa:

605 3595 787 3666 omnesque
812 3572 898 3645 lilios
926 3576 997 3664 ejus
1025 3571 1085 3643 sub
1122 3574 1183 3644 alis
1216 3571 1466 3644 misericordiae
1499 3581 1576 3641 tuac
1612 3592 1785 3661 congrega
1821 3578 1855 3640 ct
1889 3590 1977 3663 pru-

602 3699 697 3782 tege:
724 3698 862 3760 cunctos
890 3691 988 3759 etiam
1016 3710 1138 3761 servos
1166 3699 1199 3759 ct
1226 3689 1422 3760 adoratores
1451 3698 1524 3758 tuos
1558 3686 1598 3758 ab
1628 3686 1780 3758 omnibus
1813 3685 1975 3776 angustiis

601 3825 787 3898 pracserva
814 3815 847 3875 et
875 3804 1022 3875 custodi:
1050 3813 1084 3873 et
1109 3804 1293 3876 referemus
1321 3802 1377 3874 tibi
1405 3802 1565 3894 gloriam,
1593 3813 1655 3872 etc.

706 3919 882 3991 Sacerdos
908 3920 1101 3990 inclinatus.
1155 3921 1207 3992 Ne
1235 3930 1373 4016 propter
1401 3920 1588 4011 iniquitates
1624 3940 1717 3989 nreas
1745 3919 1888 3989 Domine
1915 3938 2004 3992 rc·.

599 4036 696 4126 jicias
725 4034 911 4107 oblationes
937 4035 1015 4122 lias,
1044 4059 1129 4128 (putare
1156 4035 1307 4107 rrrarribus
1344 4038 1425 4105 meis
1459 4034 1594 4104 infirmis
1628 4034 1760 4106 oblatae
1796 4031 1854 4103 tibi
1888 4042 1974 4112 sunt,

601 4151 660 4222 sed
688 4157 822 4247 suscipe
850 4175 910 4223 eas
937 4156 1166 4247 pergratiam
1193 4164 1303 4239 tuam,
1332 4162 1364 4222 et
1391 4152 1446 4222 iac
1472 4153 1664 4221 memorium
1692 4149 1832 4235 bonam,
1861 4149 1973 4219 omni-

600 4265 663 4338 bus
692 4269 745 4361 qui
785 4265 912 4337 illarum
949 4272 1130 4363 participes
1163 4278 1257 4357 sunt,
1293 4278 1326 4338 et
1358 4289 1474 4338 eorum
1508 4268 1650 4337 omnium
1684 4268 1738 4359 qui
1775 4272 1975 4357 optaverunt

599 4382 722 4456 ollerre
750 4384 809 4455 sed
836 4382 1025 4454 facultatem
1053 4407 1120 4455 non
1154 4381 1354 4471 babuerunt3
1387 4393 1422 4453 ut
1458 4403 1572 4453 eorum
1610 4384 1753 4452 omnium
1790 4381 1845 4472 qui
1881 4401 1972 4471 quo-

600 4521 741 4594 cumque
768 4511 919 4593 tempore
947 4510 979 4570 et
1007 4523 1212 4593 quacumque
1238 4502 1369 4571 ratione
1397 4520 1510 4569 curam
1536 4495 1658 4567 habent
1688 4494 1864 4584 Ecclesiae
1898 4504 1973 4563 tuac

598 4624 747 4689 sanctae.

703 4731 853 4801 Eteonon
886 4754 1011 4801 cocem.
1066 4731 1208 4826 Suscipe
1246 4752 1378 4824 quoquc
1416 4751 1478 4822 per
1516 4731 1656 4819 gratiam
1691 4737 1780 4808 tuam
1813 4724 1971 4809 decimas,

597 4848 778 4943 primitias,
807 4856 840 4917 et
867 4844 1054 4919 oblationes
1082 4869 1198 4918 eorum
1227 4850 1281 4939 qui
1308 4868 1382 4916 cum
1409 4843 1474 4916 fide
1507 4865 1589 4914 vera
1626 4864 1685 4913 eas
1717 4846 1972 4934 separaverunt,

597 4969 634 5032 et
658 4961 836 5034 attulerunt
863 4961 905 5033 ad
932 4961 1121 5033 Ecclesiam
1148 4972 1236 5032 tuam
1264 4971 1424 5033 sanctam.
1477 4961 1617 5031 Praesta
1645 4956 1708 5027 illis
1726 4977 1839 5026 earum
1858 4952 1971 5025 bene·

596 5076 693 5166 linio,
719 5081 1067 5151 commemorationem
1096 5076 1136 5149 nd
1164 5076 1270 5148 altare
1298 5086 1385 5146 tuum
1412 5073 1580 5163 coeleste,
1605 5093 1672 5143 non
1699 5091 1796 5141 manu
1832 5065 1970 5139 factum:

597 5212 707 5288 neque
735 5195 876 5285 gemitus
913 5204 946 5263 et
979 5193 1230 5265 obsecrationes
1267 5190 1513 5286 deprecantium
1548 5200 1581 5260 tc
1616 5186 1782 5282 despicias
1815 5184 1971 5269 Domine,

595 5302 695 5399 plene
731 5308 967 5381 misericordia.
993 5391 1003 5404 ἱ
1029 5308 1100 5380 Eos
1135 5310 1191 5403 qui
1224 5308 1411 5400 angustiam
1444 5307 1578 5401 spiritus
1606 5298 1796 5397 'patiuntur,
1836 5319 1971 5376 recrea:
