5150 6534
593 851 667 927 350
1096 853 1453 931 litunutn

695 1038 857 1133 Populus.
908 1040 1028 1112 Amen

694 1155 869 1227 Sacerdos
887 1158 1078 1229 inclinatas.
1112 1156 1307 1229 Pastoribus
1330 1178 1376 1228 ex
1395 1178 1535 1251 quorum
1553 1165 1673 1229 vonna
1693 1153 1826 1229 llumina
1849 1179 1961 1252 aquae

591 1275 693 1344 vivae
719 1270 907 1344 fluxerunt:
938 1276 1057 1368 quique
1083 1281 1195 1368 potum
1222 1272 1401 1344 salutarem
1427 1272 1549 1345 ovibus
1574 1280 1610 1344 et
1635 1273 1732 1364 agnis
1758 1274 1823 1344 tuis
1849 1294 1959 1367 prae-

589 1384 748 1476 buerunt,
785 1397 920 1482 praesta
959 1388 1118 1476 Domine,
1154 1389 1347 1460 memoriam
1381 1391 1513 1484 pietatis
1549 1386 1692 1464 tonans
1725 1410 1857 1484 nosque
1897 1411 1961 1485 per

589 1501 720 1577 illorum
747 1506 1006 1578 intercessiones
1033 1504 1171 1577 custodi.
1221 1494 1246 1543 ‘
1769 1518 1771 1520 ’

693 1620 844 1691 Elevans
869 1643 994 1692 cocera.
1052 1619 1098 1693 Ut
1128 1619 1258 1693 iDorum
1291 1620 1441 1695 doctrina
1474 1620 1611 1692 salutari
1643 1618 1892 1694 confirmemur:
1925 1628 1960 1694 et

591 1735 755 1830 exemplis
783 1745 913 1831 patrum
939 1760 1055 1809 eorum
1081 1738 1288 1826 insistamus,
1317 1746 1415 1832 etque
1440 1738 1486 1808 ita
1512 1746 1605 1808 sorte
1631 1747 1665 1808 ct
1690 1734 1836 1808 iumcdo
1867 1735 1957 1808 hae-

589 1850 738 1923 reditatis
766 1874 882 1924 eorum
907 1875 971 1927 nos
998 1852 1117 1944 dignos
1145 1852 1286 1941 cilicias,
1318 1863 1352 1924 et
1384 1855 1469 1924 inter
1502 1874 1580 1941 cos,
1613 1851 1737 1938 utili,
1767 1849 1957 1925 referemus

588 1965 646 2038 tibi
673 1966 824 2058 gloriam.

691 2083 853 2176 Populos.
905 2085 1025 2155 Amen.

691 2198 868 2272 Sacerdos
890 2199 1081 2270 inclinatas.
1121 2196 1361 2269 Defunctorum
1380 2198 1435 2291 qui
1454 2196 1663 2269 crediderunt
1680 2200 1855 2294 promissis
1876 2200 1957 2269 uni-

588 2319 691 2408 geniti
713 2314 787 2386 Filii
804 2318 863 2407 tui,
891 2325 923 2388 et
949 2318 983 2386 in
1010 2335 1071 2410 spe
1091 2315 1348 2386 resumectionis
1375 2310 1635 2402 obdormierunt,
1661 2334 1741 2387 ossa
1766 2317 1801 2385 in
1827 2312 1957 2409 pulve-¹

587 2453 659 2502 rem
687 2430 841 2520 redacm,
875 2431 1014 2502 odorem
1040 2432 1264 2503 suscitationis
1292 2430 1415 2501 sentire
1440 2427 1513 2502 iac:
1549 2431 1675 2501 ammas
1705 2451 1821 2501 eorum
1853 2429 1956 2501 reduc

588 2547 630 2618 ad
657 2569 772 2618 eorum
799 2547 979 2635 cadavera,
1006 2557 1041 2617 et
1065 2547 1390 2641 praevaricationum
1417 2542 1548 2617 illorum
1574 2567 1619 2616 ne
1644 2547 1842 2617 meminoris

691 2662 842 2733 Eteonos
875 2675 1000 2734 cocern.
1063 2661 1107 2733 Ut
1140 2683 1204 2757 per
1236 2671 1268 2732 te
1304 2684 1324 2732 a
1355 2670 1463 2732 morto
1495 2659 1655 2757 spirituali
1687 2658 1836 2746 liberati,
1868 2669 1903 2732 et
1935 2684 1956 2733 a

587 2779 721 2871 gurgite
747 2778 942 2874 perditionis
973 2777 1081 2849 educti
1107 2786 1141 2849 et
1167 2801 1187 2849 a
1213 2776 1292 2849 limo
1320 2781 1543 2872 corruptionis
1569 2779 1722 2865 extracti,
1748 2798 1836 2849 nunc
1852 2775 1955 2849 fortes

586 2905 765 2988 resurgant
791 2904 825 2966 ct
851 2905 1007 2967 enarrent
1031 2892 1254 2965 tortitudinem
1281 2903 1316 2963 ct
1348 2896 1489 2985 gratiam
1516 2897 1676 2986 unigeniti
1701 2892 1775 2965 Filii
1808 2896 1867 2981 tui,
1893 2915 1955 2988 per

587 3033 694 3105 quernw
711 3033 774 3082 nos
801 3033 933 3106 quoquc
960 3010 1221 3084 misericordiam
1249 3013 1412 3104 consequi
1438 3031 1624 3105 speramus,
1658 3011 1956 3104 remissionemque

586 3137 803 3222 peccatorum
830 3149 916 3222 quae
942 3136 1078 3222 propter
1105 3148 1180 3197 eum
1207 3136 1277 3215 est,
1304 3135 1372 3198 tam
1397 3123 1508 3217 notis,
1535 3149 1633 3222 mam
1659 3124 1732 3198 illis.

691 3243 853 3336 Papulas.
906 3244 1057 3329 Quietem
1084 3250 1229 3338 praesta.

695 3358 880 3430 Sacerdos.
933 3357 977 3430 llt
1003 3380 1114 3433 novos
1140 3381 1202 3455 per
1229 3357 1407 3431 secundam
1433 3357 1664 3431 formationem
1691 3357 1808 3447 iactos,
1834 3380 1955 3431 resur-

588 3487 786 3569 gentesque,
814 3473 856 3546 ad
883 3478 1077 3548 convivium
1104 3474 1276 3570 spirituale
1302 3477 1336 3545 in
1361 3485 1543 3571 conspectu
1569 3485 1647 3560 nro,
1681 3497 1744 3548 nos
1770 3486 1954 3548 renovatos

587 3602 663 3662 tuos
691 3591 873 3686 aequaliter
899 3595 1080 3686 pervenire
1106 3601 1254 3687 praesta,
1280 3602 1316 3663 ut
1341 3594 1375 3661 in
1400 3589 1480 3677 hoc,
1516 3595 1602 3664 sicut
1633 3593 1666 3662 in
1701 3588 1835 3685 reliquis
1870 3590 1953 3684 glo-
1985 3678 1992 3694 ·

587 3705 742 3795 rificetur,
777 3717 811 3778 et
836 3707 987 3779 laudetur
1012 3729 1134 3779 nomen
1166 3719 1254 3780 tuum
1287 3707 1565 3799 gloriosissimum
1597 3719 1631 3780 et
1661 3705 1887 3796 benedictum,
1919 3718 1954 3780 ut

587 3826 686 3894 etiam
713 3824 846 3895 Domini
872 3826 977 3895 nostri
1003 3823 1085 3896 lesu
1112 3820 1233 3895 Christi
1260 3832 1295 3895 et
1320 3822 1462 3920 Spiritus
1488 3825 1593 3896 sancti
1610 3845 1707 3913 nunc,
1733 3834 1797 3897 etc.

690 3939 851 4031 Populus.
903 3937 956 4011 Ut.

690 4054 874 4126 Sacerdos.
927 4055 1011 4127 Pax,

690 4171 852 4265 Populus.
904 4169 948 4243 llt
974 4193 1048 4243 cum
1077 4173 1191 4266 spiritu
1218 4181 1284 4242 tuo.

691 4287 875 4358 Sacerdos.
927 4285 1180 4359 Misericordiae
1206 4285 1270 4357 Dei
1298 4287 1373 4358 sint.

690 4403 852 4496 Papulas.
904 4399 948 4474 Et
974 4425 1048 4474 cum
1074 4404 1189 4498 spiritu
1215 4413 1282 4474 tuo.

675 4519 869 4590 Sacerdos
891 4521 1025 4614 sranpit
1050 4524 1085 4589 et
1110 4517 1223 4614 sipost
1248 4518 1374 4606 diceas.
1427 4516 1611 4590 Credimus.

691 4634 869 4706 Diaconos
895 4633 968 4704 alta
992 4656 1078 4705 soce
1103 4634 1188 4705 dicit
1214 4633 1434 4705 causticam.

848 4908 1023 4981 Sacerdos
1049 4909 1132 4979 dicit
1160 4908 1357 4980 &ationem
1382 4907 1430 4979 ad
1454 4908 1554 4980 Pater
1579 4917 1704 4980 noster.

692 5095 810 5190 Tange
843 5098 1003 5187 Domine,
1039 5118 1200 5188 organum
1236 5096 1407 5193 spirituale
1443 5107 1612 5186 noenum,
1645 5095 1733 5192 quod
1764 5095 1806 5169 ad
1837 5094 1954 5168 laudes

588 5224 661 5286 tuas
688 5213 873 5285 ordinatum
899 5224 962 5302 cst,
989 5212 1108 5301 studia,
1135 5220 1168 5283 ct
1195 5211 1330 5287 allectus
1357 5236 1432 5286 cum
1452 5210 1600 5286 motibus
1628 5223 1663 5284 ct
1696 5212 1953 5305 cogitationibus

590 5353 675 5425 quae
707 5351 770 5400 nos
804 5327 999 5401 conturbant
1033 5339 1201 5424 tempera,
1238 5339 1275 5402 ut
1309 5328 1488 5402 secundnm
1522 5330 1760 5403 institutionem
1790 5329 1954 5422 unigeniti
