<?xml version="1.0" encoding="UTF-8"?>
<!DOCTYPE html PUBLIC "-//W3C//DTD XHTML 1.0 Transitional//EN"
    "http://www.w3.org/TR/xhtml1/DTD/xhtml1-transitional.dtd">
<html xmlns="http://www.w3.org/1999/xhtml" xml:lang="en" lang="en">
 <head>
  <title>
</title>
<meta http-equiv="Content-Type" content="text/html;charset=utf-8" />
  <meta name='ocr-system' content='tesseract 3.04.00' />
  <meta name='ocr-capabilities' content='ocr_page ocr_carea ocr_par ocr_line ocrx_word'/>
</head>
<body>
  <div class='ocr_page' id='page_1' title='image "./liturgiarumorie00renagoog_0500.png"; bbox 0 0 5150 6534; ppageno 0'>
   <div class='ocr_carea' id='block_1_1' title="bbox 597 841 1523 919">
    <p class='ocr_par' dir='ltr' id='par_1_1' title="bbox 597 841 1523 919">
     <span class='ocr_line' id='line_1_1' title="bbox 597 841 1523 919; baseline 0.002 -5"><span class='ocrx_word' id='word_1_1' title='bbox 597 842 670 914; x_wconf 86' lang='grc'>462</span> <span class='ocrx_word' id='word_1_2' title='bbox 1100 841 1523 919; x_wconf 80' lang='lat' dir='ltr'>ututttttttt.</span> 
     </span>
    </p>
   </div>
   <div class='ocr_carea' id='block_1_2' title="bbox 591 1028 1990 5413">
    <p class='ocr_par' dir='ltr' id='par_1_2' title="bbox 595 1028 1968 1239">
     <span class='ocr_line' id='line_1_2' title="bbox 595 1028 1968 1126; baseline 0.004 -29"><span class='ocrx_word' id='word_1_3' title='bbox 595 1051 665 1097; x_wconf 89' lang='lat' dir='ltr'>mm</span> <span class='ocrx_word' id='word_1_4' title='bbox 694 1032 748 1122; x_wconf 91' lang='lat' dir='ltr'>qui</span> <span class='ocrx_word' id='word_1_5' title='bbox 776 1032 960 1100; x_wconf 88' lang='lat' dir='ltr'>orationem</span> <span class='ocrx_word' id='word_1_6' title='bbox 979 1038 1126 1099; x_wconf 88' lang='lat' dir='ltr'>nostram</span> <span class='ocrx_word' id='word_1_7' title='bbox 1148 1031 1328 1123; x_wconf 87' lang='lat' dir='ltr'>petiemut:</span> <span class='ocrx_word' id='word_1_8' title='bbox 1347 1030 1522 1122; x_wconf 91' lang='lat' dir='ltr'>uuicuique</span> <span class='ocrx_word' id='word_1_9' title='bbox 1539 1028 1689 1100; x_wconf 84' lang='lat' dir='ltr'>concede</span> <span class='ocrx_word' id='word_1_10' title='bbox 1704 1032 1851 1102; x_wconf 88' lang='lat' dir='ltr'><strong>Domine</strong></span> <span class='ocrx_word' id='word_1_11' title='bbox 1865 1030 1968 1126; x_wconf 90' lang='lat' dir='ltr'>quid-</span> 
     </span>
     <span class='ocr_line' id='line_1_3' title="bbox 597 1142 1862 1239; baseline 0.006 -27"><span class='ocrx_word' id='word_1_12' title='bbox 597 1144 671 1238; x_wconf 90' lang='lat' dir='ltr'>quid</span> <span class='ocrx_word' id='word_1_13' title='bbox 699 1145 740 1215; x_wconf 89' lang='lat' dir='ltr'>ad</span> <span class='ocrx_word' id='word_1_14' title='bbox 768 1146 925 1216; x_wconf 89' lang='lat' dir='ltr'>auxilium</span> <span class='ocrx_word' id='word_1_15' title='bbox 952 1148 1110 1239; x_wconf 75' lang='lat' dir='ltr'>pertinet,</span> <span class='ocrx_word' id='word_1_16' title='bbox 1138 1142 1239 1214; x_wconf 90' lang='lat' dir='ltr'>etad</span> <span class='ocrx_word' id='word_1_17' title='bbox 1266 1142 1492 1215; x_wconf 90' lang='lat' dir='ltr'>deducendum</span> <span class='ocrx_word' id='word_1_18' title='bbox 1520 1148 1552 1215; x_wconf 90' lang='lat' dir='ltr'>in</span> <span class='ocrx_word' id='word_1_19' title='bbox 1579 1144 1764 1219; x_wconf 84' lang='lat' dir='ltr'>habitacula</span> <span class='ocrx_word' id='word_1_20' title='bbox 1794 1158 1862 1219; x_wconf 82' lang='lat' dir='ltr'>tua.</span> 
     </span>
    </p>

    <p class='ocr_par' dir='ltr' id='par_1_3' title="bbox 592 1259 1965 2976">
     <span class='ocr_line' id='line_1_4' title="bbox 698 1259 1965 1336; baseline 0.006 -6"><span class='ocrx_word' id='word_1_21' title='bbox 698 1259 873 1330; x_wconf 81' lang='lat' dir='ltr'>Sacerdos</span> <span class='ocrx_word' id='word_1_22' title='bbox 899 1260 1035 1330; x_wconf 84' lang='lat' dir='ltr'>elecaac</span> <span class='ocrx_word' id='word_1_23' title='bbox 1051 1281 1176 1330; x_wconf 70' lang='lat' dir='ltr'>vocem.</span> <span class='ocrx_word' id='word_1_24' title='bbox 1230 1260 1296 1330; x_wconf 92' lang='lat' dir='ltr'>Per</span> <span class='ocrx_word' id='word_1_25' title='bbox 1323 1259 1473 1331; x_wconf 88' lang='lat' dir='ltr'>eamdem</span> <span class='ocrx_word' id='word_1_26' title='bbox 1494 1261 1752 1334; x_wconf 87' lang='lat' dir='ltr'>misericordiam</span> <span class='ocrx_word' id='word_1_27' title='bbox 1781 1275 1875 1336; x_wconf 88' lang='lat' dir='ltr'>tuam</span> <span class='ocrx_word' id='word_1_28' title='bbox 1903 1286 1965 1335; x_wconf 89' lang='lat' dir='ltr'>es-</span> 
     </span>
     <span class='ocr_line' id='line_1_5' title="bbox 595 1374 1964 1471; baseline 0.004 -25"><span class='ocrx_word' id='word_1_29' title='bbox 595 1375 777 1464; x_wconf 71' lang='lat' dir='ltr'>sentialem</span> <span class='ocrx_word' id='word_1_30' title='bbox 804 1377 927 1467; x_wconf 86' lang='lat' dir='ltr'>largire</span> <span class='ocrx_word' id='word_1_31' title='bbox 953 1374 1051 1447; x_wconf 90' lang='lat' dir='ltr'>nobis</span> <span class='ocrx_word' id='word_1_32' title='bbox 1079 1396 1164 1467; x_wconf 91' lang='lat' dir='ltr'>quae</span> <span class='ocrx_word' id='word_1_33' title='bbox 1191 1397 1210 1444; x_wconf 88' lang='lat' dir='ltr'>a</span> <span class='ocrx_word' id='word_1_34' title='bbox 1239 1384 1271 1443; x_wconf 91' lang='lat' dir='ltr'>te</span> <span class='ocrx_word' id='word_1_35' title='bbox 1297 1377 1437 1467; x_wconf 89' lang='lat' dir='ltr'>petimus</span> <span class='ocrx_word' id='word_1_36' title='bbox 1465 1383 1532 1446; x_wconf 90' lang='lat' dir='ltr'>tam</span> <span class='ocrx_word' id='word_1_37' title='bbox 1556 1398 1662 1471; x_wconf 89' lang='lat' dir='ltr'>parva</span> <span class='ocrx_word' id='word_1_38' title='bbox 1698 1401 1796 1471; x_wconf 88' lang='lat' dir='ltr'>quam</span> <span class='ocrx_word' id='word_1_39' title='bbox 1830 1401 1964 1471; x_wconf 71' lang='lat' dir='ltr'>magua</span> 
     </span>
     <span class='ocr_line' id='line_1_6' title="bbox 594 1488 1963 1587; baseline 0.002 -25"><span class='ocrx_word' id='word_1_40' title='bbox 594 1492 681 1562; x_wconf 80' lang='lat' dir='ltr'>Audi</span> <span class='ocrx_word' id='word_1_41' title='bbox 715 1514 795 1580; x_wconf 30' lang='lat' dir='ltr'>nost,</span> <span class='ocrx_word' id='word_1_42' title='bbox 829 1494 979 1586; x_wconf 81' lang='lat' dir='ltr'>quamvis</span> <span class='ocrx_word' id='word_1_43' title='bbox 1018 1501 1052 1560; x_wconf 91' lang='lat' dir='ltr'>te</span> <span class='ocrx_word' id='word_1_44' title='bbox 1087 1488 1251 1559; x_wconf 85' lang='lat' dir='ltr'>imbecille</span> <span class='ocrx_word' id='word_1_45' title='bbox 1284 1493 1497 1561; x_wconf 85' lang='lat' dir='ltr'>invocamus:</span> <span class='ocrx_word' id='word_1_46' title='bbox 1541 1495 1635 1586; x_wconf 90' lang='lat' dir='ltr'>aperi</span> <span class='ocrx_word' id='word_1_47' title='bbox 1667 1493 1766 1566; x_wconf 91' lang='lat' dir='ltr'>nobis</span> <span class='ocrx_word' id='word_1_48' title='bbox 1808 1504 1963 1587; x_wconf 86' lang='lat' dir='ltr'>quantum</span> 
     </span>
     <span class='ocr_line' id='line_1_7' title="bbox 593 1606 1964 1700; baseline 0.004 -25"><span class='ocrx_word' id='word_1_49' title='bbox 593 1606 673 1678; x_wconf 91' lang='lat' dir='ltr'>libet</span> <span class='ocrx_word' id='word_1_50' title='bbox 707 1607 867 1698; x_wconf 84' lang='lat' dir='ltr'>indignis:</span> <span class='ocrx_word' id='word_1_51' title='bbox 909 1606 1029 1697; x_wconf 87' lang='lat' dir='ltr'>adjuva</span> <span class='ocrx_word' id='word_1_52' title='bbox 1064 1629 1126 1677; x_wconf 93' lang='lat' dir='ltr'>nos</span> <span class='ocrx_word' id='word_1_53' title='bbox 1162 1627 1348 1698; x_wconf 92' lang='lat' dir='ltr'>quanquam</span> <span class='ocrx_word' id='word_1_54' title='bbox 1391 1608 1585 1700; x_wconf 85' lang='lat' dir='ltr'>insipienter</span> <span class='ocrx_word' id='word_1_55' title='bbox 1619 1611 1766 1699; x_wconf 81' lang='lat' dir='ltr'>egimus:</span> <span class='ocrx_word' id='word_1_56' title='bbox 1803 1608 1964 1682; x_wconf 77' lang='lat' dir='ltr'>confirma</span> 
     </span>
     <span class='ocr_line' id='line_1_8' title="bbox 593 1720 1963 1818; baseline 0.001 -24"><span class='ocrx_word' id='word_1_57' title='bbox 593 1746 668 1800; x_wconf 63' lang='lat' dir='ltr'>nosq</span> <span class='ocrx_word' id='word_1_58' title='bbox 697 1723 959 1818; x_wconf 88' lang='lat' dir='ltr'>quandoquidem</span> <span class='ocrx_word' id='word_1_59' title='bbox 987 1732 1246 1817; x_wconf 86' lang='lat' dir='ltr'>perseveranter</span> <span class='ocrx_word' id='word_1_60' title='bbox 1272 1720 1460 1816; x_wconf 89' lang='lat' dir='ltr'>pulsamus:</span> <span class='ocrx_word' id='word_1_61' title='bbox 1487 1726 1650 1794; x_wconf 90' lang='lat' dir='ltr'>miserere</span> <span class='ocrx_word' id='word_1_62' title='bbox 1675 1723 1774 1796; x_wconf 92' lang='lat' dir='ltr'>nobis</span> <span class='ocrx_word' id='word_1_63' title='bbox 1801 1724 1881 1796; x_wconf 89' lang='lat' dir='ltr'>licet</span> <span class='ocrx_word' id='word_1_64' title='bbox 1907 1727 1963 1796; x_wconf 91' lang='lat' dir='ltr'>iu-</span> 
     </span>
     <span class='ocr_line' id='line_1_9' title="bbox 595 1837 1962 1930; baseline 0.004 -21"><span class='ocrx_word' id='word_1_65' title='bbox 595 1840 684 1930; x_wconf 80' lang='lat' dir='ltr'>digni</span> <span class='ocrx_word' id='word_1_66' title='bbox 712 1844 830 1909; x_wconf 91' lang='lat' dir='ltr'>simus:</span> <span class='ocrx_word' id='word_1_67' title='bbox 858 1838 1009 1910; x_wconf 85' lang='lat' dir='ltr'>conforta</span> <span class='ocrx_word' id='word_1_68' title='bbox 1036 1859 1099 1908; x_wconf 93' lang='lat' dir='ltr'>nos</span> <span class='ocrx_word' id='word_1_69' title='bbox 1126 1837 1263 1923; x_wconf 67' lang='lat' dir='ltr'>robore,</span> <span class='ocrx_word' id='word_1_70' title='bbox 1292 1841 1444 1930; x_wconf 90' lang='lat' dir='ltr'>quamvis</span> <span class='ocrx_word' id='word_1_71' title='bbox 1471 1838 1666 1911; x_wconf 84' lang='lat' dir='ltr'>audaciores</span> <span class='ocrx_word' id='word_1_72' title='bbox 1693 1844 1807 1912; x_wconf 93' lang='lat' dir='ltr'>simus.</span> <span class='ocrx_word' id='word_1_73' title='bbox 1855 1840 1962 1914; x_wconf 83' lang='lat' dir='ltr'>Parce</span> 
     </span>
     <span class='ocr_line' id='line_1_10' title="bbox 594 1952 1961 2049; baseline 0.002 -23"><span class='ocrx_word' id='word_1_74' title='bbox 594 1955 846 2049; x_wconf 82' lang='lat' dir='ltr'>peccatoribus,</span> <span class='ocrx_word' id='word_1_75' title='bbox 875 1955 997 2024; x_wconf 85' lang='lat' dir='ltr'>dimitte</span> <span class='ocrx_word' id='word_1_76' title='bbox 1024 1957 1218 2048; x_wconf 84' lang='lat' dir='ltr'>insipienter</span> <span class='ocrx_word' id='word_1_77' title='bbox 1248 1952 1441 2045; x_wconf 91' lang='lat' dir='ltr'>agentibus:</span> <span class='ocrx_word' id='word_1_78' title='bbox 1474 1955 1580 2026; x_wconf 87' lang='lat' dir='ltr'>adduc</span> <span class='ocrx_word' id='word_1_79' title='bbox 1614 1960 1646 2025; x_wconf 93' lang='lat' dir='ltr'>in</span> <span class='ocrx_word' id='word_1_80' title='bbox 1683 1978 1783 2027; x_wconf 93' lang='lat' dir='ltr'>unum</span> <span class='ocrx_word' id='word_1_81' title='bbox 1818 1956 1961 2044; x_wconf 71' lang='lat' dir='ltr'>diuisos,</span> 
     </span>
     <span class='ocr_line' id='line_1_11' title="bbox 594 2069 1958 2167; baseline 0.001 -27"><span class='ocrx_word' id='word_1_82' title='bbox 594 2071 697 2142; x_wconf 88' lang='lat' dir='ltr'>reduc</span> <span class='ocrx_word' id='word_1_83' title='bbox 724 2071 767 2141; x_wconf 93' lang='lat' dir='ltr'>ad</span> <span class='ocrx_word' id='word_1_84' title='bbox 793 2070 1003 2142; x_wconf 91' lang='lat' dir='ltr'>concordiam</span> <span class='ocrx_word' id='word_1_85' title='bbox 1032 2069 1246 2141; x_wconf 90' lang='lat' dir='ltr'>dissidentes:</span> <span class='ocrx_word' id='word_1_86' title='bbox 1274 2080 1425 2140; x_wconf 83' lang='lat' dir='ltr'>errantes</span> <span class='ocrx_word' id='word_1_87' title='bbox 1445 2092 1583 2157; x_wconf 87' lang='lat' dir='ltr'>revoca,</span> <span class='ocrx_word' id='word_1_88' title='bbox 1611 2075 1704 2163; x_wconf 90' lang='lat' dir='ltr'>erige</span> <span class='ocrx_word' id='word_1_89' title='bbox 1731 2094 1794 2144; x_wconf 91' lang='lat' dir='ltr'>eos</span> <span class='ocrx_word' id='word_1_90' title='bbox 1822 2075 1958 2167; x_wconf 89' lang='lat' dir='ltr'>quice-</span> 
     </span>
     <span class='ocr_line' id='line_1_12' title="bbox 594 2183 1958 2281; baseline 0.003 -26"><span class='ocrx_word' id='word_1_91' title='bbox 594 2187 759 2257; x_wconf 82' lang='lat' dir='ltr'>ciderunt:</span> <span class='ocrx_word' id='word_1_92' title='bbox 792 2184 959 2281; x_wconf 89' lang='lat' dir='ltr'>orphanos</span> <span class='ocrx_word' id='word_1_93' title='bbox 994 2187 1195 2258; x_wconf 90' lang='lat' dir='ltr'>necessariis</span> <span class='ocrx_word' id='word_1_94' title='bbox 1228 2183 1329 2256; x_wconf 91' lang='lat' dir='ltr'>rebus</span> <span class='ocrx_word' id='word_1_95' title='bbox 1357 2189 1497 2257; x_wconf 92' lang='lat' dir='ltr'>instrue:</span> <span class='ocrx_word' id='word_1_96' title='bbox 1530 2196 1663 2281; x_wconf 92' lang='lat' dir='ltr'>praesta</span> <span class='ocrx_word' id='word_1_97' title='bbox 1694 2190 1813 2278; x_wconf 85' lang='lat' dir='ltr'>egenis</span> <span class='ocrx_word' id='word_1_98' title='bbox 1848 2186 1958 2260; x_wconf 90' lang='lat' dir='ltr'>abuu-</span> 
     </span>
     <span class='ocr_line' id='line_1_13' title="bbox 595 2300 1959 2396; baseline 0.004 -25"><span class='ocrx_word' id='word_1_99' title='bbox 595 2302 747 2388; x_wconf 83' lang='lat' dir='ltr'>damiam,</span> <span class='ocrx_word' id='word_1_100' title='bbox 776 2313 809 2372; x_wconf 87' lang='lat' dir='ltr'>et</span> <span class='ocrx_word' id='word_1_101' title='bbox 835 2306 986 2396; x_wconf 86' lang='lat' dir='ltr'>captivos</span> <span class='ocrx_word' id='word_1_102' title='bbox 1014 2306 1047 2372; x_wconf 92' lang='lat' dir='ltr'>in</span> <span class='ocrx_word' id='word_1_103' title='bbox 1073 2300 1257 2372; x_wconf 90' lang='lat' dir='ltr'>libertatem</span> <span class='ocrx_word' id='word_1_104' title='bbox 1284 2306 1431 2373; x_wconf 87' lang='lat' dir='ltr'>restitue.</span> <span class='ocrx_word' id='word_1_105' title='bbox 1477 2300 1631 2373; x_wconf 82' lang='lat' dir='ltr'>Extende</span> <span class='ocrx_word' id='word_1_106' title='bbox 1656 2304 1801 2373; x_wconf 89' lang='lat' dir='ltr'>Domine</span> <span class='ocrx_word' id='word_1_107' title='bbox 1827 2327 1959 2376; x_wconf 88' lang='lat' dir='ltr'>uranum</span> 
     </span>
     <span class='ocr_line' id='line_1_14' title="bbox 593 2416 1959 2513; baseline 0.002 -26"><span class='ocrx_word' id='word_1_108' title='bbox 593 2430 682 2488; x_wconf 88' lang='lat' dir='ltr'>taam</span> <span class='ocrx_word' id='word_1_109' title='bbox 716 2420 748 2487; x_wconf 93' lang='lat' dir='ltr'>in</span> <span class='ocrx_word' id='word_1_110' title='bbox 776 2416 963 2488; x_wconf 89' lang='lat' dir='ltr'>excelsum:</span> <span class='ocrx_word' id='word_1_111' title='bbox 997 2417 1173 2489; x_wconf 89' lang='lat' dir='ltr'>consolare</span> <span class='ocrx_word' id='word_1_112' title='bbox 1206 2416 1374 2490; x_wconf 89' lang='lat' dir='ltr'>advenas:</span> <span class='ocrx_word' id='word_1_113' title='bbox 1409 2421 1551 2490; x_wconf 90' lang='lat' dir='ltr'>animum</span> <span class='ocrx_word' id='word_1_114' title='bbox 1579 2421 1708 2512; x_wconf 91' lang='lat' dir='ltr'>inspira</span> <span class='ocrx_word' id='word_1_115' title='bbox 1739 2417 1805 2489; x_wconf 90' lang='lat' dir='ltr'>illis</span> <span class='ocrx_word' id='word_1_116' title='bbox 1840 2422 1895 2513; x_wconf 90' lang='lat' dir='ltr'>qui</span> <span class='ocrx_word' id='word_1_117' title='bbox 1928 2430 1959 2490; x_wconf 88' lang='lat' dir='ltr'>te</span> 
     </span>
     <span class='ocr_line' id='line_1_15' title="bbox 594 2533 1959 2629; baseline 0.001 -26"><span class='ocrx_word' id='word_1_118' title='bbox 594 2533 739 2604; x_wconf 87' lang='lat' dir='ltr'>coniessi</span> <span class='ocrx_word' id='word_1_119' title='bbox 772 2545 846 2604; x_wconf 92' lang='lat' dir='ltr'>sunt</span> <span class='ocrx_word' id='word_1_120' title='bbox 876 2543 989 2618; x_wconf 72' lang='lat' dir='ltr'>recte,</span> <span class='ocrx_word' id='word_1_121' title='bbox 1032 2546 1066 2603; x_wconf 90' lang='lat' dir='ltr'>et</span> <span class='ocrx_word' id='word_1_122' title='bbox 1101 2537 1199 2604; x_wconf 89' lang='lat' dir='ltr'>etiam</span> <span class='ocrx_word' id='word_1_123' title='bbox 1245 2535 1451 2607; x_wconf 83' lang='lat' dir='ltr'>confitentur.</span> <span class='ocrx_word' id='word_1_124' title='bbox 1504 2534 1645 2628; x_wconf 88' lang='lat' dir='ltr'>Suscipe</span> <span class='ocrx_word' id='word_1_125' title='bbox 1685 2556 1818 2629; x_wconf 91' lang='lat' dir='ltr'>quoque</span> <span class='ocrx_word' id='word_1_126' title='bbox 1860 2533 1959 2605; x_wconf 89' lang='lat' dir='ltr'>obla-</span> 
     </span>
     <span class='ocr_line' id='line_1_16' title="bbox 592 2650 1958 2743; baseline 0 -23"><span class='ocrx_word' id='word_1_127' title='bbox 592 2655 700 2720; x_wconf 89' lang='lat' dir='ltr'>tiones</span> <span class='ocrx_word' id='word_1_128' title='bbox 729 2650 867 2734; x_wconf 85' lang='lat' dir='ltr'>illomm‚</span> <span class='ocrx_word' id='word_1_129' title='bbox 896 2661 930 2720; x_wconf 88' lang='lat' dir='ltr'>et</span> <span class='ocrx_word' id='word_1_130' title='bbox 956 2652 1097 2721; x_wconf 93' lang='lat' dir='ltr'>omnium</span> <span class='ocrx_word' id='word_1_131' title='bbox 1125 2672 1240 2722; x_wconf 90' lang='lat' dir='ltr'>eorum</span> <span class='ocrx_word' id='word_1_132' title='bbox 1269 2653 1324 2743; x_wconf 92' lang='lat' dir='ltr'>qui</span> <span class='ocrx_word' id='word_1_133' title='bbox 1358 2650 1415 2720; x_wconf 93' lang='lat' dir='ltr'>tibi</span> <span class='ocrx_word' id='word_1_134' title='bbox 1442 2652 1510 2721; x_wconf 89' lang='lat' dir='ltr'>noti</span> <span class='ocrx_word' id='word_1_135' title='bbox 1539 2662 1630 2736; x_wconf 74' lang='lat' dir='ltr'>sunt,</span> <span class='ocrx_word' id='word_1_136' title='bbox 1663 2650 1740 2721; x_wconf 90' lang='lat' dir='ltr'>licet</span> <span class='ocrx_word' id='word_1_137' title='bbox 1767 2655 1834 2721; x_wconf 92' lang='lat' dir='ltr'>siut</span> <span class='ocrx_word' id='word_1_138' title='bbox 1862 2650 1958 2721; x_wconf 91' lang='lat' dir='ltr'>uobis</span> 
     </span>
     <span class='ocr_line' id='line_1_17' title="bbox 594 2764 1960 2860; baseline 0.001 -25"><span class='ocrx_word' id='word_1_139' title='bbox 594 2770 697 2857; x_wconf 84' lang='lat' dir='ltr'>ignoti</span> <span class='ocrx_word' id='word_1_140' title='bbox 706 2793 715 2854; x_wconf 80' lang='lat'>3</span> <span class='ocrx_word' id='word_1_141' title='bbox 744 2770 819 2858; x_wconf 85' lang='lat' dir='ltr'>quia</span> <span class='ocrx_word' id='word_1_142' title='bbox 848 2775 880 2836; x_wconf 89' lang='lat' dir='ltr'>tu</span> <span class='ocrx_word' id='word_1_143' title='bbox 907 2768 1098 2837; x_wconf 87' lang='lat' dir='ltr'>misericors</span> <span class='ocrx_word' id='word_1_144' title='bbox 1126 2788 1180 2852; x_wconf 85' lang='lat' dir='ltr'>es,</span> <span class='ocrx_word' id='word_1_145' title='bbox 1218 2775 1251 2835; x_wconf 87' lang='lat' dir='ltr'>et</span> <span class='ocrx_word' id='word_1_146' title='bbox 1277 2788 1391 2836; x_wconf 85' lang='lat' dir='ltr'>aarans</span> <span class='ocrx_word' id='word_1_147' title='bbox 1420 2765 1697 2838; x_wconf 86' lang='lat' dir='ltr'>misericordiam:</span> <span class='ocrx_word' id='word_1_148' title='bbox 1724 2764 1851 2860; x_wconf 92' lang='lat' dir='ltr'>tibique</span> <span class='ocrx_word' id='word_1_149' title='bbox 1878 2765 1960 2858; x_wconf 89' lang='lat' dir='ltr'>glo-</span> 
     </span>
     <span class='ocr_line' id='line_1_18' title="bbox 594 2881 1670 2976; baseline 0.002 -26"><span class='ocrx_word' id='word_1_150' title='bbox 594 2888 675 2952; x_wconf 91' lang='lat' dir='ltr'>riam</span> <span class='ocrx_word' id='word_1_151' title='bbox 703 2892 736 2951; x_wconf 88' lang='lat' dir='ltr'>et</span> <span class='ocrx_word' id='word_1_152' title='bbox 763 2882 893 2952; x_wconf 91' lang='lat' dir='ltr'>laudem</span> <span class='ocrx_word' id='word_1_153' title='bbox 920 2881 1108 2971; x_wconf 62' lang='lat' dir='ltr'>referimus</span> <span class='ocrx_word' id='word_1_154' title='bbox 1135 2893 1169 2952; x_wconf 91' lang='lat' dir='ltr'>et</span> <span class='ocrx_word' id='word_1_155' title='bbox 1194 2882 1291 2967; x_wconf 75' lang='lat' dir='ltr'>Fato,</span> <span class='ocrx_word' id='word_1_156' title='bbox 1319 2892 1353 2951; x_wconf 87' lang='lat' dir='ltr'>et</span> <span class='ocrx_word' id='word_1_157' title='bbox 1379 2881 1515 2976; x_wconf 91' lang='lat' dir='ltr'>Spiritui</span> <span class='ocrx_word' id='word_1_158' title='bbox 1544 2891 1670 2953; x_wconf 87' lang='lat' dir='ltr'>sancto.</span> 
     </span>
    </p>

    <p class='ocr_par' dir='ltr' id='par_1_4' title="bbox 697 2998 1027 3090">
     <span class='ocr_line' id='line_1_19' title="bbox 697 2998 1027 3090; baseline 0.006 -24"><span class='ocrx_word' id='word_1_159' title='bbox 697 2998 856 3090; x_wconf 78' lang='lat' dir='ltr'>Populus.</span> <span class='ocrx_word' id='word_1_160' title='bbox 908 2999 1027 3069; x_wconf 85' lang='lat' dir='ltr'>Amen.</span> 
     </span>
    </p>

    <p class='ocr_par' dir='ltr' id='par_1_5' title="bbox 592 3111 1959 3903">
     <span class='ocr_line' id='line_1_20' title="bbox 696 3111 1959 3208; baseline 0 -25"><span class='ocrx_word' id='word_1_161' title='bbox 696 3114 870 3184; x_wconf 81' lang='lat' dir='ltr'>Sacerdos</span> <span class='ocrx_word' id='word_1_162' title='bbox 901 3115 1091 3185; x_wconf 81' lang='lat' dir='ltr'>inclinatas.</span> <span class='ocrx_word' id='word_1_163' title='bbox 1145 3112 1305 3186; x_wconf 86' lang='lat' dir='ltr'>Concede</span> <span class='ocrx_word' id='word_1_164' title='bbox 1341 3115 1483 3184; x_wconf 87' lang='lat' dir='ltr'>Domine</span> <span class='ocrx_word' id='word_1_165' title='bbox 1518 3115 1642 3208; x_wconf 89' lang='lat' dir='ltr'>populo</span> <span class='ocrx_word' id='word_1_166' title='bbox 1675 3123 1731 3185; x_wconf 90' lang='lat' dir='ltr'>tuo</span> <span class='ocrx_word' id='word_1_167' title='bbox 1766 3121 1800 3183; x_wconf 91' lang='lat' dir='ltr'>et</span> <span class='ocrx_word' id='word_1_168' title='bbox 1832 3111 1959 3183; x_wconf 88' lang='lat' dir='ltr'>baere-</span> 
     </span>
     <span class='ocr_line' id='line_1_21' title="bbox 593 3229 1958 3325; baseline -0.001 -24"><span class='ocrx_word' id='word_1_169' title='bbox 593 3233 683 3302; x_wconf 91' lang='lat' dir='ltr'>ditati</span> <span class='ocrx_word' id='word_1_170' title='bbox 710 3242 787 3303; x_wconf 89' lang='lat' dir='ltr'>tuae</span> <span class='ocrx_word' id='word_1_171' title='bbox 814 3242 963 3325; x_wconf 86' lang='lat' dir='ltr'>tempora</span> <span class='ocrx_word' id='word_1_172' title='bbox 991 3231 1191 3303; x_wconf 86' lang='lat' dir='ltr'>abundantia</span> <span class='ocrx_word' id='word_1_173' title='bbox 1217 3252 1324 3324; x_wconf 88' lang='lat' dir='ltr'>pace;</span> <span class='ocrx_word' id='word_1_174' title='bbox 1352 3241 1385 3301; x_wconf 88' lang='lat' dir='ltr'>et</span> <span class='ocrx_word' id='word_1_175' title='bbox 1403 3229 1444 3300; x_wconf 88' lang='lat' dir='ltr'>do</span> <span class='ocrx_word' id='word_1_176' title='bbox 1472 3229 1535 3299; x_wconf 90' lang='lat' dir='ltr'>illis</span> <span class='ocrx_word' id='word_1_177' title='bbox 1550 3229 1825 3323; x_wconf 91' lang='lat' dir='ltr'>tranquillitatem.</span> <span class='ocrx_word' id='word_1_178' title='bbox 1862 3229 1958 3301; x_wconf 88' lang='lat' dir='ltr'>Con-</span> 
     </span>
     <span class='ocr_line' id='line_1_22' title="bbox 593 3344 1957 3441; baseline -0.001 -23"><span class='ocrx_word' id='word_1_179' title='bbox 593 3371 693 3418; x_wconf 85' lang='lat' dir='ltr'>serva</span> <span class='ocrx_word' id='word_1_180' title='bbox 719 3347 805 3417; x_wconf 90' lang='lat' dir='ltr'>hunc</span> <span class='ocrx_word' id='word_1_181' title='bbox 833 3347 998 3434; x_wconf 73' lang='lat' dir='ltr'>mundum</span> <span class='ocrx_word' id='word_1_182' title='bbox 1026 3356 1060 3417; x_wconf 88' lang='lat' dir='ltr'>et</span> <span class='ocrx_word' id='word_1_183' title='bbox 1086 3344 1269 3417; x_wconf 81' lang='lat' dir='ltr'>habitantes</span> <span class='ocrx_word' id='word_1_184' title='bbox 1297 3348 1329 3415; x_wconf 90' lang='lat' dir='ltr'>in</span> <span class='ocrx_word' id='word_1_185' title='bbox 1357 3367 1417 3426; x_wconf 63' lang='lat' dir='ltr'>eo„</span> <span class='ocrx_word' id='word_1_186' title='bbox 1452 3369 1470 3416; x_wconf 91' lang='lat' dir='ltr'>a</span> <span class='ocrx_word' id='word_1_187' title='bbox 1498 3347 1586 3417; x_wconf 90' lang='lat' dir='ltr'>malo</span> <span class='ocrx_word' id='word_1_188' title='bbox 1619 3357 1653 3417; x_wconf 89' lang='lat' dir='ltr'>et</span> <span class='ocrx_word' id='word_1_189' title='bbox 1680 3355 1850 3441; x_wconf 89' lang='lat' dir='ltr'>potestate</span> <span class='ocrx_word' id='word_1_190' title='bbox 1877 3350 1957 3437; x_wconf 87' lang='lat' dir='ltr'>ejus,</span> 
     </span>
     <span class='ocr_line' id='line_1_23' title="bbox 593 3460 1957 3555; baseline -0.001 -21"><span class='ocrx_word' id='word_1_191' title='bbox 593 3477 624 3534; x_wconf 90' lang='lat' dir='ltr'>et</span> <span class='ocrx_word' id='word_1_192' title='bbox 654 3466 762 3534; x_wconf 84' lang='lat' dir='ltr'>omma</span> <span class='ocrx_word' id='word_1_193' title='bbox 790 3485 917 3553; x_wconf 87' lang='lat' dir='ltr'>genera</span> <span class='ocrx_word' id='word_1_194' title='bbox 944 3462 1179 3532; x_wconf 88' lang='lat' dir='ltr'>adversitatum</span> <span class='ocrx_word' id='word_1_195' title='bbox 1208 3461 1337 3555; x_wconf 90' lang='lat' dir='ltr'>depelle</span> <span class='ocrx_word' id='word_1_196' title='bbox 1364 3485 1384 3531; x_wconf 89' lang='lat' dir='ltr'>a</span> <span class='ocrx_word' id='word_1_197' title='bbox 1412 3474 1565 3534; x_wconf 84' lang='lat' dir='ltr'>creatura</span> <span class='ocrx_word' id='word_1_198' title='bbox 1592 3474 1656 3533; x_wconf 87' lang='lat' dir='ltr'>tua.</span> <span class='ocrx_word' id='word_1_199' title='bbox 1709 3460 1859 3531; x_wconf 90' lang='lat' dir='ltr'>Benedic</span> <span class='ocrx_word' id='word_1_200' title='bbox 1893 3486 1957 3533; x_wconf 91' lang='lat' dir='ltr'>co-</span> 
     </span>
     <span class='ocr_line' id='line_1_24' title="bbox 592 3575 1956 3669; baseline -0.001 -20"><span class='ocrx_word' id='word_1_201' title='bbox 592 3601 696 3650; x_wconf 87' lang='lat' dir='ltr'>ronae</span> <span class='ocrx_word' id='word_1_202' title='bbox 723 3581 815 3656; x_wconf 65' lang='lat' dir='ltr'>antri„</span> <span class='ocrx_word' id='word_1_203' title='bbox 852 3586 884 3646; x_wconf 89' lang='lat' dir='ltr'>et</span> <span class='ocrx_word' id='word_1_204' title='bbox 912 3598 1042 3648; x_wconf 91' lang='lat' dir='ltr'>omnem</span> <span class='ocrx_word' id='word_1_205' title='bbox 1079 3577 1275 3648; x_wconf 88' lang='lat' dir='ltr'>circularem</span> <span class='ocrx_word' id='word_1_206' title='bbox 1304 3577 1451 3669; x_wconf 88' lang='lat' dir='ltr'>ejusdem</span> <span class='ocrx_word' id='word_1_207' title='bbox 1486 3581 1561 3648; x_wconf 79' lang='lat' dir='ltr'>atini</span> <span class='ocrx_word' id='word_1_208' title='bbox 1596 3577 1770 3648; x_wconf 89' lang='lat' dir='ltr'>decursum</span> <span class='ocrx_word' id='word_1_209' title='bbox 1805 3575 1956 3649; x_wconf 86' lang='lat' dir='ltr'>benedic.</span> 
     </span>
     <span class='ocr_line' id='line_1_25' title="bbox 593 3692 1956 3784; baseline -0.002 -18"><span class='ocrx_word' id='word_1_210' title='bbox 593 3698 731 3766; x_wconf 83' lang='lat' dir='ltr'>Praesta</span> <span class='ocrx_word' id='word_1_211' title='bbox 761 3696 951 3763; x_wconf 87' lang='lat' dir='ltr'>memoriam</span> <span class='ocrx_word' id='word_1_212' title='bbox 979 3692 1100 3765; x_wconf 90' lang='lat' dir='ltr'>bonam</span> <span class='ocrx_word' id='word_1_213' title='bbox 1128 3693 1277 3784; x_wconf 86' lang='lat' dir='ltr'>Regibus</span> <span class='ocrx_word' id='word_1_214' title='bbox 1311 3704 1345 3762; x_wconf 89' lang='lat' dir='ltr'>et</span> <span class='ocrx_word' id='word_1_215' title='bbox 1372 3694 1509 3784; x_wconf 89' lang='lat' dir='ltr'>Reginis</span> <span class='ocrx_word' id='word_1_216' title='bbox 1537 3695 1642 3764; x_wconf 90' lang='lat' dir='ltr'>Deum</span> <span class='ocrx_word' id='word_1_217' title='bbox 1676 3692 1884 3770; x_wconf 77' lang='lat' dir='ltr'>timentibus,</span> <span class='ocrx_word' id='word_1_218' title='bbox 1916 3692 1956 3763; x_wconf 85' lang='lat' dir='ltr'>da</span> 
     </span>
     <span class='ocr_line' id='line_1_26' title="bbox 594 3803 1755 3903; baseline 0 -25"><span class='ocrx_word' id='word_1_219' title='bbox 594 3810 654 3878; x_wconf 86' lang='lat' dir='ltr'>illis</span> <span class='ocrx_word' id='word_1_220' title='bbox 683 3812 855 3879; x_wconf 77' lang='lat' dir='ltr'>uictoriam</span> <span class='ocrx_word' id='word_1_221' title='bbox 890 3803 1094 3881; x_wconf 67' lang='lat' dir='ltr'>“adver-sus</span> <span class='ocrx_word' id='word_1_222' title='bbox 1122 3833 1181 3882; x_wconf 91' lang='lat' dir='ltr'>eos</span> <span class='ocrx_word' id='word_1_223' title='bbox 1210 3814 1263 3903; x_wconf 91' lang='lat' dir='ltr'>qui</span> <span class='ocrx_word' id='word_1_224' title='bbox 1291 3809 1380 3880; x_wconf 92' lang='lat' dir='ltr'>bello</span> <span class='ocrx_word' id='word_1_225' title='bbox 1408 3809 1481 3880; x_wconf 91' lang='lat' dir='ltr'>illos</span> <span class='ocrx_word' id='word_1_226' title='bbox 1510 3810 1755 3900; x_wconf 88' lang='lat' dir='ltr'>aggrediuntur.</span> 
     </span>
    </p>

    <p class='ocr_par' dir='ltr' id='par_1_6' title="bbox 591 3922 1990 5413">
     <span class='ocr_line' id='line_1_27' title="bbox 696 3922 1956 4012; baseline -0.001 -17"><span class='ocrx_word' id='word_1_227' title='bbox 696 3925 871 3995; x_wconf 82' lang='lat' dir='ltr'>Sacerdos</span> <span class='ocrx_word' id='word_1_228' title='bbox 906 3926 1042 3995; x_wconf 75' lang='lat' dir='ltr'>elevans</span> <span class='ocrx_word' id='word_1_229' title='bbox 1076 3949 1201 3996; x_wconf 78' lang='lat' dir='ltr'>¹rocem.</span> <span class='ocrx_word' id='word_1_230' title='bbox 1257 3925 1340 4011; x_wconf 84' lang='lat' dir='ltr'>Quia</span> <span class='ocrx_word' id='word_1_231' title='bbox 1377 3937 1408 3995; x_wconf 92' lang='lat' dir='ltr'>tu</span> <span class='ocrx_word' id='word_1_232' title='bbox 1442 3927 1583 3996; x_wconf 89' lang='lat' dir='ltr'>Domine</span> <span class='ocrx_word' id='word_1_233' title='bbox 1618 3947 1729 3994; x_wconf 88' lang='lat' dir='ltr'>curam</span> <span class='ocrx_word' id='word_1_234' title='bbox 1765 3922 1891 4012; x_wconf 75' lang='lat' dir='ltr'>trabes,</span> <span class='ocrx_word' id='word_1_235' title='bbox 1925 3935 1956 3996; x_wconf 87' lang='lat' dir='ltr'>et</span> 
     </span>
     <span class='ocr_line' id='line_1_28' title="bbox 593 4042 1956 4136; baseline 0.003 -30"><span class='ocrx_word' id='word_1_236' title='bbox 593 4045 734 4111; x_wconf 77' lang='lat' dir='ltr'>‹irrrnium</span> <span class='ocrx_word' id='word_1_237' title='bbox 768 4063 901 4135; x_wconf 91' lang='lat' dir='ltr'>semper</span> <span class='ocrx_word' id='word_1_238' title='bbox 933 4042 988 4113; x_wconf 91' lang='lat' dir='ltr'>tibi</span> <span class='ocrx_word' id='word_1_239' title='bbox 1025 4042 1231 4136; x_wconf 71' lang='lat' dir='ltr'>prouidentia</span> <span class='ocrx_word' id='word_1_240' title='bbox 1265 4053 1333 4112; x_wconf 87' lang='lat' dir='ltr'>est:</span> <span class='ocrx_word' id='word_1_241' title='bbox 1362 4043 1519 4134; x_wconf 85' lang='lat' dir='ltr'>Deosque</span> <span class='ocrx_word' id='word_1_242' title='bbox 1552 4050 1667 4110; x_wconf 88' lang='lat' dir='ltr'>noster</span> <span class='ocrx_word' id='word_1_243' title='bbox 1699 4062 1802 4110; x_wconf 89' lang='lat' dir='ltr'>verus</span> <span class='ocrx_word' id='word_1_244' title='bbox 1838 4064 1893 4128; x_wconf 82' lang='lat' dir='ltr'>es.</span> <span class='ocrx_word' id='word_1_245' title='bbox 1924 4052 1956 4111; x_wconf 91' lang='lat' dir='ltr'>et</span> 
     </span>
     <span class='ocr_line' id='line_1_29' title="bbox 592 4156 1954 4252; baseline 0.001 -26"><span class='ocrx_word' id='word_1_246' title='bbox 592 4156 670 4226; x_wconf 85' lang='lat' dir='ltr'>Rex</span> <span class='ocrx_word' id='word_1_247' title='bbox 704 4167 818 4228; x_wconf 91' lang='lat' dir='ltr'>noster</span> <span class='ocrx_word' id='word_1_248' title='bbox 853 4169 971 4252; x_wconf 89' lang='lat' dir='ltr'>potens</span> <span class='ocrx_word' id='word_1_249' title='bbox 1005 4168 1038 4227; x_wconf 89' lang='lat' dir='ltr'>et</span> <span class='ocrx_word' id='word_1_250' title='bbox 1068 4157 1217 4230; x_wconf 92' lang='lat' dir='ltr'>bellator.</span> <span class='ocrx_word' id='word_1_251' title='bbox 1270 4158 1399 4229; x_wconf 88' lang='lat' dir='ltr'>Idcirco</span> <span class='ocrx_word' id='word_1_252' title='bbox 1431 4181 1491 4251; x_wconf 90' lang='lat' dir='ltr'>per</span> <span class='ocrx_word' id='word_1_253' title='bbox 1523 4169 1556 4228; x_wconf 88' lang='lat' dir='ltr'>te</span> <span class='ocrx_word' id='word_1_254' title='bbox 1588 4161 1778 4248; x_wconf 84' lang='lat' dir='ltr'>quaerimus</span> <span class='ocrx_word' id='word_1_255' title='bbox 1805 4157 1954 4242; x_wconf 84' lang='lat' dir='ltr'>salutem,</span> 
     </span>
     <span class='ocr_line' id='line_1_30' title="bbox 594 4264 1990 4367; baseline 0.001 -27"><span class='ocrx_word' id='word_1_256' title='bbox 594 4282 627 4341; x_wconf 86' lang='lat' dir='ltr'>ot</span> <span class='ocrx_word' id='word_1_257' title='bbox 660 4272 746 4367; x_wconf 90' lang='lat' dir='ltr'>apud</span> <span class='ocrx_word' id='word_1_258' title='bbox 784 4282 815 4343; x_wconf 95' lang='lat' dir='ltr'>te</span> <span class='ocrx_word' id='word_1_259' title='bbox 850 4272 1028 4344; x_wconf 86' lang='lat' dir='ltr'>clamamus</span> <span class='ocrx_word' id='word_1_260' title='bbox 1063 4284 1096 4343; x_wconf 88' lang='lat' dir='ltr'>et</span> <span class='ocrx_word' id='word_1_261' title='bbox 1127 4264 1300 4365; x_wconf 78' lang='lat' dir='ltr'>gemimus,</span> <span class='ocrx_word' id='word_1_262' title='bbox 1353 4273 1457 4344; x_wconf 87' lang='lat' dir='ltr'>Salva</span> <span class='ocrx_word' id='word_1_263' title='bbox 1493 4295 1555 4343; x_wconf 91' lang='lat' dir='ltr'>uos</span> <span class='ocrx_word' id='word_1_264' title='bbox 1590 4272 1667 4343; x_wconf 90' lang='lat' dir='ltr'>Rex</span> <span class='ocrx_word' id='word_1_265' title='bbox 1707 4286 1841 4361; x_wconf 83' lang='lat' dir='ltr'>noster,</span> <span class='ocrx_word' id='word_1_266' title='bbox 1880 4273 1954 4343; x_wconf 86' lang='lat' dir='ltr'>Rex</span> <span class='ocrx_word' id='word_1_267' title='bbox 1984 4287 1990 4299; x_wconf 87' lang='lat'><strong>·</strong></span> 
     </span>
     <span class='ocr_line' id='line_1_31' title="bbox 592 4387 1953 4483; baseline 0.003 -26"><span class='ocrx_word' id='word_1_268' title='bbox 592 4387 741 4478; x_wconf 73' lang='lat' dir='ltr'>Regum,</span> <span class='ocrx_word' id='word_1_269' title='bbox 777 4399 811 4457; x_wconf 88' lang='lat' dir='ltr'>nt</span> <span class='ocrx_word' id='word_1_270' title='bbox 843 4411 1005 4483; x_wconf 87' lang='lat' dir='ltr'>nunqnam</span> <span class='ocrx_word' id='word_1_271' title='bbox 1039 4389 1251 4480; x_wconf 89' lang='lat' dir='ltr'>subjiciamur</span> <span class='ocrx_word' id='word_1_272' title='bbox 1289 4412 1395 4480; x_wconf 88' lang='lat' dir='ltr'>regno</span> <span class='ocrx_word' id='word_1_273' title='bbox 1432 4392 1604 4483; x_wconf 66' lang='lat' dir='ltr'>tqrarmico</span> <span class='ocrx_word' id='word_1_274' title='bbox 1647 4387 1830 4462; x_wconf 88' lang='lat' dir='ltr'>Pharaonis</span> <span class='ocrx_word' id='word_1_275' title='bbox 1871 4390 1953 4462; x_wconf 86' lang='lat' dir='ltr'>itttus</span> 
     </span>
     <span class='ocr_line' id='line_1_32' title="bbox 592 4502 1954 4599; baseline 0.004 -28"><span class='ocrx_word' id='word_1_276' title='bbox 592 4502 780 4597; x_wconf 73' lang='lat' dir='ltr'>spiritualis,</span> <span class='ocrx_word' id='word_1_277' title='bbox 808 4527 916 4598; x_wconf 89' lang='lat' dir='ltr'>neque</span> <span class='ocrx_word' id='word_1_278' title='bbox 944 4506 1148 4576; x_wconf 90' lang='lat' dir='ltr'>dominorum</span> <span class='ocrx_word' id='word_1_279' title='bbox 1178 4505 1375 4577; x_wconf 87' lang='lat' dir='ltr'>acerborum</span> <span class='ocrx_word' id='word_1_280' title='bbox 1401 4506 1459 4576; x_wconf 93' lang='lat' dir='ltr'>luti</span> <span class='ocrx_word' id='word_1_281' title='bbox 1487 4517 1519 4576; x_wconf 90' lang='lat' dir='ltr'>et</span> <span class='ocrx_word' id='word_1_282' title='bbox 1545 4507 1668 4584; x_wconf 81' lang='lat' dir='ltr'>latoris,</span> <span class='ocrx_word' id='word_1_283' title='bbox 1694 4508 1749 4599; x_wconf 91' lang='lat' dir='ltr'>qui</span> <span class='ocrx_word' id='word_1_284' title='bbox 1775 4527 1840 4577; x_wconf 89' lang='lat' dir='ltr'>nos</span> <span class='ocrx_word' id='word_1_285' title='bbox 1867 4529 1954 4599; x_wconf 88' lang='lat' dir='ltr'>qua-</span> 
     </span>
     <span class='ocr_line' id='line_1_33' title="bbox 592 4619 1954 4713; baseline 0.001 -25"><span class='ocrx_word' id='word_1_286' title='bbox 592 4642 732 4713; x_wconf 81' lang='lat' dir='ltr'>cumque</span> <span class='ocrx_word' id='word_1_287' title='bbox 758 4619 840 4691; x_wconf 83' lang='lat' dir='ltr'>ltOta</span> <span class='ocrx_word' id='word_1_288' title='bbox 868 4624 1018 4691; x_wconf 90' lang='lat' dir='ltr'>servituti</span> <span class='ocrx_word' id='word_1_289' title='bbox 1045 4619 1226 4711; x_wconf 87' lang='lat' dir='ltr'>subjiciant.</span> <span class='ocrx_word' id='word_1_290' title='bbox 1268 4621 1385 4692; x_wconf 90' lang='lat' dir='ltr'>Reduc</span> <span class='ocrx_word' id='word_1_291' title='bbox 1412 4620 1508 4693; x_wconf 90' lang='lat' dir='ltr'>nobis</span> <span class='ocrx_word' id='word_1_292' title='bbox 1535 4622 1677 4693; x_wconf 88' lang='lat' dir='ltr'>Domine</span> <span class='ocrx_word' id='word_1_293' title='bbox 1703 4632 1954 4712; x_wconf 89' lang='lat' dir='ltr'>reguumtuum,</span> 
     </span>
     <span class='ocr_line' id='line_1_34' title="bbox 593 4736 1955 4830; baseline 0.002 -27"><span class='ocrx_word' id='word_1_294' title='bbox 593 4746 625 4803; x_wconf 88' lang='lat' dir='ltr'>et</span> <span class='ocrx_word' id='word_1_295' title='bbox 652 4736 773 4827; x_wconf 86' lang='lat' dir='ltr'>adjuva</span> <span class='ocrx_word' id='word_1_296' title='bbox 802 4758 863 4807; x_wconf 90' lang='lat' dir='ltr'>nos</span> <span class='ocrx_word' id='word_1_297' title='bbox 891 4741 1118 4830; x_wconf 83' lang='lat' dir='ltr'>pergratiam</span> <span class='ocrx_word' id='word_1_298' title='bbox 1146 4746 1255 4825; x_wconf 83' lang='lat' dir='ltr'>tuam3</span> <span class='ocrx_word' id='word_1_299' title='bbox 1283 4736 1440 4809; x_wconf 84' lang='lat' dir='ltr'>confirma</span> <span class='ocrx_word' id='word_1_300' title='bbox 1468 4741 1565 4808; x_wconf 87' lang='lat' dir='ltr'>etiam</span> <span class='ocrx_word' id='word_1_301' title='bbox 1593 4736 1708 4829; x_wconf 87' lang='lat' dir='ltr'>Reges</span> <span class='ocrx_word' id='word_1_302' title='bbox 1734 4748 1872 4812; x_wconf 88' lang='lat' dir='ltr'>nostros</span> <span class='ocrx_word' id='word_1_303' title='bbox 1902 4739 1955 4830; x_wconf 93' lang='lat' dir='ltr'>qui</span> 
     </span>
     <span class='ocr_line' id='line_1_35' title="bbox 591 4849 1954 4947; baseline 0.002 -30"><span class='ocrx_word' id='word_1_304' title='bbox 591 4853 766 4921; x_wconf 87' lang='lat' dir='ltr'>veritatem</span> <span class='ocrx_word' id='word_1_305' title='bbox 802 4853 936 4922; x_wconf 83' lang='lat' dir='ltr'>tirmiter</span> <span class='ocrx_word' id='word_1_306' title='bbox 973 4864 1092 4923; x_wconf 87' lang='lat' dir='ltr'>tenent.</span> <span class='ocrx_word' id='word_1_307' title='bbox 1145 4853 1267 4925; x_wconf 88' lang='lat' dir='ltr'>Libera</span> <span class='ocrx_word' id='word_1_308' title='bbox 1294 4875 1357 4923; x_wconf 91' lang='lat' dir='ltr'>uos</span> <span class='ocrx_word' id='word_1_309' title='bbox 1390 4877 1409 4922; x_wconf 91' lang='lat' dir='ltr'>a</span> <span class='ocrx_word' id='word_1_310' title='bbox 1438 4864 1633 4947; x_wconf 91' lang='lat' dir='ltr'>tempestate</span> <span class='ocrx_word' id='word_1_311' title='bbox 1666 4864 1699 4923; x_wconf 89' lang='lat' dir='ltr'>et</span> <span class='ocrx_word' id='word_1_312' title='bbox 1732 4852 1881 4938; x_wconf 66' lang='lat' dir='ltr'>damna,</span> <span class='ocrx_word' id='word_1_313' title='bbox 1913 4849 1954 4922; x_wconf 91' lang='lat' dir='ltr'>ab</span> 
     </span>
     <span class='ocr_line' id='line_1_36' title="bbox 593 4965 1956 5063; baseline 0.001 -29"><span class='ocrx_word' id='word_1_314' title='bbox 593 4965 744 5037; x_wconf 91' lang='lat' dir='ltr'>omnibus</span> <span class='ocrx_word' id='word_1_315' title='bbox 763 4968 997 5039; x_wconf 86' lang='lat' dir='ltr'>tentationibus</span> <span class='ocrx_word' id='word_1_316' title='bbox 1015 4968 1206 5054; x_wconf 78' lang='lat' dir='ltr'>difficilibus,</span> <span class='ocrx_word' id='word_1_317' title='bbox 1234 4968 1418 5040; x_wconf 85' lang='lat' dir='ltr'>onranibus</span> <span class='ocrx_word' id='word_1_318' title='bbox 1429 4969 1583 5041; x_wconf 89' lang='lat' dir='ltr'>violentis</span> <span class='ocrx_word' id='word_1_319' title='bbox 1611 4969 1800 5063; x_wconf 87' lang='lat' dir='ltr'>etpedibus</span> <span class='ocrx_word' id='word_1_320' title='bbox 1829 4968 1956 5053; x_wconf 75' lang='lat' dir='ltr'>alienis,</span> 
     </span>
     <span class='ocr_line' id='line_1_37' title="bbox 593 5080 1956 5178; baseline 0.001 -28"><span class='ocrx_word' id='word_1_321' title='bbox 593 5080 633 5150; x_wconf 87' lang='lat' dir='ltr'>ab</span> <span class='ocrx_word' id='word_1_322' title='bbox 662 5080 812 5153; x_wconf 91' lang='lat' dir='ltr'>omnilms</span> <span class='ocrx_word' id='word_1_323' title='bbox 839 5082 1076 5155; x_wconf 90' lang='lat' dir='ltr'>rebellionibus</span> <span class='ocrx_word' id='word_1_324' title='bbox 1103 5086 1299 5178; x_wconf 90' lang='lat' dir='ltr'>perniciosis</span> <span class='ocrx_word' id='word_1_325' title='bbox 1326 5084 1488 5178; x_wconf 90' lang='lat' dir='ltr'>bellisque</span> <span class='ocrx_word' id='word_1_326' title='bbox 1505 5088 1692 5157; x_wconf 81' lang='lat' dir='ltr'>vastitatem</span> <span class='ocrx_word' id='word_1_327' title='bbox 1713 5081 1956 5167; x_wconf 78' lang='lat' dir='ltr'>inducentibus,</span> 
     </span>
     <span class='ocr_line' id='line_1_38' title="bbox 592 5197 1956 5293; baseline 0.003 -29"><span class='ocrx_word' id='word_1_328' title='bbox 592 5206 624 5264; x_wconf 81' lang='lat' dir='ltr'>et</span> <span class='ocrx_word' id='word_1_329' title='bbox 656 5197 696 5267; x_wconf 88' lang='lat' dir='ltr'>ab</span> <span class='ocrx_word' id='word_1_330' title='bbox 733 5197 883 5269; x_wconf 89' lang='lat' dir='ltr'>omnibns</span> <span class='ocrx_word' id='word_1_331' title='bbox 917 5201 1025 5293; x_wconf 90' lang='lat' dir='ltr'>plagis</span> <span class='ocrx_word' id='word_1_332' title='bbox 1059 5210 1092 5269; x_wconf 86' lang='lat' dir='ltr'>ot</span> <span class='ocrx_word' id='word_1_333' title='bbox 1133 5201 1403 5293; x_wconf 90' lang='lat' dir='ltr'>percussionibus</span> <span class='ocrx_word' id='word_1_334' title='bbox 1443 5200 1555 5273; x_wconf 88' lang='lat' dir='ltr'>furore</span> <span class='ocrx_word' id='word_1_335' title='bbox 1597 5205 1710 5272; x_wconf 90' lang='lat' dir='ltr'>mistis.</span> <span class='ocrx_word' id='word_1_336' title='bbox 1764 5202 1816 5273; x_wconf 89' lang='lat' dir='ltr'>Du</span> <span class='ocrx_word' id='word_1_337' title='bbox 1859 5197 1956 5269; x_wconf 92' lang='lat' dir='ltr'>nobis</span> 
     </span>
     <span class='ocr_line' id='line_1_39' title="bbox 592 5310 1957 5413; baseline 0.004 -33"><span class='ocrx_word' id='word_1_338' title='bbox 592 5310 731 5383; x_wconf 89' lang='lat' dir='ltr'>Domine</span> <span class='ocrx_word' id='word_1_339' title='bbox 758 5320 984 5408; x_wconf 75' lang='lat' dir='ltr'>pergratiam</span> <span class='ocrx_word' id='word_1_340' title='bbox 1011 5327 1111 5405; x_wconf 67' lang='lat' dir='ltr'>tuum,</span> <span class='ocrx_word' id='word_1_341' title='bbox 1139 5327 1289 5409; x_wconf 88' lang='lat' dir='ltr'>tempora</span> <span class='ocrx_word' id='word_1_342' title='bbox 1316 5317 1501 5410; x_wconf 68' lang='lat' dir='ltr'>tranquilla,</span> <span class='ocrx_word' id='word_1_343' title='bbox 1527 5316 1656 5413; x_wconf 83' lang='lat' dir='ltr'>pluvios</span> <span class='ocrx_word' id='word_1_344' title='bbox 1689 5327 1894 5413; x_wconf 89' lang='lat' dir='ltr'>opportunas</span> <span class='ocrx_word' id='word_1_345' title='bbox 1921 5323 1957 5386; x_wconf 92' lang='lat' dir='ltr'>et</span> 
     </span>
    </p>
   </div>
   <div class='ocr_carea' id='block_1_3' title="bbox 0 0 2580 6534">
    <p class='ocr_par' dir='ltr' id='par_1_7' title="bbox 0 0 2580 6534">
     <span class='ocr_line' id='line_1_40' title="bbox 0 0 2580 6534; baseline 0 0"><span class='ocrx_word' id='word_1_346' title='bbox 0 0 2580 6534; x_wconf 95' lang='lat' dir='ltr'> </span> 
     </span>
    </p>
   </div>
  </div>
 </body>
</html>
