5150 6534
340 3839 480 3895 Duodecim
503 3843 615 3911 Aposto-

307 3926 397 3983 lorum.

629 849 706 924 412
882 854 941 862 ”
1132 854 1492 934 LlTllllGlll

629 1036 824 1112 cessabunt:
850 1062 953 1135 parce
979 1038 1096 1133 nobis,
1122 1042 1285 1133 Domine,
1313 1054 1347 1116 et
1373 1041 1518 1115 extendo
1543 1066 1675 1116 manum
1701 1054 1791 1117 tuam
1806 1065 1911 1139 super
1935 1066 1996 1118 nos

630 1177 755 1228 omnes.
807 1155 883 1231 Nun
908 1160 1013 1230 intres
1039 1161 1072 1229 in
1096 1157 1253 1249 judicium
1279 1156 1470 1248 nobiscum,
1502 1182 1547 1232 na
1571 1162 1690 1253 venias
1721 1161 1756 1231 in
1780 1158 1996 1232 recordatio-

629 1294 703 1343 nem
738 1275 941 1367 iniquitatum
978 1284 1182 1364 nostramm‚
1217 1297 1284 1347 non
1320 1273 1362 1346 ad
1395 1286 1587 1348 accuratum
1622 1298 1766 1347 examen
1799 1296 1930 1363 voces,
1964 1285 1997 1347 et

629 1391 811 1461 constituas
836 1412 920 1478 nos,
946 1412 1010 1461 nec
1037 1393 1139 1462 simus
1166 1390 1294 1484 depulsi
1322 1414 1342 1463 a
1368 1393 1476 1482 grana
1502 1402 1571 1463 tua:
1598 1414 1665 1464 uon
1692 1392 1794 1465 simus
1816 1387 1929 1462 'aliam
1955 1390 1995 1463 ab

628 1503 933 1592 haereditatem,
959 1528 1027 1577 non
1060 1503 1286 1578 acerbissimis
1319 1506 1488 1603 suppliciis
1520 1507 1701 1579 tradamur:
1732 1528 1803 1579 non
1834 1503 1878 1577 ad
1911 1526 1996 1578 ver-

628 1642 714 1691 mem
742 1619 935 1692 stridentem
961 1621 1131 1711 dentibus,
1157 1644 1233 1694 cum
1263 1624 1371 1717 impiis
1394 1643 1469 1722 ⁹uus
1502 1622 1678 1696 amandes:
1710 1644 1778 1696 non
1813 1623 1849 1693 in
1882 1644 1995 1695 eorum

627 1745 723 1830 parte
751 1738 806 1829 qui
832 1744 866 1806 te
893 1735 1127 1809 crucifixerunt
1151 1759 1377 1809 numeremur:
1403 1758 1472 1810 non
1498 1761 1572 1810 cum
1587 1741 1696 1835 impiis
1711 1746 1913 1811 statuemur:
1930 1756 1995 1808 uon

628 1854 712 1923 socii
737 1855 922 1946 iniquorum
949 1855 1067 1940 simus,
1094 1875 1162 1924 nun
1188 1856 1222 1924 in
1248 1851 1327 1926 fletu
1353 1864 1387 1925 et
1419 1854 1563 1927 stridore
1596 1853 1739 1926 donnum
1769 1853 1994 1949 projiciamur.

628 1967 682 2039 Ne
710 1968 861 2061 abneges
887 1991 967 2042 uos:
1001 1978 1037 2040 ut
1072 1990 1132 2042 eos
1168 1972 1224 2063 qui
1257 1980 1290 2042 ta
1320 1991 1388 2042 non
1422 1962 1603 2059 noverunt,
1635 1991 1746 2066 neque
1776 1965 1903 2065 perdas
1933 1989 1994 2041 nos

628 2107 704 2155 cum
730 2083 793 2156 illis
821 2087 876 2180 qui
902 2088 935 2156 in
962 2094 995 2156 te
1021 2106 1088 2156 non
1115 2084 1347 2174 crediderunt,
1373 2084 1435 2157 sed
1453 2088 1534 2159 oriri
1551 2086 1605 2157 fac
1622 2081 1720 2159 nobis
1736 2080 1879 2156 salutem
1896 2091 1995 2173 tuum

629 2200 672 2271 da
698 2201 796 2274 nobis
824 2204 957 2273 veniam
984 2200 1165 2273 secundnm
1193 2224 1343 2274 amorem
1369 2209 1458 2278 tuum
1485 2224 1568 2294 erga
1594 2199 1758 2275 homines:
1785 2201 1880 2272 mitte
1899 2197 1994 2274 uobis

629 2317 761 2389 divitias
788 2318 984 2389 clementiae
1010 2328 1103 2403 tuae,
1131 2326 1165 2387 et
1191 2320 1356 2389 constitue
1382 2339 1445 2390 uos
1480 2316 1523 2388 ad
1556 2316 1728 2389 dexteram
1761 2311 1864 2389 tuam.¹
1916 2314 1994 2387 ble-

629 2442 740 2506 mento
767 2437 910 2505 omnium
936 2441 1085 2506 nostrum
1112 2455 1174 2528 per
1199 2437 1431 2506 miserationes
1464 2442 1555 2521 tuas,
1591 2434 1686 2507 salva
1716 2454 1781 2505 nos
1814 2429 1995 2522 secundnm

627 2548 861 2622 multitudinem
888 2548 1044 2622 bonitatis
1070 2559 1163 2621 tuae:
1190 2549 1313 2643 adjuva
1328 2572 1391 2623 nos
1413 2571 1475 2644 per
1492 2549 1699 2621 clementiam
1717 2559 1824 2638 tuam3
1851 2546 1994 2643 adjunge

627 2686 691 2737 nos
717 2670 816 2757 gregi
842 2679 917 2754 tuo,
945 2677 979 2739 ct
1011 2688 1147 2737 numera
1181 2688 1244 2740 nos
1277 2669 1311 2736 in
1344 2664 1460 2737 ordine
1487 2664 1680 2738 dilectomm
1714 2676 1868 2754 tuorum3
1904 2663 1994 2736 edice

628 2802 691 2853 nos
718 2780 836 2875 dignos
869 2804 975 2875 reguo
1009 2792 1083 2870 tuo,
1116 2782 1266 2854 introduc
1291 2804 1355 2855 uos
1381 2784 1415 2852 in
1446 2779 1622 2854 thalamum
1654 2791 1752 2853 tuum.
1805 2778 1994 2877 Eaproptcr

627 2895 782 2971 Ecclesia
808 2908 882 2991 tua,
909 2909 942 2971 et
968 2920 1058 2990 grex
1084 2907 1158 2971 tuus
1186 2897 1384 2994 deprecatur
1410 2907 1456 2992 te,
1482 2908 1516 2970 et
1541 2921 1602 2993 per
1620 2909 1665 2991 te,
1682 2908 1716 2972 at
1734 2907 1847 2970 tecum
1863 2896 1993 2969 Patrem

627 3023 736 3101 tuum,
763 3015 886 3088 dicens.
1289 2996 1293 3003 ’
1396 3004 1401 3013 ’

732 3130 894 3225 Populus.
945 3130 1111 3203 Miserere
1136 3135 1251 3205 nostri.
1300 3196 1311 3228 ,

732 3247 916 3319 Sacerdos.
969 3246 1042 3320 Nos
1070 3269 1212 3342 quoque.

731 3364 919 3435 Diaconos.
973 3364 1080 3450 Quam
1107 3361 1249 3435 timenda
1277 3372 1331 3435 est
1355 3360 1439 3433 baec
1465 3360 1557 3434 hora.

757 3638 932 3709 Sacerdos
962 3638 1146 3711 inclinatae
1171 3639 1256 3708 dicit
1290 3637 1545 3707 devocationem
1570 3634 1723 3728 Spiritus
1746 3639 1872 3706 coacti.
2004 3734 2006 3736 -

732 3828 896 3901 Miserere
922 3830 999 3916 mei,
1026 3828 1180 3916 Domine,
1207 3836 1241 3897 et
1268 3826 1387 3896 exaudi
1415 3848 1467 3897 me
1494 3824 1558 3897 hoc
1584 3833 1746 3920 tempore,
1774 3834 1808 3895 et
1833 3826 1926 3895 mitte
1951 3822 1991 3894 de

630 3943 733 4016 coelis
760 3947 822 4017 tuis
851 3944 997 4017 excelsis
1011 3942 1167 4039 Spiritum
1195 3953 1282 4013 tuum
1310 3952 1471 4030 sanctum,
1498 3951 1532 4011 et
1557 3940 1738 4012 sanctificet
1753 3938 1990 4013 Eucharistiam

629 4060 714 4131 hanc
731 4061 951 4156 spiritualem:
979 4052 1128 4155 spiritum
1142 4057 1310 4143 Sanctum,
1326 4055 1384 4127 tibi
1403 4054 1586 4152 aequalem,
1605 4056 1798 4144 substantia,
1821 4067 1856 4129 et
1871 4056 1990 4149 gloria:

630 4181 684 4270 qui
711 4200 811 4272 super
838 4159 1041 4269 unigenitum
1056 4174 1174 4246 Filium
1203 4183 1288 4244 tuum
1317 4176 1349 4243 in
1369 4172 1517 4243 Jordane
1543 4170 1674 4243 flumine
1701 4175 1856 4267 apparuit
1881 4174 1991 4267 specio

629 4293 820 4367 columbae:
848 4304 881 4365 et
907 4315 1008 4388 snper
1034 4289 1219 4386 Apostolos
1247 4301 1321 4361 tuos
1349 4297 1497 4376 sanctos,
1524 4290 1556 4358 in
1583 4286 1702 4380 linguis
1728 4290 1840 4379 igneis
1858 4290 1890 4358 in
1907 4310 1991 4360 coe-

629 4411 748 4482 naculo
775 4411 959 4505 requievit;
985 4429 1039 4478 me
1066 4428 1197 4501 quoqne
1222 4405 1371 4500 perficiat
1397 4405 1625 4499 pergratiam
1653 4412 1741 4475 tuam
1762 4426 1827 4476 vas
1844 4403 1992 4491 electum,

630 4537 664 4597 et
691 4538 800 4622 aptum
828 4526 1010 4597 ministerio
1037 4522 1166 4614 gloriae
1193 4531 1279 4594 tuac.

733 4642 883 4713 Danaas
908 4662 1035 4711 nocem.
1086 4638 1220 4710 Exaudi
1245 4661 1317 4727 me,
1343 4639 1495 4709 Domine.

733 4757 894 4851 Pupulus.
947 4756 1053 4852 Kyrie
1083 4755 1220 4828 eleison.

732 4872 917 4944 Sacerdos.
957 4871 1001 4943 Ut
1027 4876 1099 4967 ipsc
1125 4871 1277 4958 illabens,
1306 4878 1339 4939 et
1365 4866 1585 4956 sanctificans,
1611 4864 1846 4961 laciatpanem
1866 4863 1996 4961 quidem

630 4992 744 5079 istum,
778 5012 899 5083 corpus
934 4999 1099 5077 sanctum,
1132 5009 1254 5082 corpus
1285 4985 1462 5081 purificans
1496 4995 1530 5056 et
1561 4986 1843 5080 propitiatorium,
1874 5001 1996 5077 corpus

630 5115 805 5200 praestans
832 5102 1190 5199 incorruptibilitatem:
1221 5124 1343 5196 corpus
1370 5100 1503 5171 Domini
1529 5101 1592 5173 Dei
1628 5109 1662 5171 et
1687 5098 1867 5172 salvatoris
1894 5088 1998 5168 nostri

631 5221 713 5293 lesu
741 5219 878 5309 Christi,
906 5220 948 5292 ad
973 5223 1204 5293 remissionem
1229 5227 1460 5312 peccatorum,
1493 5227 1527 5288 et
1558 5218 1661 5288 vitam
1687 5224 1857 5287 aeternam
1884 5215 1997 5288 susci-

632 5335 910 5433 pientibusillud.
1118 5335 1278 5427 Populus.
1331 5334 1450 5404 Amen.
