5150 6534
765 863 769 878 '
839 860 891 934 ott
918 856 1311 934 restauratorem
1343 857 1588 933 tttttttdtts.
1823 856 1898 929 565

526 1045 639 1118 talium
677 1044 825 1133 traditio,
861 1068 923 1138 qua
958 1043 989 1114 id
1025 1044 1146 1114 factum
1182 1043 1223 1114 alr
1257 1043 1377 1115 Adaeo
1412 1055 1454 1114 ct
1477 1044 1546 1133 Agi
1586 1044 1618 1111 in
1654 1041 1899 1136 Mesopotamia

526 1168 696 1232 testantur.
750 1159 834 1231 Cum
861 1182 963 1253 porro
992 1163 1081 1231 cirea
1109 1170 1239 1229 sextum
1268 1159 1437 1229 saeculum
1464 1157 1662 1230 Nestoriana
1690 1154 1840 1227 haeresis
1867 1159 1899 1225 in

525 1275 615 1347 illam
642 1278 849 1369 provinciam
877 1277 999 1345 sensim
1028 1273 1137 1345 inlusa
1171 1285 1242 1360 est,
1276 1285 1309 1344 et
1342 1279 1486 1345 maxima
1520 1297 1565 1343 ex
1592 1272 1738 1343 Persidis
1766 1272 1899 1362 Regum

528 1394 704 1463 autoritate
731 1394 934 1461 incrementa
964 1394 1110 1484 accepit,
1145 1411 1254 1462 novas
1289 1388 1330 1459 ab
1358 1389 1568 1460 Antistitilrus
1603 1410 1773 1459 sacrorum
1803 1385 1899 1477 leges

527 1505 729 1578 introductas
756 1505 877 1591 luisse,
904 1529 967 1575 nec
994 1505 1130 1577 historia
1161 1514 1313 1594 testatur,
1342 1527 1405 1576 nec
1433 1503 1578 1576 moribus
1607 1505 1736 1575 illorum
1764 1512 1899 1596 tempo-

527 1643 601 1693 rum
627 1620 789 1693 ullatenus
818 1624 1042 1691 convenisset.

632 1737 702 1808 Vll.
730 1737 871 1808 Accedit
900 1735 987 1807 aliud
1015 1758 1081 1806 non
1109 1738 1230 1807 minimi
1257 1737 1415 1830 ponderis
1443 1746 1682 1828 argumentum.
1727 1735 1900 1826 Liturgiae
1949 1746 2225 1800 Nihilinittisoccur-

529 1853 623 1940 illae,
656 1856 761 1947 prima
788 1856 1004 1945 praesertim,
1039 1857 1136 1923 etiarn
1168 1856 1202 1923 in
1235 1853 1404 1924 codicibus
1438 1875 1505 1923 non
1540 1852 1715 1923 admodum
1748 1831 2162 1972 uetustis,[lil‘fimlfffleglglm
2198 1849 2224 1968 ’Ζ

528 1972 614 2039 inter
640 1967 771 2056 multas,
797 1972 950 2063 variique
978 1973 1113 2059 generis
1142 1971 1311 2041 orationes
1339 1971 1399 2037 vix
1427 1968 1525 2039 ullam
1552 1967 1684 2055 habent,
1713 1991 1798 2061 quac
1823 1936 2071 2056 N⁰·reu01euCu⁰
2123 1934 2206 1973 aerea

530 2086 699 2156 storianae
727 2083 897 2154 doctrinae
924 2084 1116 2177 particulam
1146 2085 1286 2177 aliquam
1312 2092 1549 2177 repraesentet,
1577 2106 1641 2154 una
1658 2082 1804 2154 Nestorii
1832 2105 1901 2152 ex-

529 2207 642 2293 cepta,
671 2222 757 2293 quae
784 2203 879 2270 trium
907 2211 1078 2293 postrema
1106 2210 1169 2284 est,
1198 2211 1296 2294 atquc
1326 2200 1410 2271 adeo
1438 2201 1613 2269 recentior.
1649 2199 1695 2269 At
1712 2197 1902 2270 Officiorum

529 2323 764 2385 nocturnorum
802 2315 1058 2409 diurnorumque
1090 2337 1210 2409 preces
1252 2316 1350 2385 multa
1391 2315 1514 2386 hahent
1548 2314 1709 2406 ejusmodi
1750 2337 1902 2385 venena:

531 2429 658 2500 scilicet
686 2435 761 2523 quia
789 2433 994 2501 recentiores
1023 2441 1113 2517 sunt,
1151 2441 1184 2500 ct
1217 2428 1258 2499 ab
1286 2430 1350 2501 illis
1378 2428 1562 2501 homiuibus
1590 2434 1813 2524 compositae,
1849 2432 1903 2524 qui

532 2545 731 2639 sequacibus
758 2549 826 2615 suis
854 2545 1008 2615 haeresin
1036 2546 1217 2632 inculcare,
1254 2568 1459 2640 quacumque
1493 2546 1712 2636 satagebant
1754 2545 1837 2615 Sunt
1870 2548 1903 2614 in

531 2659 709 2752 Liturgicis
737 2660 892 2755 precibus
920 2660 985 2732 loci
1013 2660 1157 2755 quidam,
1186 2684 1230 2731 ex
1259 2660 1376 2754 quihus
1405 2664 1550 2755 suspicio
1577 2660 1843 2747 Nestorianismi,
1874 2661 1902 2729 si

531 2775 669 2868 rigidius
697 2779 909 2870 accipiantur,
938 2777 1010 2847 duci
1038 2786 1166 2869 posset,
1195 2799 1279 2870 quae
1308 2786 1415 2847 tarnem
1443 2776 1533 2847 nullo
1561 2778 1697 2867 negotio
1720 2774 1903 2861 discutitur,

531 2896 679 2964 sirecte
706 2892 938 2984 intelligantur.
967 2893 1171 2965 Sententiam
1200 2896 1286 2964 onim
1316 2891 1546 2963 Ortlrodoxam
1573 2889 1708 2977 habent,
1734 2889 1904 2984 nequead

530 3008 685 3079 haeresin
714 3009 904 3101 detorqueri
938 3018 1096 3103 possunt,
1130 3012 1191 3079 nisi
1226 3032 1270 3078 cx
1297 3007 1523 3101 praejudicata
1552 3009 1707 3100 opinione
1740 3005 1903 3078 adversus

530 3124 753 3196 Nestoriauos
782 3127 836 3217 qui
864 3123 940 3194 alibi
969 3128 1142 3219 opiniones
1170 3146 1248 3195 suas
1275 3121 1418 3217 produnt
1446 3119 1662 3194 satislihcre:
1691 3120 1766 3191 dum
1788 3121 1903 3191 Jcsum

533 3239 697 3311 Christum
725 3250 847 3310 vocant
874 3240 1028 3331 templana
1055 3241 1260 3324 divinitatis,
1296 3247 1329 3308 ct
1361 3238 1549 3328 Virginem,
1583 3237 1729 3305 Matrem
1757 3236 1904 3306 Christi:

536 3356 715 3450 Deiparam
742 3375 826 3424 vero
861 3376 1036 3447 nunquam.
1098 3354 1227 3448 Nempe
1261 3363 1377 3423 contra
1412 3374 1537 3423 morem
1574 3351 1799 3421 Ecclesiarum
1835 3348 1902 3437 fluit,

533 3469 656 3541 addere
684 3469 859 3563 quidquam
887 3474 1028 3541 vetustis
1061 3470 1285 3554 orationibuS,
1322 3471 1385 3538 nisi
1420 3467 1506 3560 quod
1540 3469 1683 3538 omnium
1718 3486 1903 3537 consensus

531 3588 733 3680 recepisset,
769 3595 802 3654 ut
833 3583 1039 3679 Ὁμοούσιος
1072 3597 1105 3656 et
1134 3586 1305 3667 ancozoe
1337 3585 1489 3674 adjuncta
1518 3594 1592 3654 suut
1618 3590 1696 3676 post
1720 3580 1905 3651 Nicaenum

533 3709 566 3770 et
591 3697 792 3795 Ephesinum
822 3699 1021 3788 Concilium,
1056 3701 1145 3795 quod
1180 3724 1246 3773 non
1281 3699 1381 3770 modo
1416 3696 1622 3769 adacobitis
1650 3700 1738 3769 circa
1766 3697 1905 3767 alteram

530 3836 650 3886 vocem
679 3815 801 3886 factum
828 3815 898 3904 fuit,
927 3817 1111 3887 sedetiam
1140 3815 1182 3887 ab
1211 3816 1425 3890 Orthodoxis.
1479 3814 1593 3907 Itaque
1621 3816 1683 3906 ipsi
1711 3816 1810 3883 etiam
1836 3812 1903 3881 Ja-

532 3931 665 4004 cobitae
692 3954 765 4000 cum
794 3932 1013 4025 amplissimas
1040 3932 1226 4003 Dioeceses
1254 3940 1414 4017 tenerent,
1435 3927 1698 4002 Alexandrinam
1727 3937 1759 3996 et
1776 3918 1903 3996 Antio-

532 4046 671 4118 chenam
700 4053 809 4140 (quae
843 4047 985 4137 dignitas
1019 4047 1229 4117 Nestorianis
1257 4046 1380 4130 defuit,
1414 4049 1468 4138 qui
1497 4043 1616 4115 nullam
1646 4041 1903 4113 Patriarchalem

533 4160 660 4247 sedem,
689 4165 786 4232 ctiam
814 4162 979 4232 violenter
1000 4173 1196 4256 occupatam
1218 4161 1458 4256 possederunt)
1480 4182 1587 4230 novas
1609 4162 1790 4247 orationeS,
1818 4181 1904 4251 quae

534 4276 577 4348 ad
604 4280 769 4371 opinionis
798 4300 879 4348 suae
906 4276 948 4348 de
975 4300 1039 4349 una
1066 4288 1183 4349 natura
1212 4277 1493 4349 confirmationem
1519 4282 1720 4370 spectarent,
1747 4272 1904 4361 Liturgiis

532 4414 599 4463 non
632 4397 855 4463 inseruerunt:
888 4415 1005 4465 verum
1040 4397 1136 4465 unico
1170 4397 1201 4463 in
1229 4393 1306 4465 loco
1334 4391 1578 4463 consessionem
1606 4403 1683 4461 ante
1710 4389 1905 4482 susceptio-

533 4529 608 4578 nem
637 4506 867 4578 Eucharistiae
895 4508 1106 4599 adjeccrunt;
1132 4508 1231 4602 idque
1260 4509 1379 4597 seriuS,
1406 4511 1439 4577 in
1459 4530 1523 4600 qua
1548 4510 1643 4578 unius
1664 4516 1801 4576 naturae
1821 4501 1903 4571 [ides

535 4634 785 4715 agnosceretur.
840 4624 1012 4715 Ejusmodi
1040 4634 1149 4694 autern
1178 4623 1376 4711 Confessio,
1411 4622 1452 4692 de
1484 4645 1547 4716 qua
1577 4621 1696 4692 dictum
1723 4629 1774 4690 cst
1800 4617 1903 4687 fusius

532 4740 566 4808 in
594 4743 831 4809 commentario
860 4738 901 4809 ad
929 4740 1087 4834 Copticas
1114 4738 1301 4830 Liturgias,
1337 4740 1487 4831 quamvis
1523 4740 1609 4808 inter
1636 4759 1766 4809 sacram
1794 4735 1904 4805 actio-

534 4875 611 4924 nem
638 4853 705 4939 srat,
734 4853 775 4924 ad
803 4878 875 4925 eam
905 4864 1014 4924 tamen
1041 4857 1177 4949 proprie
1203 4853 1371 4947 loquendo
1399 4875 1465 4923 non
1492 4855 1655 4947 pertinet.⁴

639 4967 726 5038 VHl.
754 4967 843 5037 ldem
872 4990 977 5062 prope
1004 4969 1206 5041 observatur
1233 4972 1264 5039 iu
1301 4966 1427 5039 duabus
1461 4967 1533 5038 aliis
1561 4967 1718 5057 Liturgiis
1753 4964 1841 5058 quod
1872 4966 1904 5034 in
1969 4976 2083 5031 turiani
2108 4992 2228 5030 censores

534 5088 641 5179 prima
669 5086 844 5167 communi,
873 5094 906 5153 et
932 5083 1098 5175 generali:
1126 5106 1200 5156 cum
1227 5088 1287 5155 vix
1316 5084 1490 5179 quidquam
1519 5081 1560 5153 ad
1577 5080 1798 5152 Nestoriauae
1818 5063 2230 5218 hae-ffltlgzssoecssmffi·

535 5221 653 5270 roseos
681 5199 999 5272 commendationem
1027 5198 1148 5271 inillis
1175 5200 1316 5292 legatur.
1369 5198 1452 5270 Illud
1483 5220 1566 5268 sanc
1594 5196 1905 5267 animadvertissent
1918 5236 2141 5289 „mmm
2156 5251 2229 5287 com-

534 5314 794 5410 Diamperenses
832 5337 1009 5403 censores,
1047 5319 1075 5387 si
1112 5315 1167 5386 vel
1203 5315 1314 5386 levem
1349 5312 1564 5386 Orientalium
1604 5334 1714 5382 rerum
1754 5315 1904 5383 notitiam
1917 5338 1994 5376 mune
2012 5322 2076 5375 nan
2094 5322 2196 5377 noenu

1620 5428 1700 5501 74*
1758 5420 1761 5426 ’
