5150 6534
819 820 849 898 s.
875 818 1011 897 neom
1036 785 1225 922 uospon
1246 816 1402 894 ammo
1428 814 1572 893 noum.
1829 811 1878 885 so

509 1009 645 1084 saeculo
672 1010 902 1100 migraverunt
928 1005 1107 1102 spiritibus,
1141 1002 1273 1077 Christe
1307 1006 1452 1098 quietem
1475 1012 1628 1098 praesta,
1656 1024 1732 1072 cum
1756 1001 1821 1096 piis
1848 1008 1883 1071 et

506 1129 614 1220 justis.
676 1122 772 1197 Crux
810 1135 866 1195 tua
905 1145 990 1219 pons
1033 1126 1076 1193 sit
1116 1119 1199 1211 illis,
1239 1130 1274 1192 et
1308 1117 1492 1214 baptismus
1530 1128 1605 1190 tuus
1644 1125 1879 1209 tegumentum.

510 1239 641 1338 Corpus
676 1253 766 1313 tuum
807 1250 841 1311 et
877 1242 1013 1330 sanguis
1051 1248 1127 1310 tuus
1162 1247 1316 1326 sanctus,
1350 1239 1407 1306 via
1443 1238 1508 1308 sint
1543 1255 1629 1329 quae
1665 1231 1804 1304 deducat
1837 1227 1881 1301 ad

507 1381 649 1452 regnum
674 1369 774 1430 tuum.
828 1355 976 1429 Gloriam
1002 1365 1213 1450 perpetuam,
1239 1373 1316 1422 cum
1339 1350 1532 1423 adoratione
1559 1345 1756 1444 acceptabili
1783 1346 1881 1418 decet

507 1498 570 1549 nos
607 1472 737 1548 relerre
768 1496 814 1545 ex
845 1471 956 1544 medio
983 1472 1178 1556 sanctuarii,
1204 1466 1314 1551 Patri,
1341 1466 1426 1540 Filio
1454 1477 1488 1536 ct
1513 1464 1649 1560 Spiritui
1676 1475 1792 1536 sancto
1818 1465 1879 1533 vi·
1911 1541 1915 1564 Ι

508 1614 572 1679 vo,
605 1602 641 1663 ut
671 1593 746 1685 ipse
772 1590 864 1661 Deus
896 1610 999 1661 verus
1027 1584 1205 1680 adimpleat
1228 1581 1402 1654 nobiscum
1428 1585 1582 1674 gratiam,
1603 1576 1881 1667 benedictionem,

507 1710 754 1780 miserationem
775 1716 809 1777 et
824 1705 1032 1777 clementiam
1059 1725 1163 1789 suam,
1190 1722 1236 1770 ex
1262 1697 1326 1770 hoc
1352 1719 1440 1768 nunc
1453 1719 1560 1791 usque
1587 1695 1763 1768 adfinem:
1790 1717 1878 1768 nos-

502 1845 579 1918 ·qua
605 1844 721 1896 omues
748 1843 823 1892 cum
850 1824 1001 1894 oratione
1027 1820 1203 1893 Dominum
1231 1814 1460 1910 deprecemur.

760 2110 934 2181 Sacerdos
960 2115 1041 2181 unte
1068 2113 1257 2180 orationem
1281 2110 1497 2182 Dominicam
1523 2110 1616 2181 dicit.

613 2320 715 2391 Pater
726 2316 859 2389 Domini
885 2321 990 2390 nostri
1007 2318 1089 2388 lesu
1104 2316 1246 2408 Christi,
1272 2329 1370 2414 pater
1396 2316 1697 2390 misericordiarum
1731 2326 1765 2387 et
1790 2315 1882 2388 Deus

511 2440 612 2509 totius
639 2432 895 2521 consolationis,
923 2437 977 2526 qui
1004 2433 1103 2505 sedes
1131 2455 1232 2528 super
1259 2433 1453 2521 Chenrbim,
1487 2445 1520 2505 et
1548 2458 1567 2504 a
1594 2432 1770 2527 Seraphim
1803 2431 1882 2503 lau-

514 2549 620 2622 daris:
648 2572 761 2622 coram
789 2573 854 2643 quo
881 2553 1065 2622 consistunt
1096 2549 1184 2619 mille
1215 2551 1424 2642 Angelorum
1456 2549 1643 2646 myriades,
1679 2547 1817 2620 excelsa
1850 2556 1885 2619 et

514 2666 673 2738 coelestia
701 2669 847 2757 agmina:
880 2669 933 2759 qui
969 2663 1156 2737 oblationes
1191 2687 1237 2735 ex
1273 2666 1370 2738 donis
1406 2677 1439 2737 et
1470 2665 1687 2760 proventibus
1720 2664 1883 2736 fructumn

512 2782 570 2855 tihi
597 2779 716 2854 oblatis
744 2785 776 2851 in
804 2781 942 2855 odorem
969 2784 1159 2868 suavitatis,
1187 2780 1341 2873 dignatus
1368 2803 1408 2853 es
1435 2783 1644 2855 sanctificare
1671 2792 1705 2853 et
1719 2779 1884 2876 perlicere

513 2919 574 2993 per
600 2900 740 2989 gratiam
766 2901 927 2989 unigeniti
953 2896 1028 2967 Filii
1060 2900 1126 2986 tui,
1159 2905 1192 2967 et
1227 2920 1290 2993 per
1322 2896 1473 2993 illapsum
1509 2898 1650 2993 Spiritus
1686 2901 1731 2967 tui
1767 2899 1882 2970 sancti.

514 3010 691 3083 Sanctilica
718 3016 817 3083 etiam
842 3013 986 3084 Domine
1013 3016 1140 3083 animas
1157 3026 1309 3101 nostras,
1336 3037 1480 3109 corpora
1509 3025 1641 3100 nostra,
1682 3017 1883 3108 spiritusque

511 3137 667 3215 uostroS,
693 3138 729 3198 ut
755 3127 858 3198 corde
885 3151 987 3223 puro,
1015 3132 1124 3199 anima
1157 3129 1283 3217 lucida,
1312 3140 1346 3201 et
1377 3128 1465 3201 facie
1492 3130 1677 3218 inconfusa,
1704 3129 1883 3199 audeamus

513 3245 675 3314 invocare
706 3250 739 3314 te
764 3242 873 3313 Deum
908 3242 1107 3333 coelestem,
1139 3245 1273 3316 Patrem
1306 3250 1581 3340 omnipotentem,
1618 3267 1816 3338 oremusque
1851 3254 1884 3315 ct

515 3357 805 3437 dicamus:,Patcr
831 3370 947 3430 noster
974 3363 1029 3454 qui
1057 3383 1095 3433 es
1122 3364 1155 3430 in
1182 3362 1296 3433 coelis.

616 3494 776 3586 Populus.
803 3492 1045 3583 Sanctificetur,
1072 3504 1134 3565 etc.

617 3625 801 3697 Sacerdos.
829 3627 972 3699 Domine
999 3628 1092 3699 Deus
1118 3637 1254 3717 noster,
1280 3649 1324 3699 ne
1351 3626 1487 3699 inducas
1513 3649 1577 3699 nos
1603 3628 1884 3714 intentationem,

516 3763 614 3835 quam
647 3745 769 3814 virtute
801 3740 945 3814 destituti
977 3746 1142 3814 sustinere
1173 3765 1238 3814 non
1275 3747 1460 3839 possimus,
1500 3742 1561 3814 sed
1592 3740 1648 3812 iac
1678 3746 1777 3813 etiam
1803 3733 1885 3814 'cum

516 3859 696 3929 tentatione
721 3866 937 3953 proventum,
964 3869 1000 3930 ut
1025 3860 1191 3954 possimus
1220 3862 1403 3948 sustinere,
1437 3868 1469 3928 et
1500 3857 1605 3930 libera
1640 3880 1703 3930 nos
1738 3881 1758 3929 a
1784 3856 1882 3930 malo.

515 3973 581 4044 Per
606 3972 721 4045 lesum
749 3972 912 4046 Christum
939 3974 1115 4046 Dominum
1143 3986 1311 4063 nostrum,
1338 3996 1540 4067 perquem,
1568 3986 1630 4046 etc.

617 4105 777 4198 Populus.
805 4106 924 4178 Amen.

618 4221 802 4293 Sacerdos.
829 4223 913 4294 Pax.
1017 4224 1179 4315 Populus.
1205 4221 1249 4294 Et
1276 4245 1359 4292 cum.

618 4337 806 4409 Diaconos.
832 4337 991 4409 lucbnate
1019 4343 1127 4435 capita
1154 4350 1268 4411 vestra
1305 4361 1419 4411 coram
1451 4337 1526 4409 Deo
1560 4338 1786 4426 misericordi,
1817 4361 1883 4410 co-

515 4475 587 4523 ram
613 4451 707 4523 altari
733 4455 974 4548 propitiatorio,
1002 4466 1035 4525 et
1060 4477 1173 4526 coram
1201 4477 1345 4550 corpore
1373 4464 1406 4525 et
1432 4456 1594 4547 sanguine
1610 4453 1796 4526 Salvatoris
1814 4476 1884 4525 no-

518 4570 598 4657 stri,
626 4571 751 4662 inquo
779 4573 849 4641 vita
876 4573 985 4664 posita
1012 4581 1065 4645 est
1090 4570 1343 4667 suscipientibus
1377 4571 1450 4659 illa,
1486 4581 1519 4643 et
1551 4574 1706 4666 suscipite
1740 4569 1884 4643 benedi-

516 4687 658 4755 ctionem
687 4706 706 4754 a
732 4684 887 4756 Domino.

616 4810 801 4883 Sacerdos.
829 4811 903 4884 Tibi
930 4813 1085 4887 inclinant
1112 4818 1275 4888 servitui
1302 4819 1410 4912 capita
1437 4839 1514 4906 sua,
1541 4824 1757 4911 expectantes
1774 4817 1882 4884 mise-

514 4927 675 4999 ricordias
702 4927 823 5001 uberes
851 4952 871 5000 a
898 4939 940 5000 tc.
980 4930 1234 5003 Benedictiones
1262 4935 1418 5028 copiosas
1446 4955 1532 5027 quae
1560 4955 1579 5003 a
1607 4940 1639 5001 te
1666 4940 1753 5021 sunt,
1779 4931 1883 5018 mitte,

513 5040 676 5134 Domine,
703 5054 738 5115 et
763 5045 931 5118 sanctifica
959 5048 1103 5135 animas,
1138 5069 1299 5142 corpora,
1328 5052 1526 5144 spiritusque
1552 5055 1705 5134 nostros,
1732 5055 1767 5115 ut
1794 5044 1883 5136 digni

518 5157 620 5231 simus
659 5159 920 5232 communicandi
955 5165 1089 5257 corpori
1127 5173 1161 5233 et
1191 5167 1344 5256 sanguini
1382 5163 1502 5237 Christi
1537 5161 1724 5234 Salvatoris
1759 5164 1883 5233 nostri:

519 5292 581 5368 per
605 5278 747 5366 gratiam
774 5285 809 5349 et
833 5276 1095 5350 misericordiam
1122 5287 1319 5376 etamorem
1346 5278 1494 5372 ejusdem
1511 5278 1592 5351 lesu
1612 5275 1732 5350 Christi
1750 5275 1885 5350 Domini
