5150 6534
872 790 1714 873 JOANNISBASORENSIS.
1895 798 1971 872 423

605 1004 704 1076 quem
730 984 836 1055 omnis
863 983 1066 1076 principatus
1102 981 1252 1053 ordinum
1288 982 1423 1054 militiae
1450 983 1624 1070 coelestis,
1652 981 1828 1055 Cherubim
1854 985 1969 1055 multi-

605 1097 709 1184 oculi‚
743 1108 777 1169 et
810 1097 985 1192 Seraphim
1018 1120 1081 1168 sex
1115 1098 1176 1170 alis
1208 1100 1374 1187 instructi,
1408 1110 1529 1170 canunt
1562 1095 1618 1170 tibi
1651 1121 1740 1170 voce
1775 1098 1969 1195 triumphali,

604 1214 828 1306 glorificantes
855 1213 1090 1300 indesinenter,
1119 1224 1151 1284 et
1178 1237 1242 1285 una
1268 1237 1358 1285 voce
1385 1214 1556 1286 laudantes
1584 1215 1702 1287 dicunt

708 1330 869 1423 Populos.
923 1329 1075 1400 Sanetus.

708 1446 882 1517 Sacerdos
914 1447 1104 1516 inclinatos.
1158 1446 1209 1516 Tu
1243 1449 1328 1517 enim
1365 1445 1456 1517 solus
1490 1454 1624 1517 sauctus
1652 1468 1701 1534 es,
1729 1456 1762 1515 tu
1791 1450 1875 1517 enim
1904 1468 1967 1518 so-

603 1560 657 1635 lus
682 1561 809 1647 bonus,
844 1572 878 1631 tu
911 1564 997 1633 enim
1023 1563 1114 1633 solus
1141 1560 1243 1648 liber,
1277 1561 1370 1632 Deus
1406 1584 1502 1655 quem
1530 1564 1562 1632 iu
1589 1562 1749 1633 Trinitate
1775 1562 1968 1633 conlitemur

482 1677 489 1684 “
603 1676 748 1765 Patrem,
775 1676 904 1765 Filium,
932 1689 966 1749 et
992 1677 1146 1773 Spiritum
1175 1689 1333 1749 sanctum.
1387 1676 1438 1747 Tu
1456 1681 1556 1748 etiam
1578 1678 1720 1749 Domine
1748 1681 1967 1774 omnipotens,

604 1815 680 1864 cnm
711 1792 895 1866 formasses
928 1797 1066 1887 primum
1099 1793 1262 1864 hominem
1298 1792 1339 1864 ad
1373 1815 1477 1887 opera
1511 1794 1618 1881 bona,
1651 1797 1843 1888 participem
1879 1795 1968 1867 illum

602 1908 714 1981 fecisti
739 1911 912 2004 potestatis
940 1909 1091 1998 divinae,
1120 1912 1281 2003 quietem,
1314 1910 1588 1980 immortalitatem
1616 1908 1778 2004 paradisi,
1806 1921 1840 1981 et
1865 1914 1967 1981 vitam

603 2023 701 2095 nullis
727 2023 965 2097 infirmitatibus
993 2024 1171 2096 obnoxiam
1199 2023 1244 2095 illi
1271 2023 1411 2114 largitus
1439 2046 1525 2095 eras.
1579 2021 1758 2117 Postquam
1791 2049 1876 2097 vero
1905 2049 1966 2096 ar-

602 2142 704 2214 tifieio
731 2144 895 2238 serpentis
921 2150 1121 2236 potestatem
1148 2140 1235 2211 illam
1263 2162 1356 2210 saram
1383 2161 1444 2233 per
1470 2143 1770 2230 transgressionem
1797 2145 1968 2237 praecepti

603 2261 772 2354 corrupit,
807 2268 841 2329 et
876 2257 917 2329 ab
944 2256 1144 2328 habitatione
1177 2279 1237 2326 sua
1264 2258 1297 2324 in
1323 2253 1435 2344 Edem,
1463 2253 1618 2350 depulsus
1646 2266 1715 2341 est,
1741 2271 1774 2330 et
1800 2262 1908 2351 gratia
1934 2262 1968 2329 in

605 2394 669 2466 qna
697 2385 770 2445 erat
795 2373 968 2468 spoliatus,
997 2375 1148 2466 quamvis
1175 2374 1277 2441 iratus
1305 2392 1372 2442 nou
1399 2374 1546 2441 avertisti
1566 2370 1685 2442 laeiem
1715 2383 1801 2444 tuam
1825 2375 1866 2446 ab
1894 2375 1966 2447 illo:

604 2488 665 2561 sed
693 2501 729 2561 ut
753 2500 1003 2562 converteretur
1030 2486 1244 2581 interpellasti
1271 2510 1332 2581 per
1360 2486 1615 2573 admonitiones,
1647 2510 1708 2582 per
1734 2490 1869 2584 plagas,
1905 2512 1967 2585 per

606 2606 869 2700 praedicatores,
896 2629 957 2701 per
985 2606 1151 2676 doctores.
1204 2602 1284 2673 lude
1321 2603 1437 2674 Patres
1470 2607 1663 2692 extiterunt,
1696 2614 1730 2675 et
1756 2606 1863 2695 salus,
1890 2610 1966 2700 quia

602 2743 688 2793 vero
714 2721 771 2794 ubi
796 2722 854 2793 lex
882 2732 965 2808 erat,
993 2720 1129 2791 invaluit
1155 2731 1189 2791 et
1214 2719 1315 2790 valde
1336 2719 1579 2813 mrdtiplicatnm
1599 2731 1650 2792 est
1665 2733 1847 2815 peccatum,
1874 2721 1966 2791 Pro-

603 2837 724 2934 phetae
751 2837 996 2921 clamaverunt,
1030 2848 1064 2907 et
1097 2839 1145 2905 ira
1173 2838 1326 2906 succensi
1354 2844 1437 2906 sunt.
1492 2835 1641 2929 Cumque
1669 2859 1767 2907 omne
1793 2837 1966 2909 remedio-

602 2978 676 3025 rum
711 2976 817 3046 genus
856 2975 1081 3047 quaecumque
1114 2953 1300 3042 excogitari
1336 2961 1494 3045 possunt,
1538 2950 1712 3023 adhibitum
1750 2952 1869 3025 luisset
1906 2978 1966 3049 per

604 3092 725 3145 servos
746 3070 952 3154 obedientes,
980 3079 1013 3139 et
1041 3067 1187 3156 sedulos,
1214 3066 1303 3138 nullo
1321 3066 1440 3153 irnctu,
1468 3075 1501 3136 et
1527 3069 1580 3159 qui
1599 3068 1766 3140 ¹ceciderat
1783 3073 1814 3140 in
1838 3092 1964 3140 summo
1996 3113 2000 3125 ι

529 3193 533 3200 “
602 3186 752 3281 periculo
779 3196 983 3273 versaretur,
1011 3193 1086 3254 tune
1113 3186 1270 3278 temporis
1299 3185 1496 3272 unigenitum
1523 3182 1550 3251 F
1553 3183 1639 3253 ilium
1669 3194 1768 3272 tuum,
1796 3194 1966 3256 aeternum

602 3302 692 3373 illum
720 3312 754 3373 et
779 3300 1106 3387 consubstantialem,
1134 3299 1239 3371 throni
1267 3310 1301 3369 et
1326 3301 1488 3368 creatoris
1516 3297 1672 3388 dignitate
1700 3300 1888 3394 aequalem,
1924 3301 1966 3371 ad

602 3439 668 3489 nos
693 3429 902 3513 peccatores,
931 3426 963 3487 et
991 3420 1241 3511 impoenitentes
1269 3416 1406 3501 misisti,
1440 3417 1493 3507 qui
1521 3415 1700 3485 secundum
1726 3415 1965 3511 beneplacitum

601 3542 711 3623 tuum,
742 3535 834 3605 Deus
862 3535 977 3622 Pater,
1011 3556 1056 3603 ex
1083 3531 1206 3625 Spiritu
1233 3539 1360 3616 sancto,
1389 3540 1421 3600 et
1448 3538 1542 3599 utero
1569 3535 1715 3624 conjugii
1743 3544 1881 3628 experte
1908 3539 1965 3604 in-

603 3659 757 3721 carnatus
784 3660 818 3720 et
843 3647 941 3721 homo
968 3648 1075 3719 iactus
1104 3656 1163 3717 est.
1217 3646 1253 3717 ln
1291 3668 1392 3716 carne
1425 3655 1569 3715 assumto
1596 3648 1690 3718 simili
1718 3660 1852 3719 nostrae
1879 3651 1966 3722 sub-

603 3766 744 3837 stantiae
770 3767 959 3858 nostrisque
985 3761 1215 3857 passionibus,
1252 3772 1285 3831 et
1320 3760 1433 3831 similis
1462 3783 1536 3831 curn
1563 3772 1677 3834 nostra
1705 3769 1844 3855 originis
1854 3819 1864 3852 ,
1900 3788 1967 3837 non

603 3882 638 3951 in
664 3903 797 3952 caruem
826 3889 882 3951 aut
908 3881 1100 3970 sanguinem
1129 3899 1323 3949 conversus.
1377 3876 1538 3970 Nequeo
1566 3890 1683 3951 notura
1706 3886 1868 3976 superiori
1890 3907 1968 3953 nrrr-

602 3998 759 4068 tationem
786 4018 919 4092 passus,
946 3994 1006 4066 sed
1026 3997 1157 4066 omnino
1180 3996 1347 4063 innatum
1375 3993 1480 4085 qualis
1504 4007 1618 4066 nostra
1640 4007 1702 4086 est,
1730 3997 1827 4069 homo
1849 3997 1964 4070 laetus.

602 4110 723 4208 Neque
749 4116 847 4184 etiam
875 4133 997 4207 eorpus
1025 4110 1113 4204 quod
1141 4118 1319 4180 assumtum
1347 4118 1415 4196 est,
1450 4119 1484 4178 et
1509 4115 1631 4182 inritum
1659 4115 1722 4207 ipsi
1750 4117 1781 4184 in
1809 4136 1964 4207 persona,

604 4232 712 4300 anima
738 4227 891 4299 rationali
918 4227 1084 4321 praedita,
1119 4246 1317 4296 conversum
1346 4234 1397 4294 est
1426 4227 1459 4294 in
1487 4225 1699 4298 substantiam
1728 4228 1874 4317 deitatis3
1902 4253 1964 4300 as-

597 4346 745 4442 sumptio
773 4347 871 4430 enim,
899 4344 1122 4413 transmutatio
1149 4340 1209 4411 fuit
1234 4338 1413 4410 seeundum
1433 4341 1619 4433 qualitatem
1643 4341 1835 4429 naturalem,
1863 4353 1896 4412 et
1923 4367 1963 4414 ea

541 4453 544 4457 ’
603 4482 650 4531 ex
683 4460 800 4554 quibus
840 4457 1046 4531 ineffabiliter
1084 4459 1288 4550 compositus
1323 4462 1391 4542 est,
1427 4469 1505 4549 post
1544 4459 1671 4528 unionis
1705 4456 1964 4547 intelligentiam,

601 4597 671 4648 non
698 4575 828 4669 quidem
855 4597 917 4670 per
944 4576 1210 4660 conversionem,
1238 4582 1294 4641 aut
1321 4571 1547 4664 ellluxionem,
1581 4575 1641 4645 sed
1674 4573 1750 4645 illud
1779 4574 1866 4666 quod
1893 4577 1964 4668 ipse

604 4702 679 4763 erat
703 4691 795 4763 Deus
822 4714 867 4761 ex
893 4691 969 4761 Deo
997 4699 1183 4784 permanet:
1219 4687 1272 4757 illa
1307 4709 1390 4758 vcro
1425 4693 1533 4760 omnia
1561 4693 1701 4786 aceepit,
1729 4699 1871 4784 excepto
1899 4713 1963 4763 so-

603 4804 670 4878 lum
697 4817 851 4902 peccato,
878 4826 943 4875 non
971 4803 1149 4876 secundum
1176 4801 1414 4896 phantasticam
1447 4804 1588 4899 aliquam
1622 4809 1766 4902 speciem
1802 4817 1857 4877 aut
1883 4810 1962 4901 opi-

604 4905 747 5012 nionem,
774 4925 945 5017 apparuit;
971 4942 1079 5014 neque
1106 4923 1137 4989 in
1165 4918 1292 4989 duabus
1318 4922 1463 5009 naturis,
1497 4933 1553 4993 aut
1586 4925 1617 4991 in
1646 4922 1773 4995 duobus
1799 4923 1963 5013 cognitus,

605 5037 791 5109 sedunum
817 5037 888 5125 init,
913 5036 1060 5108 Verbum
1088 5033 1176 5129 quod
1197 5038 1399 5107 incarnatum
1419 5048 1486 5109 est:
1513 5059 1597 5109 unns
1615 5036 1731 5126 Filius,
1757 5059 1840 5109 unus
1859 5035 1961 5109 Chri-

604 5162 693 5242 stus,
719 5176 785 5225 una
810 5174 968 5249 persona,
995 5175 1059 5222 una
1085 5161 1201 5222 natura
1228 5152 1301 5220 sive
1328 5156 1531 5247 suppositum
1556 5151 1661 5225 Verbi
1686 5154 1853 5224 incarnati.
1898 5152 1962 5237 Qui

605 5288 712 5360 genus
737 5280 886 5344 nost-mm
912 5270 1038 5356 erexit,
1070 5266 1158 5363 quod
1189 5266 1357 5359 inopinato
1389 5267 1563 5361 naufragio
1597 5271 1757 5365 perierat:
1784 5270 1839 5364 qui
1864 5266 1961 5342 nobis
