5150 6534
856 801 907 877 tn
937 798 1399 878 Ltnnaatltt'tacosst
1434 799 1726 878 salunensis
1896 802 1972 877 367

601 983 683 1067 epod
704 984 799 1067 &ros
822 983 862 1048 ita
884 983 1062 1065 appellatur,
1085 985 1158 1048 urbs
1182 991 1229 1047 est
1243 984 1361 1065 Syriae,
1384 983 1543 1047 Orroenae
1565 983 1631 1046 sive
1653 989 1797 1048 tractatus
1811 984 1973 1065 Edesseni,

601 1102 691 1170 quem
720 1094 826 1151 ’ntnttt
853 1091 972 1147 vocant.
1018 1082 1188 1165 Stephanus
1217 1071 1342 1145 Baianae
1370 1073 1470 1155 πόλις
1496 1079 1555 1165 τῆς
1585 1069 1746 1167 bethamar,
1772 1070 1811 1143 cd
1840 1074 1972 1146 ἐθνικὸν

599 1183 763 1265 phaeaciae.
792 1182 912 1245 Batnae
932 1182 1007 1243 urbs
1029 1180 1220 1243 Orchoeaea:
1243 1181 1391 1261 Procopio
1413 1167 1522 1264 Βάινη
1545 1180 1690 1262 singulari
1713 1198 1838 1244 numero
1861 1183 1971 1262 appel-

599 1281 690 1345 latur.
734 1281 785 1345 Ait
808 1300 878 1346 esse
900 1268 1049 1356 πόλισμα
1070 1268 1177 1365 pipam)
1207 1274 1262 1340 nal
1285 1268 1383 1361 λόγου
1412 1270 1543 1351 οὗὸένος
1570 1268 1663 1355 ἄξιον
1688 1269 1811 1363 ἡμέρας
1839 1274 1876 1343 δὲ
1906 1270 1972 1362 ὁδῷ

601 1371 739 1465 &dionae
763 1373 879 1459 διέχον.
933 1378 1110 1440 Urhecalam
1135 1379 1246 1439 araitins
1273 1378 1404 1438 nominis
1432 1377 1521 1438 anias
1550 1378 1613 1438 diei
1644 1378 1752 1439 itinere
1786 1378 1826 1439 ob
1852 1378 1972 1440 Edessa
2018 1380 2047 1433 b.
2066 1382 2092 1433 ²·
2110 1380 2141 1431 aa
2158 1378 2212 1430 teu
2224 1378 2294 1435 Pera

601 1480 771 1543 dietam.
800 1478 931 1542 Meminit
952 1477 1089 1539 Julianus
1112 1476 1185 1556 lmp.
1208 1476 1262 1555 Ep.
1287 1476 1339 1537 27.
1363 1474 1517 1537 Osroeaac
1537 1474 1699 1556 legendum
1722 1486 1824 1539 monet
1846 1476 2009 1540 flotsre-r·
2036 1466 2097 1517 ¹¹9·
2125 1466 2176 1560 ‘d'
2193 1465 2294 1533 llatae.

599 1578 670 1641 nius
692 1578 770 1659 apud
794 1576 987 1658 Stephanum,
1011 1592 1068 1638 uec
1092 1583 1221 1652 temere,
1253 1591 1320 1636 nam
1343 1573 1384 1635 ita
1406 1573 1499 1655 vulgo
1522 1573 1598 1635 haec
1619 1574 1708 1653 regio
1739 1593 1756 1637 a
1787 1575 1911 1640 Graecis
1941 1552 2080 1684 et13‘23ie
2110 1549 2194 1615 ¹⁴⁶³*
2226 1548 2242 1600 L
2268 1550 2294 1601 ²·

599 1675 714 1740 Latinis
738 1675 891 1739 autoribus
915 1673 1097 1756 appellatnr3
1120 1673 1192 1736 nihil
1216 1681 1316 1734 tamen
1339 1671 1520 1750 mutandum,
1543 1679 1576 1733 ut
1594 1672 1790 1753 saltemquae
1813 1677 1892 1757 apud
1916 1650 2008 1739 eosp'
2063 1671 2071 1685 '

599 1782 757 1837 remanent
779 1778 948 1855 scripturae
971 1771 1131 1835 Orientalis
1155 1780 1186 1834 et
1208 1772 1358 1852 genuinae
1381 1771 1522 1851 vestigia,
1544 1772 1653 1832 intacta
1677 1782 1848 1836 serventur.
1871 1774 1972 1838 Urbe-

601 1873 698 1936 culam
713 1872 790 1935 hanc
806 1874 983 1953 praesertim
1003 1870 1203 1933 aillictissimis
1218 1869 1454 1932 Christianorum
1467 1869 1568 1947 rebus,
1592 1869 1647 1931 sub
1662 1887 1722 1932 uno
1733 1869 1887 1953 Episcopo
1905 1891 1973 1935 cum

592 1967 719 2051 'Seruga
742 1969 836 2033 inisse
858 1972 1058 2052 conjunctam,
1080 1969 1244 2031 verisimile
1267 1975 1323 2030 est.
1373 1967 1447 2029 Nam
1470 1975 1503 2029 ut
1525 1987 1565 2030 ex
1587 1967 1675 2049 hujus
1698 1967 1852 2052 Liturgiae
1875 1971 1971 2050 titulo,

601 2067 728 2149 aliisque
752 2068 837 2149 Syris
860 2077 891 2131 et
913 2069 1050 2131 Arabicis
1074 2068 1271 2130 monumentis
1300 2065 1487 2147 intelligitur,
1510 2067 1630 2148 utrique
1653 2065 1719 2128 urbi
1740 2068 1872 2132 lacobus
1895 2071 1973 2150 Epi-

601 2184 713 2249 scopus
737 2167 939 2247 praesidebat.
983 2167 1048 2229 Nec
1079 2167 1225 2229 immerito
1255 2173 1383 2226 uocatur
1403 2165 1550 2246 Syromm
1572 2165 1696 2228 Doctae.
1741 2166 1815 2228 Nam
1846 2170 1871 2230 si
1899 2187 1973 2232 vera

602 2272 651 2328 est
672 2267 804 2330 narratio
827 2267 865 2330 de
888 2268 979 2330 rebus
1002 2265 1165 2328 Armeniae
1188 2282 1276 2343 quam
1300 2283 1318 2325 o
1340 2264 1436 2344 Regio
1459 2262 1571 2326 Codice
1595 2263 1687 2326 edidit
1702 2264 1911 2343 Combolrsius‚
1934 2268 1972 2330 ab

601 2363 661 2426 isto
682 2364 798 2428 Jacobo
832 2384 941 2429 nomen
970 2365 1126 2429 Jacobitae
1156 2362 1341 2437 habuerunt,
1373 2380 1461 2442 quem
1490 2349 1645 2441 Ἰάκωβον
1672 2362 1839 2428 Πιτνανοῦ
1867 2375 1973 2443 vocat3

602 2480 661 2542 qua
688 2463 717 2524 in
748 2481 824 2527 voce
847 2464 968 2527 Bouron
990 2463 1078 2525 lacile
1113 2469 1159 2523 est
1190 2478 1368 2543 agnoscere.
1420 2460 1605 2540 Quamquam
1632 2462 1824 2527 verisimilior
1853 2466 1972 2528 omnino

519 2537 532 2558 ⁸
603 2562 779 2642 conjectura
803 2563 933 2639 videtur,
957 2580 1060 2624 eorum
1085 2562 1135 2641 qui
1157 2558 1362 2640 Nicephorum
1392 2567 1423 2621 et
1445 2557 1581 2622 Graecos
1611 2559 1685 2622 alios
1715 2571 1836 2626 autores
1864 2565 1972 2642 secuti,

601 2656 754 2721 Jacobitas
778 2678 838 2723 non
861 2680 878 2723 a
901 2661 1083 2724 Botnanensi
1106 2657 1232 2736 Jacobo,
1263 2657 1318 2720 sed
1341 2677 1358 2719 a
1381 2657 1547 2736 Baradaeo,
1570 2658 1636 2721 sive
1659 2659 1806 2725 Baradato
1829 2682 1918 2743 quem
1941 2671 1973 2726 et

601 2744 781 2833 τζάνζαλον
803 2777 859 2839 per
882 2768 1083 2840 contemptum
1107 2758 1270 2839 appellant,
1294 2759 1334 2818 ita
1357 2758 1585 2837 cognominatos
1609 2759 1789 2825 existimant.
1836 2763 1972 2826 Tabelita

602 2854 683 2918 unde
705 2856 803 2920 dictus
826 2859 875 2934 sit,
898 2858 977 2920 haud
1001 2859 1088 2920 aliter
1110 2858 1220 2919 scimus
1249 2873 1338 2936 quam
1368 2874 1408 2917 ex
1431 2853 1505 2918 Cod.
1527 2855 1588 2919 MS.
1612 2857 1821 2938 inscriptione:
1850 2879 1890 2921 ex
1912 2879 1971 2942 qua

602 2953 691 3016 etiam
713 2956 878 3035 conjectari
904 2956 975 3019 licet
1005 2975 1063 3019 non
1089 2973 1184 3035 pauca
1213 2954 1463 3017 Constitutionum
1493 2954 1775 3020 Ecclesiasticarum
1803 2957 1972 3040 fragmenta

602 3071 682 3133 quae
709 3054 741 3116 in
768 3054 982 3119 Nomocanone
1007 3057 1151 3136 Syrorum
1182 3053 1343 3135 leguntur,
1373 3054 1492 3116 nomine
1521 3053 1692 3127 Tabelitae,
1727 3055 1764 3117 ad
1794 3056 1873 3117 huno
1902 3074 1971 3118 esse

601 3150 771 3214 referenda.
823 3153 889 3214 Fuit
919 3162 1018 3216 autem
1048 3154 1113 3230 ille,
1143 3160 1175 3215 ut
1205 3151 1366 3214 Christiani
1396 3160 1453 3213 tam
1483 3151 1652 3214 Orthodoxi
1682 3171 1770 3232 quam
1799 3153 1973 3217 Nestoriani

602 3256 761 3326 testantur,
785 3249 892 3313 Severi
914 3252 1095 3315 Antiocheni
1118 3250 1294 3331 discipulus,
1326 3258 1357 3311 et
1378 3252 1522 3312 maximus
1545 3249 1729 3313 Jacobiticae
1761 3251 1831 3314 lidei
1854 3271 1973 3334 propu-

601 3354 723 3428 gnator,
746 3367 813 3410 cum
836 3350 912 3412 alter
935 3352 963 3411 in
988 3351 1108 3412 exilium
1137 3348 1243 3429 pulsus
1272 3348 1363 3410 lorct:
1394 3366 1666 3430 successoremque
1695 3351 1725 3411 in
1753 3350 1858 3412 eadem
1881 3368 1972 3414 causa

602 3446 778 3509 sustinenda
800 3447 902 3510 habuit
919 3449 1065 3511 Jacobnm
1088 3448 1178 3509 alium
1192 3446 1380 3521 Baradalum,
1404 3465 1497 3528 aquo
1511 3446 1664 3510 Jacobitas
1687 3449 1853 3512 nominatos
1877 3449 1971 3512 luisse

602 3544 783 3625 Nicephori,
817 3546 956 3628 Eutychii
987 3547 1201 3623 Alexandrini,
1238 3554 1268 3609 et
1298 3546 1424 3609 aliorum
1454 3548 1614 3610 multorum
1650 3549 1751 3627 opinio
1781 3546 1844 3610 init.
1898 3550 1972 3611 Cum

603 3650 702 3706 autem
723 3642 856 3707 Jacobns
879 3645 1078 3708 Botnanensis
1101 3643 1191 3707 multa
1215 3647 1383 3725 scripserit,
1406 3664 1465 3708 non
1489 3645 1578 3710 modo
1601 3648 1680 3708 inter
1699 3646 1855 3709 Ecclesiae
1877 3647 1972 3712 Jaco-

602 3740 712 3803 biticae
734 3742 884 3806 Doctores
915 3752 1089 3806 numeratur
1120 3746 1150 3805 in
1179 3732 1366 3827 Ὁμολογίᾳ,
1399 3748 1465 3807 sive
1496 3744 1698 3808 Confessione
1726 3744 1795 3807 lidci
1828 3765 1906 3826 quae
1934 3750 1971 3810 ab

602 3840 776 3904 ordinandis
800 3844 942 3924 exigitur,
965 3843 1019 3905 sed
1041 3843 1132 3905 multa
1155 3844 1221 3926 ejus
1243 3844 1414 3906 testimonia
1436 3852 1599 3907 occurrunt
1621 3845 1651 3905 in
1674 3844 1815 3906 Tractatu
1845 3846 1883 3908 de
1913 3846 1972 3911 lide

601 3939 731 4003 Patrnm.
777 3940 926 4005 Historiae
951 3942 1149 4004 Nestorianae
1171 3942 1337 4021 scriptores
1360 3942 1498 4021 tradunt,
1529 3941 1675 4004 Jacobnm
1699 3943 1854 4022 aequalem
1878 3942 1972 4008 inisse

601 4036 727 4116 Aeneia,
752 4057 840 4119 quem
863 4040 1040 4123 vigesimum
1075 4039 1238 4102 secundum
1270 4038 1491 4103 Catholicorum
1521 4059 1644 4104 suorum
1674 4050 1846 4104 numerant:
1876 4043 1972 4106 literis

604 4138 698 4199 sacris
721 4154 844 4217 operam
867 4139 989 4202 dedisse
1017 4142 1048 4201 in
1072 4137 1180 4201 Schola
1209 4138 1365 4201 Edessena
1394 4156 1471 4219 quae
1503 4140 1715 4203 llorentissima
1744 4148 1813 4203 tunc
1841 4140 1911 4203 init:
1942 4151 1973 4204 et

602 4234 686 4297 initio
707 4236 954 4300 Nestorianornm
979 4239 1112 4319 opinioni
1142 4237 1328 4302 adhaesisse.
1373 4239 1533 4319 Postquam
1561 4257 1635 4302 vero
1658 4239 1849 4303 Anastasium
1871 4240 1972 4321 impc-

602 4340 734 4396 ratorem
758 4336 875 4399 Severo
899 4336 1057 4417 plurimum
1079 4335 1222 4412 tribuere,
1246 4344 1277 4399 et
1306 4339 1336 4399 in
1359 4338 1425 4419 ejus
1448 4340 1627 4417 septentiam
1658 4340 1854 4401 consensisse
1880 4340 1972 4401 intel-

602 4431 687 4511 lexit,
710 4434 797 4498 unius
821 4443 945 4497 naturae
968 4435 1056 4497 [idem
1078 4436 1249 4518 professum
1272 4434 1378 4511 luisse,
1401 4435 1541 4516 illamque
1564 4438 1675 4499 acriter
1696 4436 1877 4501 defendisse.

689 4531 720 4595 2.
754 4534 787 4595 ln
810 4534 915 4597 codice
939 4533 1116 4596 Colbertino
1138 4540 1257 4596 vetusto
1281 4541 1312 4618 et
1333 4534 1430 4597 bonae
1453 4543 1544 4597 notae
1567 4534 1662 4598 forma
1685 4536 1848 4599 verborum
1862 4536 1972 4599 Christi

602 4628 690 4704 aliter
712 4649 747 4693 se
769 4631 874 4708 babet3
909 4635 1066 4714 magisque
1100 4633 1326 4713 paraphrastica
1349 4642 1413 4709 ost;
1443 4633 1498 4696 sed
1529 4634 1598 4714 qnia
1627 4634 1810 4698 luculentam
1839 4639 1972 4699 continet

601 4726 803 4792 Jacobitarum
827 4733 865 4794 de
887 4731 1093 4794 Eucharistiae
1115 4732 1174 4794 nde
1198 4730 1432 4810 consessionem,
1454 4751 1520 4795 eam
1541 4732 1721 4797 referemus.
1765 4734 1802 4796 In
1824 4753 1862 4797 eo
1883 4742 1971 4797 nocte

601 4843 663 4905 aaa
685 4827 871 4906 tradebatur,
894 4837 928 4890 at
948 4832 1068 4891 animas
1089 4838 1213 4891 nostrae
1233 4832 1266 4891 in
1281 4832 1457 4908 captivitate
1473 4833 1629 4894 aaoimtic
1650 4834 1833 4896 constratas
1853 4832 1972 4895 tibera-

601 4931 657 5001 rct,
681 4934 770 5006 atquc
791 4944 812 4987 a
834 4928 1044 4990 maledictione
1070 4936 1100 4989 et
1128 4929 1275 4990 contectato
1290 4930 1446 4992 'idobrum
1467 4938 1615 4994 matorum
1641 4939 1671 4993 et
1696 4939 1883 4994 mortuoram
1911 4934 1972 4996 ho-

601 5022 699 5084 mines
721 5025 869 5103 criperet;
891 5033 1031 5087 ornatam
1052 5026 1219 5088 sacerdotii
1244 5027 1462 5101 demonstravit
1490 5037 1520 5091 et
1541 5048 1601 5109 pro
1622 5028 1731 5109 Ephod
1753 5036 1842 5110 atque
1865 5029 1974 5094 Cidara‘

604 5121 776 5183 sacerdotii
797 5124 931 5204 antiqui,
953 5130 1133 5202 potestatem
1154 5124 1221 5186 Deo
1249 5126 1372 5205 dipaom
1400 5144 1506 5189 coram
1527 5113 1681 5207 apostolis
1702 5130 1818 5190 cancta
1838 5130 1972 5209 marcise-

602 5220 705 5283 etaait.
738 5219 900 5301 Accaptena
917 5241 1030 5302 panem
1050 5223 1082 5285 ia
1102 5241 1211 5286 manas
1232 5242 1306 5286 saar
1327 5232 1461 5301 coactas,
1482 5228 1605 5306 aspecit
1625 5226 1669 5288 ad
1689 5233 1718 5288 te
1731 5226 1827 5289 Deam
1837 5225 1972 5307 Patrem,
