5150 6534
793 820 845 900 IN
878 819 1180 897 ltlttntttns
1214 819 1496 901 sternens.
1754 824 1829 900 125

454 1002 492 1067 ad
514 1003 717 1084 disciplinam,
747 1011 809 1066 turn
832 1003 871 1067 ad
893 1003 982 1068 fidem
1004 1004 1192 1084 spectabant.
1237 1002 1372 1066 Tandem
1394 1022 1498 1070 omnes
1522 1008 1675 1070 orationes
1699 1013 1730 1069 et
1753 1025 1829 1071 eae-

395 1148 397 1151 ψ
451 1103 611 1181 renonias,
635 1102 743 1182 quibus
766 1102 834 1166 illae
859 1121 983 1184 quarum
1005 1102 1286 1182 interpretationem
1309 1101 1412 1164 damus
1427 1102 1582 1188 liturgiae
1604 1111 1753 1183 constant,
1778 1112 1829 1168 aut

453 1200 587 1283 explicat
609 1208 659 1264 aut
682 1201 822 1283 designat
843 1201 894 1263 ille
917 1198 1106 1281 theologus:
1134 1199 1271 1279 adeoque
1294 1218 1398 1262 veram
1421 1201 1517 1266 Odleii
1539 1202 1737 1265 Eucharistici
1760 1202 1829 1267 ior·

453 1314 531 1358 mam
554 1297 665 1362 inillis
688 1301 837 1364 contineri
860 1307 976 1363 certum
999 1316 1070 1361 esse
1093 1297 1194 1361 debet.

1015 1655 1020 1670 d

864 1673 1415 1722 ww—

585 2268 587 2271 ‘
654 2249 732 2339 DE
776 2248 1235 2357 SEQUENTIBUS
1277 2250 1631 2343 LITURGIIS

902 2469 1383 2587 nonnnon

533 2780 735 2897 Initurqiua
766 2826 855 2897 quae
885 2812 1070 2898 aequantur
1104 2809 1141 2877 in
1174 2808 1328 2878 ordinem
1363 2814 1492 2879 certium
1531 2807 1736 2878 distribuere
1770 2810 1828 2901 qui
1867 2890 1871 2896 ,

454 2922 510 2993 oet
535 2928 720 3015 temporum
744 2921 876 2990 rationi
900 2921 1134 3012 reaponderet,
1160 2922 1216 2992 cet
1233 2945 1352 3003 eurum
1366 2910 1535 3014 diqnitati,
1562 2946 1650 3017 quae
1676 2947 1722 2995 ec
1745 2928 1828 3016 sre-

458 3041 629 3132 queutiori
653 3059 716 3107 uate
741 3035 939 3124 duceretur,
973 3058 1043 3106 uon
1065 3037 1174 3129 facite
1207 3044 1267 3109 eat.
1323 3037 1484 3108 Codicum
1514 3038 1594 3110 Mea.
1629 3040 1732 3109 etiam
1758 3061 1827 3107 an-

457 3156 727 3248 tiquiaaimorum,
754 3158 852 3222 certo
877 3150 1056 3253 dispositio
1083 3151 1176 3221 nullo
1204 3159 1274 3241 eet,
1308 3176 1381 3223 cum
1413 3153 1522 3223 nullae
1552 3155 1642 3224 inter
1663 3154 1830 3246 plurimae

457 3292 541 3363 quoe
566 3270 798 3355 traetooimue,
826 3288 949 3353 ontnea,
977 3289 1118 3360 quorum
1144 3272 1335 3339 uerrianem
1360 3267 1497 3357 damur,
1530 3268 1709 3363 Liturqioo
1739 3292 1828 3339 cou-

456 3387 573 3454 tineat.
627 3385 686 3455 Ec
712 3389 868 3453 autorum
895 3378 1249 3475 quorumsnomim'bua
1275 3381 1520 3472 inscribuntur,
1547 3387 1752 3484 antiquitate
1775 3384 1831 3455 ael

457 3500 634 3592 diurnitate,
662 3503 861 3590 conjectura
886 3501 967 3590 capi
992 3498 1085 3568 nulla
1107 3504 1238 3591 potest,
1273 3521 1347 3569 cum
1381 3497 1553 3569 titulorum
1579 3498 1666 3591 fider
1700 3502 1830 3591 eoique

455 3617 516 3702 ait,
549 3620 584 3685 et
616 3613 751 3708 aliquae
784 3636 872 3707 quae
898 3613 1158 3705 Apostolorum,
1191 3620 1251 3684 aut
1281 3619 1478 3685 cunctorum
1511 3614 1657 3684 Petrum
1692 3618 1830 3685 nomina
1952 3648 1963 3664 =

450 3734 675 3822 praeferunt,
709 3731 922 3799 recentiores
955 3750 1030 3800 eece
1066 3735 1207 3800 conatet.
1259 3728 1383 3822 Itaque
1411 3732 1524 3821 priene
1557 3733 1731 3822 reseretur
1758 3729 1826 3799 Li-

456 3847 572 3938 turqia
597 3842 724 3915 Joeodi
749 3844 888 3915 dreoior
914 3868 938 3914 a
967 3845 1137 3936 Greqorio
1165 3844 1310 3938 quodum
1338 3843 1516 3914 catholico
1538 3845 1710 3930 ordinatu,
1738 3844 1829 3937 quod

456 3982 529 4029 cum
554 3963 689 4051 majori,
715 3981 804 4054 quae
830 3963 973 4030 omnium
998 3961 1223 4031 uetustissima
1250 3966 1316 4046 eet,
1349 3961 1530 4029 maximum
1550 3957 1679 4029 lrabeat
1704 3963 1827 4053 assini-

456 4080 568 4145 tatem
622 4076 792 4169 Sequetur
817 4076 977 4169 Liturqia
1003 4075 1104 4166 Xyeti
1138 4076 1305 4160 Romani,
1336 4077 1419 4166 quia
1450 4076 1486 4143 iu
1521 4073 1653 4167 aliquot
1679 4079 1828 4169 antiquie

456 4190 640 4278 codicibua,
668 4196 705 4260 ut
730 4192 767 4259 in
792 4191 951 4261 Rauenna
976 4190 1128 4260 Miaeatie
1162 4189 1343 4259 Chaldaici
1375 4189 1525 4260 editione
1547 4193 1693 4281 primum
1719 4191 1828 4261 locum

455 4310 558 4392 tenet,
586 4311 620 4377 et
646 4306 693 4376 ad
719 4327 793 4377 eam
820 4306 977 4399 Officium
1003 4327 1173 4376 commune
1200 4304 1487 4375 accommodatum
1514 4309 1574 4374 eat.
