5150 6534
602 796 680 871 ace
1095 746 1453 871 1111111111
1525 820 1530 859 2
1637 828 1644 850 ,

603 982 726 1054 Severi
752 980 985 1071 Petriarcbae‚
1010 979 1209 1067 Philoxeni,
1234 979 1346 1070 Petri,
1372 989 1407 1050 et
1431 977 1566 1052 Jacobi:
1592 978 1724 1056 illorum
1747 982 1997 1077 4111111901

602 1119 719 1169 ronam
746 1097 968 1170 confessionis
1001 1118 1047 1168 ex
1081 1092 1203 1167 mundo
1239 1097 1408 1174 exierunt:
1448 1105 1485 1168 ut
1519 1096 1619 1173 etiem
1654 1098 1798 1170 omnium
1831 1094 1978 1184 illem

602 1217 657 1306 qui
685 1212 726 1283 ad
754 1212 840 1283 benc
866 1234 973 1307 usque
1000 1212 1087 1284 diem
1112 1212 1258 1300 vestigia
1284 1208 1415 1281 illomm
1442 1212 1548 1283 secuti
1574 1221 1659 1283 sunt.
1774 1289 1783 1304 Ἴ
1826 1199 1828 1203 ’
1878 1203 1902 1288 J
2097 1188 2100 1204 ⁴

705 1328 856 1400 mevam
886 1348 1012 1399 nocem.
1078 1326 1229 1398 Omnium
1260 1323 1391 1397 illorum
1424 1325 1563 1418 dignare
1594 1328 1786 1400 meminisse
1816 1326 1977 1419 Domine,

602 1445 658 1538 qui
685 1465 786 1538 super
813 1441 1022 1514 adamantem
1048 1443 1151 1524 Petri,
1176 1437 1401 1511 fundaverunt
1427 1440 1543 1515 domos
1560 1441 1650 1531 fidei,
1676 1449 1711 1513 et
1722 1431 1977 1538 periculnpcr÷

602 1562 809 1630 secutionum
835 1561 1060 1631 sustinuerunt
1085 1579 1147 1652 pro
1175 1557 1337 1627 veritate:
1364 1567 1465 1652 atque
1490 1579 1553 1653 per
1579 1560 1750 1638 orationes
1769 1578 1888 1631 111111
1901 1556 1976 1651 pias

602 1684 637 1744 et
663 1684 814 1760 sanctas,
842 1672 1000 1745 haereses
1036 1694 1122 1766 quae
1146 1673 1342 1763 impugnant
1365 1670 1556 1745 Ecclesiam
1582 1683 1671 1745 tuem
1698 1669 1844 1768 depelle:
1865 1668 1976 1743 sebi·

600 1800 708 1861 smata
736 1786 920 1860 condemna
948 1797 982 1860 et
1007 1791 1127 1881 rejice:
1156 1806 1273 1858 omnes
1301 1811 1434 1884 quoque
1452 1800 1726 1881 transgressores
1736 1788 1831 1879 legas
1845 1785 1976 1881 dissipa

602 1915 636 1975 et
661 1902 849 1977 confunde:
885 1903 989 1997 perde
1022 1906 1120 1974 etiem
1154 1921 1270 1974 omnes
1307 1908 1362 1997 qui
1396 1908 1429 1976 in
1466 1904 1569 1977 corde
1595 1914 1630 1976 et
1655 1902 1760 1977 corde
1784 1901 1975 2004 loquuntur.

602 2020 726 2097 Omnes
754 2028 864 2091 autem
890 2016 1015 2091 robora
1042 2028 1077 2090 et
1104 2017 1240 2109 adjuvo,
1268 2020 1397 2091 custodi
1425 2030 1459 2091 et
1474 2041 1575 2092 serva
1595 2043 1615 2090 a
1635 2018 1764 2114 laqueis
1780 2007 1977 2100 haereticis:

601 2140 648 2209 sis
675 2140 773 2207 etiam
800 2133 897 2207 nobis
926 2135 1072 2208 director
1098 2146 1131 2207 et
1158 2137 1328 2224 defensor,
1357 2145 1391 2207 et
1416 2155 1583 2207 conserva
1609 2156 1673 2209 uos
1698 2136 1734 2205 in
1759 2132 1825 2205 fide
1850 2120 1976 2212 offilo?

458 2289 462 2297 ,
600 2251 690 2322 doxa
718 2249 760 2322 ad
787 2250 934 2322 ultimum
961 2273 1067 2345 usque
1094 2254 1255 2348 spiritam,
1284 2262 1318 2325 et
1343 2251 1529 2323 referemus
1556 2250 1628 2338 nbi,
1655 2261 1718 2321 etc.

704 2365 865 2458 Populos.
918 2367 1039 2437 Amen.
1724 2414 1726 2419 ·
1877 2441 1881 2454 ,

702 2481 879 2552 Sacerdos
904 2482 1096 2553 inclinatus.
1124 2482 1294 2556 Memento
1316 2482 1460 2555 Domine
1488 2502 1603 2552 eorum
1631 2482 1687 2573 qui
1714 2477 1859 2575 depositi
1883 2488 1975 2564 sunt,

599 2608 633 2668 et
660 2600 805 2668 omnium
832 2605 977 2692 petrum,
1003 2594 1162 2685 fratrum,
1188 2601 1491 2691 magistrorumque
1519 2598 1733 2682 nostrorum,=
1746 2595 1802 2696 qqi
1827 2590 1977 2668 destructi

599 2722 675 2785 sunt
700 2714 733 2783 in
757 2710 823 2783 lide
848 2734 944 2798 vera,
972 2734 1018 2783 ex
1043 2710 1108 2784 boc
1135 2714 1231 2786 alteri
1257 2724 1390 2785 sancto:
1417 2714 1564 2784 maxime
1579 2733 1665 2782 vero
1682 2713 1827 2783 omnium
1843 2706 1975 2793 defens

599 2838 728 2899 ctorum
754 2826 908 2917 fidelium,
936 2830 991 2921 qui
1017 2849 1093 2899 cum
1119 2829 1185 2901 lide
1212 2828 1399 2903 orthodoxa
1426 2851 1472 2899 ex
1498 2825 1563 2899 boc
1589 2825 1711 2898 mundo
1737 2827 1940 2897 exiverunt?
1946 2840 1955 2852 '
1969 2886 1984 2899 .

703 2942 854 3014 Eteonos
880 2965 1004 3014 coeno.
1058 2943 1193 3016 illorum
1219 2950 1319 3038 igitur
1346 2946 1489 3017 omnium
1516 2941 1676 3031 Domine,
1692 2945 1765 3036 „qui
1796 2960 1860 3037 per
1885 2952 1977 3013 sen-

598 3061 732 3130 tentiam
760 3057 924 3130 adversus
950 3061 1090 3151 primum
1116 3070 1246 3154 patrem
1271 3070 1421 3133 nostrum
1447 3057 1613 3129 Adamum
1639 3057 1817 3153 prolatam„
1843 3077 1892 3127 ex
1908 3053 1989 3141 nae*

596 3177 667 3245 vita
687 3171 820 3244 infelice
836 3175 1075 3264 migraverunt,
1095 3185 1213 3270 etque
1230 3187 1265 3249 tu
1286 3176 1379 3249 solus
1396 3176 1519 3247 novisti
1538 3183 1776 3269 pervenerunt,
1801 3179 1973 3251 memento

596 3290 825 3383 pergratiam
853 3299 959 3377 tuam,
987 3298 1021 3359 et
1046 3293 1194 3382 requiem
1221 3292 1285 3364 illis
1301 3300 1467 3386 praesta,
1494 3293 1580 3360 inter
1606 3287 1742 3360 delicies
1777 3285 1855 3359 illas
1885 3306 1984 3380 qm·

595 3402 762 3498 pollicitus
790 3425 827 3474 es
855 3400 1065 3494 diligentibus
1092 3414 1125 3474 te
1151 3427 1219 3479 non
1244 3428 1413 3479 revocans
1440 3406 1686 3476 in'memoriam
1704 3402 1823 3474 delicta
1838 3398 1974 3473 illenim

598 3527 633 3588 et
658 3530 783 3589 nostre.
829 3517 948 3612 Neque
975 3522 1061 3589 enim
1089 3531 1263 3614 peccatum
1291 3533 1439 3594 nostrum
1467 3519 1643 3614 quidquam
1669 3528 1737 3590 est:
1764 3502 1821 3588 aut
1842 3516 1973 3609 justitia

598 3644 725 3722 nostra,
752 3656 867 3706 coram
894 3645 928 3705 te
953 3632 1114 3706 Domine:
1141 3646 1198 3707 aut
1223 3642 1397 3732 quisquam
1422 3658 1524 3730 purus
1552 3646 1614 3721 est,
1641 3644 1674 3706 et
1697 3631 1825 3726 absque
1840 3626 1973 3703 macule

598 3752 685 3820 inter
711 3772 828 3822 omnes
854 3749 939 3822 filios
966 3751 1154 3841 muliemm,
1187 3756 1251 3825 nisi
1287 3753 1380 3826 solus
1417 3754 1596 3841 Dominus,
1628 3751 1721 3823 Deus
1757 3758 1792 3820 et
1818 3744 1973 3821 salvator

598 3876 714 3937 noster
739 3865 839 3937 lesus
867 3864 1016 3936 Christus
1042 3870 1230 3957 unigenitus
1257 3869 1360 3940 Filius
1385 3880 1478 3940 tuus:
1513 3890 1576 3963 per
1608 3888 1706 3960 quem
1738 3887 1802 3937 nos
1835 3851 1973 3957 quoquo

597 3981 860 4052 miscricordiam
889 3986 1049 4074 consequi
1075 4004 1266 4076 speramus,
1299 3993 1333 4055 et
1359 3986 1589 4056 remissionem
1614 3991 1847 4077 peccatorum,
1884 3998 1973 4073 quae

597 4105 736 4191 propter
763 4117 837 4166 enm
865 4106 925 4183 est,
953 4106 1020 4167 1111
1047 4097 1156 4187 nobis,
1185 4122 1283 4192 quam
1309 4098 1384 4171 illis.

702 4211 863 4304 Populus.
918 4213 1069 4297 Quietem
1095 4222 1240 4308 praesta.
1281 4251 1284 4256 ·

701 4327 885 4397 Sacerdos.
938 4325 1045 4397 Nobis
1072 4332 1171 4399 etiam
1199 4331 1254 4421 qui
1279 4327 1343 4397 buc
1369 4349 1476 4421 usque
1502 4327 1595 4397 carni
1622 4322 1745 4415 migeti
1777 4344 1903 4407 sumus,
1938 4330 1975 4394 et

595 4443 628 4511 in
655 4445 821 4514 aemmnis
847 4442 946 4537 plena
972 4446 1042 4513 vita
1069 4441 1307 4530 conflictamun
1334 4452 1471 4536 praesta
1496 4451 1530 4511 ut
1551 4437 1772 4512 observemus
1785 4446 1974 4533 praecepte

597 4556 721 4629 Christi
745 4561 806 4629 tui:
834 4556 1005 4650 dedncque
1031 4578 1095 4629 nos
1123 4557 1165 4627 ad
1190 4557 1303 4644 finem,
1330 4557 1437 4651 qualis
1464 4556 1562 4626 decet
1588 4562 1766 4650 operantes
1792 4552 1893 4627 bona.
1928 4551 1976 4634 Et

595 4673 725 4767 quando
743 4671 921 4745 secundum
940 4670 1146 4744 voluntatem
1162 4672 1306 4744 divinam
1325 4684 1413 4743 tuam
1427 4670 1630 4742 dissolvetur
1642 4691 1827 4764 compages
1839 4678 1976 4759 nostra,

595 4800 629 4858 et
654 4788 696 4858 ad
723 4791 825 4860 vitam
855 4788 1035 4859 secundam
1062 4788 1349 4859 transmutabitur:
1379 4796 1514 4881 praesta
1540 4786 1639 4860 nobis
1665 4784 1834 4877 Angelum
1860 4787 1977 4881 pacis,

595 4914 628 4973 et
654 4901 759 4974 libera
787 4925 850 4975 nos
878 4903 1058 4974 aTartero
1085 4902 1277 4974 tenebroso.
1313 4904 1483 4997 Praepara
1510 4906 1609 4974 etiam
1636 4924 1711 4991 nos,
1737 4911 1772 4973 ut
1798 4899 1975 4995 incntpan,

594 5040 666 5087 cum
699 5017 907 5114 lampadibus
941 5016 1140 5105 lucentibus,
1171 5018 1394 5114 procedamus
1428 5021 1461 5088 in
1495 5040 1671 5092 occursum
1705 5015 1866 5107 unigeniti
1892 5004 1976 5086 Filii

592 5135 654 5203 tui:
682 5136 773 5204 utin
801 5132 878 5222 hoc,
905 5137 990 5205 sicut
1015 5137 1048 5203 in
1076 5132 1241 5225 omnibus,
1268 5135 1475 5227 glorificetur
1501 5142 1535 5205 et
1559 5133 1711 5205 laudetur
1732 5151 1857 5228 nomen
1877 5141 1977 5203 tuum
