5150 6534
935 852 1353 931 LITURGIAE.
1753 855 1802 927 21

435 1064 516 1114 rum.
569 1042 664 1115 Deus
689 1062 752 1136 per
777 1040 1038 1113 misericordiam
1064 1048 1153 1113 tuam
1178 1062 1283 1138 parce
1317 1049 1352 1112 et
1382 1038 1506 1111 dimitte
1540 1050 1681 1135 peccata
1716 1063 1806 1112 cun-

438 1159 696 1249 sanguiueorum
712 1168 921 1244 nostrorum,
944 1166 1073 1252 patrum
1087 1166 1121 1228 et
1135 1155 1273 1230 fratrum
1288 1166 1496 1244 uostromm,
1524 1163 1557 1226 et
1574 1158 1807 1247 magistromm

436 1283 639 1360 nostrorum,
667 1281 703 1343 ut
728 1275 827 1344 etiam
852 1272 937 1344 illins
964 1293 1026 1368 pro
1053 1285 1119 1367 quo
1146 1271 1281 1344 offertur
1307 1271 1371 1344 hoc
1397 1270 1603 1343 sacrificium.

540 1389 617 1460 Hoc
643 1389 720 1458 ῑοεο
746 1390 940 1458 memoriam
962 1392 1053 1480 facit
1079 1394 1313 1482 cujuscumque
1337 1388 1416 1458 mult.
1452 1388 1635 1459 osculatur
1664 1388 1808 1484 pradum

436 1504 576 1592 altaris,
604 1509 638 1575 et
664 1504 710 1573 ad
735 1503 819 1573 illud
843 1504 1014 1591 ascendit,
1041 1507 1229 1597 incipitque
1256 1504 1475 1589 oblationem,
1509 1510 1612 1573 cantu
1643 1508 1743 1599 paci
1769 1509 1804 1574 et

436 1620 629 1714 tranquillo.
681 1618 867 1712 Postquam
892 1619 1016 1690 dictum
1042 1626 1101 1690 eat.
1154 1620 1286 1691 Stemus
1315 1619 1490 1690 decenter:
1517 1622 1631 1713 siqnat
1655 1626 1709 1691 ter
1731 1641 1804 1713 po-

433 1736 548 1829 putum
573 1738 670 1829 siqno
698 1738 831 1806 crucis:
858 1741 924 1806 tum
950 1739 1091 1828 imponit
1116 1736 1275 1806 dextram
1299 1758 1402 1827 ευμεν
1417 1734 1565 1805 tabulam
1577 1735 1710 1824 attaris,
1737 1759 1806 1806 ac·

436 1855 585 1945 cipitque
610 1855 768 1922 virtutem
794 1874 818 1921 a
842 1855 1020 1943 mysteriis.
1073 1850 1160 1922 Mon
1185 1855 1299 1946 siqnat
1324 1872 1362 1920 se
1387 1853 1510 1942 ipsum,
1537 1851 1659 1921 deinde
1672 1875 1732 1923 eos
1748 1855 1830 1946 qni·

434 1973 512 2038 sunt
537 1991 561 2037 a
581 1974 687 2058 parte
712 1965 1003 2058 Septentrionali‚
1031 1973 1098 2036 tum
1125 1989 1184 2037 eos
1215 1970 1273 2059 qui
1308 1972 1384 2036 sunt
1418 1966 1462 2036 ab
1498 1966 1674 2054 Australi,
1706 1971 1803 2059 sacto

436 2087 489 2152 ter
514 2087 611 2176 siquo
640 2086 752 2152 crucis
778 2105 880 2175 super
903 2083 1071 2175 populum.
1115 2083 1157 2153 Si
1183 2083 1293 2153 nultus
1318 2086 1365 2152 sit
1390 2083 1437 2152 ad
1462 2083 1640 2152 deuterum
1662 2087 1733 2172 ejus
1751 2082 1806 2151 cel

435 2199 623 2285 sinistram,
651 2205 704 2269 ter
729 2201 858 2290 siquam
885 2202 998 2268 crucis
1021 2202 1112 2291 facit
1136 2222 1238 2291 super
1266 2222 1304 2269 se
1331 2202 1454 2290 ipsum,
1482 2204 1536 2269 ter
1560 2220 1664 2290 super
1686 2220 1805 2289 popu-

435 2310 518 2399 lum,
545 2319 580 2383 et
605 2315 699 2385 dicit.

541 2426 670 2502 Caritas
703 2432 768 2502 Dei
800 2429 924 2502 Patris:
960 2440 993 2501 et
1025 2432 1132 2521 gratia
1165 2431 1326 2520 unigeniti
1358 2428 1453 2518 Filii,
1487 2438 1521 2499 et
1553 2431 1803 2500 communicatio

435 2538 640 2640 illapsusque
666 2546 807 2641 Spiritus
834 2549 906 2618 vivi
932 2557 966 2618 et
1001 2548 1127 2636 sancti,
1163 2548 1206 2618 sit
1238 2567 1312 2615 cum
1349 2541 1499 2616 omnibus
1533 2543 1650 2634 vohis,
1682 2543 1805 2617 iratres

437 2661 504 2729 mei
529 2662 563 2731 in
589 2662 734 2734 saecula.

538 2776 699 2869 Populus.
751 2778 897 2850 Etcum
924 2781 1039 2874 spiritu
1065 2788 1133 2849 tuo.

537 2889 721 2965 Sacerdos.
774 2893 913 2966 Sursum
939 2894 994 2967 ubi
1021 2893 1171 2982 Christus
1198 2891 1293 2964 sedet
1319 2889 1361 2962 ad
1388 2890 1561 2962 dexteram
1590 2892 1655 2963 Dei
1681 2892 1804 2981 Patris,

436 3007 501 3077 sint
526 3018 674 3098 mentes,
700 3008 884 3081 intellectus
912 3021 946 3081 et
972 3009 1074 3081 corda
1102 3011 1247 3081 omnium
1271 3015 1430 3078 nostrum.

539 3123 700 3216 Populus.
754 3124 838 3196 Sunt
864 3125 906 3197 ad
932 3126 1118 3196 Dominum.

539 3237 722 3310 Sacerdos.
777 3239 909 3313 Gratias
937 3263 1076 3333 agamus
1101 3238 1266 3326 Domino,
1294 3261 1367 3309 cum
1394 3240 1522 3309 timore.

539 3354 701 3448 Populus.
753 3355 899 3448 Dignum
925 3366 959 3428 et
980 3361 1104 3449 justum
1131 3365 1192 3426 est.
1244 3353 1410 3425 Miserere
1435 3358 1540 3428 nostri
1565 3354 1669 3427 Deus.

539 3470 723 3542 Sacerdos.
775 3471 819 3543 Et
845 3494 907 3544 nos
935 3493 1067 3567 quoque
1093 3471 1253 3557 Domine,
1283 3468 1401 3541 infirmi
1427 3479 1461 3541 et
1486 3479 1685 3567 peccatores
1711 3473 1807 3542 servi

435 3585 498 3673 tui,
525 3593 652 3677 gratias
680 3592 808 3680 agimus
835 3588 913 3676 tihi,
941 3597 976 3660 et
1000 3586 1169 3659 laudamus
1196 3587 1434 3678 benignitatem
1459 3596 1568 3682 tuam,
1602 3605 1664 3683 pro
1691 3590 1805 3657 omni-

436 3696 499 3771 bus
527 3712 560 3772 ct
587 3702 629 3773 de
660 3702 821 3775 omnihus.

540 3819 701 3912 Populus.
754 3819 848 3891 Sicut
874 3828 947 3891 erat
974 3830 1008 3890 ct
1034 3829 1095 3891 est.

540 3934 716 4006 Sacerdos
742 3939 882 4028 imponit
907 3959 1038 4005 manum
1063 3958 1165 4029 ευμεν
1192 3937 1333 4023 discum,
1360 3938 1538 4030 signatque
1563 3960 1601 4008 se
1626 3940 1733 4030 ipsum
1748 3944 1803 4008 ter

436 4051 532 4144 siquo
560 4054 688 4136 crucis,
716 4050 794 4120 ltinc
821 4060 856 4122 et
882 4052 960 4121 inde
987 4072 1119 4144 qnoque
1140 4051 1315 4144 populum,
1344 4052 1477 4121 dicens:

540 4164 791 4238 Misericordiae
818 4169 880 4239 Dei
907 4169 1018 4258 magni
1045 4177 1079 4237 et
1109 4166 1295 4238 Salvatoris
1329 4170 1435 4239 nostri
1466 4167 1549 4239 lesu
1585 4166 1705 4240 Christi
1741 4172 1806 4241 sint

438 4304 512 4353 cum
537 4280 637 4354 vobis
665 4284 838 4374 omnibus,
865 4282 1002 4356 Fratres
1028 4289 1114 4375 mci,
1140 4286 1173 4354 in
1200 4281 1344 4355 saecula.

541 4397 721 4468 Diaconue
747 4400 831 4470 dicit
857 4400 1075 4470 catholicam.
1861 4479 1863 4483 Α

541 4514 716 4585 Sacerdos
738 4518 872 4610 franqit
897 4522 932 4586 et
956 4520 1082 4611 signat,
1119 4516 1268 4609 dicitque
1293 4514 1383 4585 lanc
1411 4514 1607 4586 Orationem
1624 4516 1700 4587 dum
1719 4540 1807 4589 cor·

433 4652 501 4722 pus
527 4636 706 4722 estsuper
731 4653 849 4701 νυυυυε
875 4637 956 4722 ejus.

543 4745 595 4815 'lu
623 4767 659 4816 es
687 4743 836 4818 Christus
861 4746 955 4820 Deus
981 4756 1112 4819 noster:
1141 4749 1254 4842 quiin
1288 4749 1417 4819 vertice
1444 4743 1610 4837 Golgotlra
1641 4749 1675 4818 iu
1700 4750 1805 4821 Jeru-

440 4860 545 4933 salem
571 4861 749 4934 transfixus
776 4885 815 4934 es
842 4866 875 4933 in
901 4865 1005 4935 latere
1032 4874 1104 4951 tuo,
1131 4873 1268 4959 propter
1293 4885 1366 4936 nos.
1419 4861 1470 4933 Tu
1506 4883 1543 4933 es
1576 4863 1695 4954 Agnus
1728 4865 1805 4955 Dei,

440 4981 495 5071 qui
521 4976 610 5050 tollis
636 4989 809 5073 peccatum
835 4980 960 5051 munli:
989 4991 1022 5052 tu
1049 5002 1152 5074 parce
1179 4981 1306 5052 delictis
1331 4980 1473 5064 nostris,
1508 4989 1542 5049 et
1568 4978 1690 5050 dimitte
1716 5003 1807 5075 pec-

439 5100 514 5163 cata
540 5102 681 5182 nostra,
707 5117 836 5189 nosque
862 5099 1025 5167 constitue
1052 5096 1093 5167 ad
1121 5096 1294 5168 dexteram
1320 5106 1417 5167 tuam.

547 5208 638 5279 Tunc
660 5214 795 5303 srnnqit
819 5220 854 5283 et
878 5216 1007 5308 ripum,
1034 5214 1183 5307 dicitque
1208 5214 1297 5283 tanc
1325 5212 1522 5282 Orationem
1548 5212 1746 5283 Fractionis
1760 5213 1806 5283 D.

438 5324 565 5397 incolui
590 5325 778 5401 Barsaiibi.

1550 5443 1600 5520 6.
