5150 6534
615 827 664 901 92
989 826 1607 908 osssuuvlulauus

613 1013 761 1075 tremata
780 1011 871 1092 fraqe
892 1013 924 1072 in
946 1029 1084 1091 corpore,
1107 1013 1204 1074 calice
1223 1014 1256 1075 in
1277 1033 1398 1091 errrore,
1417 1016 1559 1095 proficiat
1577 1017 1703 1094 neritis,
1724 1016 1806 1098 qaod
1825 1014 1990 1080 obtrdinm

608 1131 669 1192 pro
692 1112 827 1173 delictis:
849 1118 881 1173 et
903 1112 944 1173 ita
966 1111 1057 1174 vanis
1080 1112 1111 1173 in
1132 1110 1216 1175 locis.
1261 1112 1295 1174 ln
1318 1112 1473 1176 Gallicano
1496 1114 1593 1178 officio
1616 1113 1654 1177 ud
1675 1115 1798 1178 llissuu
1812 1114 1843 1180 S.
1859 1115 1989 1180 Leoda-

612 1212 700 1296 garii‚
726 1208 763 1271 Ut
774 1210 938 1272 descendat
958 1211 1008 1272 hic
1022 1210 1190 1272 benedictio
1211 1217 1265 1272 tua
1286 1230 1377 1291 snper
1398 1213 1477 1276 hrnrc
1495 1233 1606 1294 panem
1626 1222 1657 1277 et
1678 1215 1802 1278 calicem
1822 1216 1855 1276 in
1876 1223 1988 1278 hma-

610 1310 795 1389 scrutatione
803 1309 936 1388 Spiritus
951 1311 996 1370 trri
1008 1312 1117 1373 sancti.
1140 1309 1375 1374 lnblosarabico
1399 1312 1497 1375 multis
1520 1312 1606 1393 locis,
1628 1313 1705 1375 Post
1720 1315 1833 1394 pridie,
1855 1321 1988 1397 ragalim

611 1409 696 1471 Deus
717 1416 751 1470 at
770 1409 902 1470 hostiam
922 1409 1024 1470 oiaom
1044 1410 1244 1471 illustratione
1271 1410 1419 1472 adaenhrs
1447 1413 1497 1473 sui
1524 1414 1708 1491 sanctificet.-
1736 1420 1771 1475 at
1795 1414 1873 1475 haec
1901 1413 1987 1476 liba-

612 1511 695 1570 mina
718 1508 922 1570 benedicenda
944 1516 1090 1582 assumat,
1111 1514 1146 1569 nt
1165 1509 1226 1570 iilis
1246 1510 1515 1589 sanctificationem
1536 1511 1685 1590 infundat
1715 1511 1749 1574 ln
1761 1511 1855 1574 llissa
1868 1510 1987 1574 urielis

612 1607 741 1670 Domini.
788 1605 825 1667 lft
846 1608 878 1672 ia
900 1606 1004 1668 eodem
1026 1608 1135 1685 spirita
1155 1626 1214 1687 quo
1235 1615 1265 1670 te
1286 1609 1319 1669 in
1341 1627 1435 1670 earne
1455 1612 1617 1690 oirqinitor
1638 1612 1815 1691 incorr-apto
1836 1612 1986 1692 meapte,

612 1709 671 1768 hos
691 1707 807 1768 hostias
830 1705 960 1767 trinitas
981 1706 1115 1767 indiuisa
1135 1709 1311 1786 sanctificet.
1355 1706 1424 1770 Alio
1449 1707 1528 1772 loco.
1558 1709 1987 1785 Quaerumasatoblationeu

515 1866 517 1869 Α
612 1808 692 1867 harre
713 1807 840 1885 spiritns
860 1806 905 1866 tui
919 1806 1117 1883 permistione
1135 1807 1316 1886 senatres,
1338 1816 1369 1868 et
1389 1825 1500 1888 corpas
1521 1817 1552 1870 et
1566 1811 1740 1889 sanquinem
1753 1809 1988 1872 Domininortri

610 1907 701 1986 plena
723 1902 990 1982 transformatione
1012 1905 1177 1983 confirmes.

701 2002 811 2066 Similia
833 2002 924 2064 multa
945 2003 1221 2082 praetermittimus,
1244 2003 1300 2066 sed
1322 2024 1362 2066 cx
1377 2004 1480 2067 relatis
1499 2007 1693 2086 perspicuum
1705 2014 1752 2070 est
1764 2006 1870 2069 eadem
1885 2023 1984 2090 prope

613 2104 724 2178 verba,
748 2100 870 2163 easdem
893 2102 1059 2163 sententias
1083 2102 1113 2163 in
1134 2102 1306 2164 Missalibus
1330 2103 1388 2165 illis
1411 2106 1638 2184 vetustissimis,
1670 2122 1705 2167 ac
1727 2106 1757 2166 in
1780 2102 1984 2168 Orientalibus

614 2202 754 2284 reperiri.
804 2199 879 2262 Nam
907 2200 1068 2281 utrobique
1098 2200 1267 2281 postulatur
1295 2203 1443 2264 adoentm
1470 2204 1603 2283 Spiritrrs
1629 2205 1741 2280 sancti,
1774 2204 1862 2284 isque
1891 2221 1986 2286 super

615 2304 694 2367 dona
715 2301 887 2383 proposita:
910 2300 1151 2380 transformatio,
1173 2301 1347 2376 trarulatio,
1371 2309 1400 2362 et
1417 2303 1509 2381 parra
1532 2302 1726 2381 corrfmnatio
1747 2309 1905 2382 petuntur:
1928 2304 1986 2366 be-

614 2403 756 2477 nedictio,
778 2399 982 2479 sanctificatio
1005 2399 1175 2460 eorumdem
1203 2418 1373 2479 munemne,
1402 2410 1433 2463 et
1459 2401 1517 2464 illis
1546 2401 1665 2481 verbis,
1694 2419 1772 2482 quac
1798 2401 1986 2466 lnvocaticni

615 2500 813 2563 Orientalium
835 2505 1017 2579 comparata,
1041 2496 1136 2580 magis
1160 2498 1379 2577 quodammodo
1401 2500 1599 2583 significantia
1621 2508 1700 2562 sunt
1734 2499 1830 2563 Nemo
1854 2518 1985 2583 unqmm

615 2601 769 2664 Ecclesias
793 2598 943 2674 Gallicas,
974 2597 1157 2675 Gallicanas,
1188 2596 1392 2661 hlosarabicas
1423 2600 1591 2678 accusavit,
1621 2601 1707 2681 quasi
1735 2617 1840 2680 parum
1868 2601 1920 2680 pie
1946 2599 1984 2662 tle

616 2699 823 2763 Eucharistiae
846 2698 1074 2760 consecratione
1096 2697 1259 2758 sentirent:
1283 2717 1338 2760 cur
1359 2698 1810 2780 igitureorumdcmverborum
1823 2698 1986 2761 occasione

618 2799 820 2864 Orientalibus
844 2799 955 2860 crimen
978 2796 1158 2874 intentetur,
1188 2798 1367 2877 perspicere
1397 2796 1515 2861 difficile
1545 2807 1602 2862 est.
1647 2798 1776 2860 Accedit
1805 2796 1887 2878 quod
1914 2795 1987 2860 licat

619 2919 681 2963 non
709 2898 815 2960 iisdem
845 2896 964 2972 vorbis,
993 2894 1131 2958 Ecclesia
1162 2896 1312 2974 Romana,
1341 2905 1408 2959 orat
1430 2907 1545 2974 tamen,
1576 2904 1606 2959 et
1628 2896 1856 2960 benedictiones
1877 2895 1987 2960 tamt

619 3015 714 3078 super
735 2997 812 3060 dona
836 3003 1025 3072 consecrata,
1048 2995 1183 3075 petitque
1206 3013 1243 3057 ea
1261 2996 1399 3075 perferri
1418 3000 1450 3058 in
1472 2997 1597 3059 sublinre
1610 2997 1709 3059 almre
1719 2996 1786 3074 Dei,
1809 3014 1870 3077 quo
1892 3013 1986 3060 sensu

619 3097 753 3161 Graecos
783 3114 871 3174 suos,
901 3095 1123 3158 luvocationem
1158 3094 1346 3178 intelligere,
1381 3097 1534 3158 affirmarit
1564 3095 1727 3159 Oahasilas.
1773 3095 1861 3159 Tales
1891 3113 1986 3178 porra

620 3197 796 3271 Orationes,
828 3213 954 3276 quarum
982 3201 1128 3275 excerpta
1157 3194 1329 3273 retulimus,
1363 3202 1514 3257 vetustate
1544 3213 1598 3258 sua
1627 3195 1709 3270 satis¹
1730 3196 1985 3276 commendantur,

620 3296 788 3376 dequibus
821 3295 936 3375 siquis
964 3294 1046 3356 litem
1074 3311 1198 3355 ruovere
1230 3292 1339 3372 vellet,
1367 3293 1485 3356 abunde
1512 3293 1704 3356 refelleretur
1733 3295 1894 3357 autoritate
1921 3295 1987 3357 llo-

619 3412 724 3457 manac
757 3395 874 3457 illarum
908 3393 1047 3456 editionis
1078 3410 1096 3454 a
1125 3392 1283 3455 cardinale
1315 3393 1474 3455 Thomasio
1503 3400 1698 3474 procuratae:
1731 3393 1866 3475 quamvis
1899 3411 1986 3457 sam

619 3495 696 3556 haec
724 3494 917 3557 venerandae
941 3492 1124 3572 antiquitatis
1154 3500 1342 3554 monumenta
1370 3492 1589 3573 approbatione
1618 3495 1820 3555 recentiorum
1847 3510 1909 3556 non
1936 3493 1987 3555 iu-

620 3594 752 3674 digeant.

329 3709 608 3766 Sententiaearuhto-
707 3695 822 3755 Primus
852 3692 930 3753 inter
952 3707 1007 3751 ecs
1029 3691 1080 3770 qui
1102 3688 1139 3750 de
1162 3689 1323 3771 liturgicis
1346 3690 1436 3754 rebus
1459 3692 1662 3771 scripserunt,
1676 3690 1762 3752 hauc
1782 3691 1895 3753 vetusti
1915 3691 1988 3755 llo-

300 3815 349 3851 nra
367 3799 399 3850 ue
415 3799 464 3850 illis
477 3792 747 3855 arationi-sarabia
769 3793 843 3853 ritus
867 3808 933 3852 curn
957 3788 1073 3851 Graeco
1097 3789 1334 3852 corrformitatem
1356 3790 1529 3853 observavit
1555 3789 1722 3853 cardinalis
1743 3790 1836 3867 Bona,
1859 3807 1987 3872 eamque

299 3863 356 3938 lrr'rs.

620 3892 842 3974 intelligendam
868 3889 1014 3970 judicavit
1042 3888 1205 3951 secundum
1233 3891 1368 3951 eamdem
1395 3910 1514 3952 sensam
1536 3890 1762 3966 Ortbodoeum,
1792 3890 1901 3971 inquit,
1928 3909 1988 3972 qno

350 3989 411 4040 Μ
434 3989 525 4057 uterq.
547 3990 563 4043 ¹·
581 3992 606 4041 2.
619 3994 731 4056 Patres
753 3992 864 4052 &aeci
883 3991 915 4051 in
936 3989 1059 4070 Synodo
1079 3988 1250 4050 llorerttina
1272 4008 1360 4050 stram
1383 3992 1565 4065 orationem,
1594 3987 1643 4050 fac
1672 3988 1752 4051 lrunc
1781 4006 1890 4069 punem
1910 4007 1989 4070 pre-

317 4092 339 4127 c.
359 4076 402 4128 13.

621 4093 730 4155 tiosum
753 4107 864 4170 corpus
887 4087 1009 4165 Christi,
1033 4088 1241 4165 explicarunt:
1263 4090 1457 4149 ranimirum
1478 4089 1660 4167 hostiajonr
1683 4095 1878 4165 cancerata,
1899 4087 1990 4152 nobis

620 4200 803 4276 nostraeque=
820 4188 911 4249 saluti
936 4189 1037 4249 sancti
1063 4186 1194 4264 Spiritus
1215 4187 1323 4265 illapsa
1345 4188 1562 4266 sanctificetur.
1606 4186 1648 4248 At
1669 4187 1774 4249 Patres
1798 4185 1908 4249 Graeci
1928 4187 1989 4250 dici

621 4309 682 4352 non
705 4295 842 4370 possunt,
864 4287 1006 4366 Episcopi
1029 4303 1096 4362 scr,
1119 4285 1170 4364 qui
1192 4284 1377 4365 Imperatore
1401 4295 1433 4348 et
1455 4287 1521 4348 aliis
1536 4286 1696 4366 Episcopis
1718 4286 1935 4365 nescientibus,
1957 4293 1989 4349 et

623 4397 731 4471 postea
753 4386 994 4460 reclamantibus,
1017 4385 1106 4447 talem
1127 4385 1349 4464 'expositionem
1372 4384 1528 4449 dederunt.
1566 4384 1668 4456 Qualis
1690 4403 1766 4446 vero
1788 4403 1915 4465 cumque
1937 4383 1990 4448 illu

621 4490 674 4566 sit,
699 4487 735 4550 aul
760 4490 854 4570 Syros
877 4494 907 4549 et
929 4485 1062 4565 reliquos
1086 4483 1271 4562 Orientales,
1295 4485 1345 4565 qui
1368 4502 1433 4546 curn
1456 4484 1514 4546 illis
1537 4502 1693 4546 conrnune
1715 4483 1786 4546 nihil
1808 4482 1990 4565 habuerunt,

621 4590 775 4670 pertinere
803 4585 972 4648 nullatenus
1002 4581 1153 4646 censenda
1182 4590 1238 4646 est.
1283 4584 1357 4645 Nam
1388 4582 1467 4663 quod
1496 4585 1577 4645 aiunt
1599 4583 1787 4646 Bessarionis
1810 4589 1842 4645 et
1863 4581 1992 4646 Arcani

621 4689 796 4765 imitatores,
820 4692 912 4746 totum
934 4683 1100 4745 orationem
1122 4682 1230 4744 referri
1244 4682 1280 4743 ad
1297 4681 1481 4745 fructuosam
1496 4684 1631 4763 mysterii
1645 4684 1878 4763 susceptionem,
1892 4683 1991 4744 susti-

620 4789 687 4850 neri
710 4803 769 4848 uon
792 4791 903 4866 potest.
948 4782 1054 4863 Neque
1077 4784 1154 4845 enim
1177 4781 1323 4862 postulari
1347 4791 1474 4863 oportet,
1489 4782 1618 4863 Spiritus
1640 4783 1735 4844 sancti
1757 4781 1908 4862 illapsum,
1930 4779 1993 4844 arl-

622 4894 759 4963 veutum,
790 4892 821 4947 et
852 4881 1107 4947 obumbrationem
1135 4898 1228 4962 super
1257 4881 1335 4944 dona
1365 4890 1542 4945 consecrata
1572 4884 1602 4944 in
1626 4899 1736 4962 corpus
1758 4889 1790 4944 el
1811 4879 1993 4963 sanquinem

624 4985 750 5063 Christi,
772 4992 805 5047 ut
828 4984 879 5065 qui
901 4981 950 5044 illa
972 4983 1144 5063 percepturi
1167 4988 1245 5056 suut,
1268 4981 1360 5063 digne
1383 4981 1488 5044 eadem
1509 4982 1682 5063 suscipiant.
1725 4981 1850 5044 Frustra
1872 4979 1995 5045 scilicet

623 5093 726 5147 oraret
754 5082 908 5162 Ecclesia,
939 5081 966 5144 si
994 5080 1121 5160 Spiritus
1150 5079 1244 5141 sancti
1273 5080 1419 5144 adventus
1443 5091 1473 5144 et
1495 5081 1637 5162 illapsus,
1666 5080 1705 5142 ad
1732 5080 1826 5142 solam
1854 5080 1938 5161 pium
1961 5089 1995 5145 et

623 5184 805 5246 fructuosam
828 5182 1037 5263 mysteriorum
1061 5179 1281 5259 susceptionem
1303 5180 1479 5245 referretur.
1524 5181 1597 5242 Nam
1627 5187 1712 5242 certo
1739 5180 1867 5242 credunt
1888 5178 1995 5246 adve-

622 5285 688 5345 nire
712 5284 851 5364 Spiritum
874 5289 1009 5344 sanctum
1031 5280 1060 5342 in
1084 5278 1162 5341 dona
1185 5279 1355 5360 proposita:
1385 5298 1445 5343 non
1469 5299 1542 5344 vcro
1566 5297 1670 5343 omncs
1693 5280 1744 5360 qui
1767 5279 1826 5342 illis
1848 5297 1994 5345 mmmc-
