5150 6534
759 818 809 893 38
1260 818 1621 896 LITURGIA

860 1005 1020 1100 Populus.
1076 1004 1170 1078 Sicut
1196 1016 1264 1096 est,
1292 1015 1326 1076 et
1350 1004 1428 1096 iuuit,
1460 1008 1493 1076 in
1525 1008 1762 1099 generationes
1794 1007 2066 1099 generationum,
2084 997 2132 1077 'et

754 1120 938 1195 futurorum
964 1122 1173 1195 saeculorum
1198 1126 1232 1194 in
1258 1121 1404 1196 saecula.
1456 1122 1578 1193 Amen.

859 1231 1042 1310 Sacerdos.
1069 1239 1154 1310 Pax.
1258 1238 1420 1331 Populus.
1446 1237 1491 1309 Et
1517 1260 1602 1309 cum.

859 1353 1043 1425 Sacerdos.
1070 1354 1324 1428 Misericordiae
1349 1353 1414 1424 Dei
1440 1356 1505 1426 sint
1531 1374 1721 1447 supernos
1749 1373 1876 1424 omnes.
1913 1353 1995 1423 Tum
2020 1353 2132 1423 dicet:

738 1468 948 1558 'Credimus,
977 1469 1183 1560 accedimus,
1211 1469 1449 1561 obsignamus,
1476 1478 1510 1540 et
1534 1468 1717 1561 frangimus
1750 1466 1992 1539 Eucharistiaru
2024 1468 2128 1539 hanc:

755 1608 875 1681 panem
903 1584 1104 1676 coelestem,
1130 1608 1253 1681 eorpus
1279 1583 1384 1657 Verbi
1409 1585 1474 1656 Dei
1500 1587 1590 1674 vivi,
1616 1589 1649 1655 in
1677 1583 1781 1655 calice
1798 1583 1912 1654 salutis
1935 1594 1969 1655 et
1994 1587 2127 1675 gratia-

755 1723 827 1771 rum
855 1705 1010 1789 actionis,
1038 1704 1071 1772 in
1098 1703 1207 1773 crucis
1234 1700 1368 1774 modum
1394 1704 1583 1791 signamus,
1610 1721 1685 1770 oum
1711 1698 1871 1793 particula
1885 1702 2127 1793 propitiatoria,

756 1821 992 1914 mysteriisque
1026 1819 1178 1912 supernis
1210 1816 1330 1912 plena,
1365 1819 1399 1887 iu
1430 1816 1564 1886 nomine
1595 1813 1703 1887 Patris
1734 1816 1827 1901 vivi,
1864 1813 1906 1885 ad
1940 1817 2059 1886 vitam:
2094 1824 2129 1885 et

756 1932 1108 2025 animositates
1143 1932 1285 2027 Spiritus
1326 1934 1449 2021 sancti,
1487 1933 1658 2027 principii,
1691 1929 1927 2026 perfectionis,
1960 1942 1995 2003 et
2028 1928 2129 2022 sigilli
2158 1982 2164 1992 .

757 2052 900 2121 omnium
928 2056 1116 2143 quaesunt
1151 2060 1185 2120 et
1215 2047 1349 2120 luerunt
1380 2051 1413 2118 in
1448 2045 1545 2120 coelo
1578 2057 1613 2117 et
1644 2050 1678 2117 in
1710 2055 1817 2119 terra:
1852 2050 1948 2118 tinius
1981 2049 2127 2134 uirtutis,

741 2146 854 2236 'unius
881 2166 1071 2259 potestatis,
1098 2167 1194 2235 unius
1220 2163 1422 2252 voluntatis,
1448 2165 1544 2235 unius
1571 2162 1636 2234 Dei
1662 2166 1754 2253 veri,
1781 2161 1964 2250 benedicti,
1999 2162 2129 2234 excelsi

757 2291 791 2351 et
816 2279 966 2369 indivisi,
994 2304 1013 2350 a
1042 2304 1107 2375 quo
1134 2290 1186 2350 est
1211 2282 1282 2350 vita
1308 2281 1341 2349 in
1370 2278 1504 2353 saecula
1532 2263 1753 2352 saeculorum.
1819 2278 1980 2371 Populus.
2006 2278 2127 2352 Amen.

859 2394 1040 2467 Diucouue
1079 2417 1165 2466 uoce
1204 2418 1330 2489 asopus
1368 2395 1461 2465 dicet
1500 2394 1720 2466 catholicam.
1773 2393 1933 2482 Benedic,
1973 2394 2127 2467 Domine.

756 2514 879 2585 lterum
906 2522 1004 2606 atque
1031 2515 1148 2584 iterum
1173 2533 1234 2606 per
1261 2508 1464 2583 oblationem
1489 2509 1576 2581 hauc
1602 2521 1751 2581 sanctam
1777 2521 1811 2582 et
1828 2509 2025 2583 sacrificium
2040 2530 2128 2603 pro·
2194 2549 2200 2562 =

757 2631 977 2725 pitiatorium,
1018 2625 1106 2721 quod
1140 2627 1215 2698 Deo
1248 2626 1340 2698 Patri
1373 2623 1537 2715 oblatum,
1569 2624 1827 2713 sanctificatum,
1860 2623 2060 2719 completum
2094 2633 2130 2694 et

756 2744 940 2841 perlectum
974 2753 1025 2813 est
1063 2764 1125 2837 per
1159 2742 1309 2837 illapsum
1345 2741 1486 2836 Spiritus
1521 2745 1627 2813 sancti
1660 2744 1747 2831 vivi,
1779 2764 1841 2836 pro
1875 2740 1977 2811 Patre
2012 2748 2128 2812 nostro

763 2857 950 2932 Sacerdote
976 2857 1169 2952 praeclaro,
1198 2860 1251 2950 qui
1276 2856 1355 2928 illud
1383 2856 1500 2930 obtulit
1534 2868 1568 2927 et
1603 2860 1830 2943 consecravit,
1872 2867 1905 2928 et
1939 2878 2001 2950 pro
2034 2855 2130 2926 altari

757 2976 842 3061 Dei,
871 2995 973 3067 super
999 2972 1088 3066 quod
1113 2972 1236 3044 Mutum
1263 2985 1336 3058 est,
1364 2985 1397 3045 et
1422 2995 1485 3067 pro
1511 2972 1642 3067 populis
1663 2970 1850 3043 ¹benedictis
1878 2975 1933 3066 qui
1956 2970 2131 3059 accedunt,

758 3102 791 3162 et
818 3093 983 3183 accipiunt
1009 3088 1088 3160 illud
1113 3092 1147 3159 in
1172 3088 1237 3160 lide
1272 3112 1374 3176 vera,
1410 3100 1444 3160 et
1469 3087 1520 3159 his
1546 3110 1608 3183 pro
1635 3086 1753 3182 quibus
1781 3086 1926 3160 oblatum
1953 3097 1987 3158 et
1999 3107 2129 3160 couse-

759 3217 887 3278 oratum
914 3216 981 3292 est,
1009 3208 1126 3277 iterum
1159 3208 1340 3300 impensius
1376 3226 1519 3275 oramus.
1571 3202 1664 3275 Ecce
1703 3215 1832 3298 tempus
1867 3206 2011 3290 tenoris,
2046 3223 2130 3274 ecce

757 3321 839 3393 hora
872 3333 1002 3393 terrore
1029 3320 1145 3415 plena:
1183 3324 1297 3415 superi
1323 3324 1357 3390 in
1383 3322 1501 3391 timore
1527 3322 1723 3406 consistunt,
1751 3330 1784 3390 et
1810 3317 1856 3389 illi
1883 3342 1957 3390 cum
1983 3330 2128 3391 tremore

758 3440 959 3523 ministrant,
988 3448 1096 3508 terror
1123 3435 1197 3505 filiis
1224 3435 1307 3507 lueis
1335 3437 1530 3523 immittitur,
1558 3445 1591 3505 et
1617 3439 1742 3506 terreni
1767 3435 1857 3505 illum
1882 3457 1950 3506 non
1977 3437 2131 3522 sentiunt,

756 3552 841 3623 hora
869 3574 934 3645 qua
961 3554 1060 3622 venia
1088 3550 1241 3639 silentur,
1267 3561 1407 3645 peccata
1435 3548 1476 3621 ab
1504 3548 1558 3620 illa
1584 3547 1722 3641 fugiunt.
1780 3549 1921 3621 Ministri
1940 3547 2131 3621 'Ecclesiae

759 3670 907 3754 tremite,
937 3669 1012 3760 quia
1039 3669 1151 3757 ignem
1177 3670 1294 3738 vivum
1321 3666 1563 3738 administratis.
1615 3667 1771 3739 Potestas
1798 3689 1884 3759 quae
1919 3662 2019 3738 vobis
2053 3665 2131 3737 data

759 3795 811 3855 est
838 3781 1057 3854 excellentior
1089 3793 1140 3853 est
1172 3782 1228 3853 illa
1262 3806 1360 3876 mam
1386 3779 1514 3853 habent·
1534 3780 1717 3877 Seraphim.
1770 3782 1876 3854 Beata
1910 3785 2017 3853 anima
2045 3803 2132 3876 quae

758 3922 845 3970 nuno
865 3902 896 3968 in
911 3896 1065 3970 Ecclesia
1092 3896 1188 3969 adest
1213 3921 1287 3969 cum
1307 3902 1459 3993 puritate,
1488 3902 1563 3993 quia
1581 3897 1723 3993 Spiritus
1750 3910 1883 3980 sanctus
1915 3897 2030 3970 scribit
2056 3918 2127 3970 no-

758 4037 839 4087 men
867 4015 959 4105 ejus,
986 4011 1129 4108 illudque
1157 4014 1269 4087 elevat
1294 4017 1328 4084 in
1354 4014 1494 4086 coelum.
1551 4013 1694 4086 Diaconi
1724 4024 1833 4086 estote
1865 4036 1939 4085 cum
1975 4025 2130 4101 tremore,

759 4130 824 4202 hoo
852 4142 1001 4225 tempore
1029 4140 1161 4217 saneto,
1190 4154 1255 4226 quo
1283 4129 1453 4202 descendit
1480 4128 1622 4225 Spiritus
1649 4139 1801 4216 sanctus,
1829 4127 1871 4200 ad
1894 4127 2130 4201 sanctificanda

759 4268 902 4341 corpora
931 4268 1067 4334 eorum,
1095 4248 1148 4339 qui
1176 4244 1255 4316 illud
1282 4250 1472 4341 suscipiunt.
1523 4245 1669 4340 Aspice,
1695 4244 1848 4332 Domine,
1876 4244 1974 4318 oculo
1989 4248 2128 4317 miseri-

758 4361 852 4434 cordi
878 4383 1011 4433 servum
1039 4357 1144 4450 tuum,
1172 4364 1227 4455 qui
1254 4372 1318 4433 stat
1346 4372 1380 4432 et
1406 4384 1536 4432 sacrum
1564 4359 1719 4432 celebrat.
1779 4360 1938 4454 Suscipe,
1973 4360 2127 4447 Domine,

761 4472 964 4548 oblationem
991 4478 1086 4546 istam
1093 4528 1103 4563 ,
1131 4486 1166 4547 ut
1191 4475 1280 4548 illam
1311 4474 1548 4572 Prophetarum
1583 4489 1616 4550 et
1647 4475 1895 4573 Apostolorum.
1948 4476 2130 4569 Memento,

758 4590 919 4678 Domine,
946 4601 1076 4684 patrum
1104 4602 1136 4662 et
1162 4590 1299 4663 fratrum
1325 4604 1532 4682 nostrorum,
1558 4604 1593 4664 ut
1620 4598 1719 4665 etiam
1735 4597 1967 4685 magistrorum
1986 4606 2127 4668 nostro-

756 4730 845 4795 rum,
882 4730 1011 4802 nosque
1039 4718 1073 4780 et
1098 4708 1173 4781 illos
1207 4709 1327 4801 dignos
1354 4720 1489 4805 praesta
1517 4732 1578 4804 per
1604 4710 1864 4782 misericordiam
1898 4722 1988 4782 tuam
2019 4731 2126 4801 regno

757 4822 905 4897 coelesti.
959 4822 1139 4912 Memento,
1165 4825 1320 4913 Domine,
1347 4847 1410 4919 per
1443 4829 1584 4916 gratiam
1611 4836 1645 4896 et
1670 4829 1900 4899 miserationes
1927 4837 2001 4898 tuas
2033 4826 2126 4897 divi-

757 4960 838 5029 nae,
871 4938 1005 5012 Domini
1037 4938 1078 5010 N.
1112 4938 1328 5011 Patriarohae
1362 4945 1467 5012 nostri
1501 4952 1535 5013 et
1559 4940 1601 5013 D.
1629 4940 1670 5012 N.
1698 4965 1836 5037 quorum
1863 4945 2031 5014 orationes
2057 4964 2127 5015 no-

758 5053 811 5126 bis
848 5054 963 5127 adsint.
999 5053 1184 5142 Memento,
1220 5055 1380 5143 Domine,
1408 5055 1608 5145 absentium,
1641 5067 1675 5129 et
1708 5061 1868 5130 miserere
1893 5062 2126 5153 praesentium.
2250 5154 2252 5158 Ι

761 5167 914 5253 Quietem
941 5194 1072 5265 quoque
1103 5182 1237 5267 praesta
1273 5169 1439 5266 spiritibus
1467 5170 1711 5264 detunctorum,
1746 5184 1780 5245 et
1804 5195 1907 5269 parce
1933 5178 2127 5269 peccatori·
2190 5175 2192 5179 ’
2242 5193 2248 5207 ’

759 5280 822 5355 ltus
857 5289 892 5356 in
930 5286 983 5357 die
1018 5286 1142 5379 judicii.
1199 5285 1454 5376 Defunctorum,
1499 5291 1554 5385 qui
1594 5313 1615 5361 a
1653 5287 1750 5362 uobis
1789 5292 1935 5384 separati
1977 5288 2019 5362 ah
2063 5290 2127 5364 hoc
