5150 6534
797 1563 799 1567 ’
876 1600 956 1689 lo
999 1541 1378 1690 vrvvnornn
1419 1596 1688 1689 rcvlrvv

1023 1813 1541 1935 OBSERVATE).

698 2211 806 2288 Lonna
829 2224 964 2286 oratione
986 2239 1047 2285 non
1074 2240 1151 2302 opus
1175 2220 1279 2283 estad
1304 2220 1389 2282 istius
1412 2221 1564 2302 liturgiae
1584 2221 1745 2283 novitatem
1767 2219 1961 2300 probandam,

601 2344 669 2390 cum
690 2327 763 2389 satis
785 2327 851 2406 ipsa
873 2342 908 2387 se
931 2323 1048 2404 prodat.
1093 2323 1184 2399 Stilus
1207 2323 1283 2385 enim
1307 2325 1483 2406 synonymis
1517 2331 1547 2386 et
1569 2323 1707 2404 epithetis
1735 2323 1854 2386 inllatus
1885 2324 1962 2387 ultra

599 2425 728 2504 modum,
751 2432 839 2486 natae
862 2422 1030 2486 infelicibus
1053 2424 1181 2486 saeculis
1204 2422 1395 2504 eloquentiae
1408 2424 1503 2506 magis
1515 2423 1665 2499 convenit,
1689 2440 1776 2503 quam
1791 2423 1962 2503 primaevae

599 2523 847 2604 Apostolicorum
870 2529 1036 2601 temporum
1071 2520 1262 2602 simplicitati,
1285 2540 1372 2604 quam
1395 2520 1525 2605 genuina
1547 2520 1653 2603 Ignatii
1679 2520 1821 2603 Martyris
1850 2524 1962 2604 scripta

601 2629 840 2704 repraesentant.
885 2620 937 2683 llla
961 2620 1039 2701 apud
1061 2619 1157 2703 Syros
1179 2621 1298 2703 vulgari
1325 2639 1379 2683 sua
1401 2620 1504 2703 lingua
1527 2618 1596 2682 olim
1618 2620 1754 2682 extitisse
1776 2620 1884 2683 docent
1906 2640 1961 2684 nos

599 2722 692 2784 multa
720 2739 760 2782 ex
788 2719 846 2782 illis
876 2720 1060 2798 testimonia,
1090 2738 1167 2800 quae
1195 2721 1225 2781 in
1254 2718 1340 2782 libris
1371 2718 1566 2799 Theologicis
1597 2726 1776 2797 occurrunt,
1804 2720 1859 2783 sed
1888 2738 1962 2801 prae

600 2822 730 2884 caeteris
754 2827 899 2900 excerpta
922 2838 963 2881 ex
985 2821 1049 2901 ejus
1073 2821 1212 2902 genuinis
1241 2818 1384 2899 Epistolis
1412 2836 1473 2880 non
1500 2834 1618 2897 pauca,
1652 2836 1730 2898 qnae
1761 2817 1962 2882 conciliorum

602 2918 774 2983 Canonibus
805 2918 943 2999 adjuncta
972 2919 1165 2999 reperiuntur
1193 2920 1224 2981 in
1251 2926 1369 2981 vetusta
1402 2918 1542 2980 versione
1569 2917 1708 2997 Syriaca,
1740 2936 1827 2999 quam
1857 2918 1964 2982 Codex

600 3017 756 3082 Mediceus
787 3018 1030 3080 membranaceus
1062 3025 1278 3097 repraesentat
1336 3015 1459 3080 Addidit
1492 3017 1660 3096 interpres,
1694 3016 1761 3079 illas
1795 3020 1961 3081 sententias

601 3116 695 3201 vulgo
725 3119 803 3179 inter
832 3116 972 3180 Canones
1000 3134 1059 3178 non
1088 3115 1214 3191 rclerri,
1248 3133 1352 3178 verum
1387 3135 1428 3178 ex
1455 3117 1575 3177 nomino
1602 3116 1675 3176 tanti
1703 3116 1777 3193 viri,
1806 3118 1960 3199 aequalem

603 3216 822 3299 quodammodo
844 3215 958 3278 habere
981 3217 1180 3279 autoritatem.
1231 3215 1350 3277 Factam
1373 3232 1443 3275 csse
1465 3233 1504 3276 ex
1526 3213 1645 3294 optimis
1675 3212 1835 3277 Codicibus
1866 3216 1963 3278 inter-

601 3315 802 3395 pretationem
824 3313 905 3375 illam
927 3315 1114 3395 agnovimus,
1145 3322 1175 3376 et
1202 3314 1238 3375 ab
1261 3321 1367 3375 autore
1392 3313 1571 3395 quicumque
1598 3311 1689 3374 luerit
1718 3331 1779 3376 non
1809 3316 1963 3394 imperito:

602 3419 665 3475 tum
687 3412 760 3475 illud
783 3414 872 3475 etiam
895 3413 1155 3475 animadversione
1177 3412 1298 3493 diganum
1328 3412 1565 3490 observavimus,
1588 3413 1709 3475 codices
1730 3413 1829 3489 illum,
1852 3413 1963 3476 similes

601 3512 775 3574 Florentino
797 3511 841 3573 illi
863 3512 1061 3574 celeberrimo
1085 3512 1278 3593 quoLatinus
1306 3514 1455 3592 interpres
1477 3529 1549 3573 usus
1571 3510 1678 3589 luerat,
1702 3520 1837 3575 secutum
1859 3512 1964 3590 luisse,

601 3628 660 3672 nec
682 3609 766 3688 alias,
789 3611 846 3672 nisi
869 3628 959 3673 veras
982 3610 1132 3691 Epistolas
1155 3610 1328 3693 agnovisse.
1373 3611 1414 3672 At
1435 3611 1516 3673 nulla
1538 3618 1660 3691 praeter
1680 3605 1876 3675 Jacobiticdm
1895 3612 1964 3674 An-

602 3709 771 3772 tiochenam
792 3710 970 3786 Ecclesiam,
993 3709 1095 3771 habuit
1116 3711 1173 3772 buc
1204 3728 1300 3791 usque
1327 3709 1490 3793 liturgiam
1513 3708 1630 3793 ignatio
1652 3710 1835 3773 attributam:
1866 3730 1963 3792 neque

603 3808 642 3871 de
665 3810 722 3871 ista
744 3808 903 3889 quidquam
927 3809 1005 3871 aliud
1029 3809 1163 3892 cogitare
1193 3828 1362 3890 possumus,
1385 3811 1442 3872 nisi
1464 3810 1545 3891 quod
1567 3810 1605 3871 ab
1628 3810 1727 3891 aliquo
1749 3811 1873 3892 scripta,
1897 3829 1963 3872 cum

602 3907 786 3988 singularem
809 3907 924 3969 titulum
947 3925 1006 3970 non
1029 3907 1210 3988 praeterret,
1243 3916 1385 3989 essetque
1407 3907 1615 3972 Antiochenae
1644 3910 1801 3972 Ecclesiae
1828 3910 1963 3990 propria,

601 4004 710 4090 Ignatii
731 4025 851 4083 nomen,
873 4014 1013 4098 tanquam
1042 4006 1120 4069 illius
1150 4008 1276 4090 insignis
1309 4008 1452 4088 Episcopi
1476 4010 1635 4088 acceperit.
1684 4010 1782 4072 Potuit
1811 4010 1896 4070 etiarn
1927 4010 1963 4070 ab

603 4106 704 4187 aliquo
719 4105 842 4186 lgnatio
866 4108 977 4187 scripta
999 4105 1103 4182 fuisse,
1127 4108 1177 4187 qui
1200 4108 1278 4169 illam
1308 4105 1410 4168 sedem
1433 4109 1575 4184 tenuerit,
1606 4108 1719 4188 aliquot
1741 4109 1819 4170 enim
1842 4110 1882 4169 ita
1905 4125 1963 4188 ap-

603 4205 706 4286 pellati
729 4213 808 4281 sunt,
832 4207 909 4267 inter
933 4204 1135 4267 Jacobitarum
1157 4207 1354 4282 Patriarohas,
1378 4214 1408 4267 ct
1430 4206 1617 4268 librariorum
1640 4207 1727 4287 culpa
1743 4209 1780 4270 ad
1800 4208 1963 4289 lllartyrem

602 4303 723 4379 referri,
745 4323 822 4384 quae
846 4306 918 4368 novi
941 4305 1066 4367 bominis
1088 4304 1175 4368 soret.
1226 4305 1285 4369 Sed
1309 4306 1380 4387 quid
1402 4305 1440 4367 de
1462 4306 1627 4368 istiusmodi
1657 4307 1748 4369 titulis
1776 4309 1963 4370 statuendum

603 4402 651 4481 sit,
675 4412 817 4483 quamum
839 4423 916 4484 opus
939 4412 1014 4480 erat,
1040 4404 1218 4467 dictumest
1241 4405 1321 4469 alibi.
1393 4480 1395 4484 Ι

689 4501 722 4578 ln
745 4503 799 4563 ista
822 4503 939 4583 qnidam
962 4503 1096 4586 liturgia
1127 4503 1402 4585 Monophysitarom
1430 4503 1594 4567 haereseos
1622 4524 1659 4567 nc
1688 4505 1868 4569 levissimum
1895 4507 1965 4587 qui-

606 4597 673 4661 dem
703 4602 863 4683 vestigium
892 4600 1142 4681 deprehenditur,
1171 4622 1247 4684 quac
1271 4604 1409 4684 majoriS,
1440 4621 1527 4683 quam
1558 4604 1757 4666 existimamus
1784 4606 1963 4685 antiquitatis

603 4701 685 4776 nota,
707 4699 875 4762 verisimilis
898 4700 993 4761 videri
1015 4701 1161 4782 aliquibus
1175 4709 1290 4782 posset.
1327 4702 1498 4764 Meminisse
1517 4710 1615 4764 tamen
1637 4711 1767 4784 oportet,
1791 4704 1869 4783 quod
1892 4703 1961 4764 alibi

608 4793 801 4859 observatum
822 4806 879 4875 est,
903 4817 972 4861 raro
995 4800 1073 4861 inter
1095 4800 1246 4879 Jacobitas
1270 4799 1375 4881 Syros,
1398 4799 1557 4884 Liturgicis
1579 4802 1738 4881 precibus,
1769 4820 1804 4863 ea
1828 4819 1904 4882 quae
1926 4800 1965 4863 ad

606 4911 679 4956 suae
709 4896 746 4957 de
776 4896 989 4960 lucarnationis
1026 4902 1170 4979 mysterio
1199 4898 1354 4965 doctrinae
1383 4900 1633 4963 confirmationem
1670 4903 1835 4982 pertinent,
1870 4902 1962 4962 inseri

605 4992 717 5056 solere.
761 4994 838 5058 Solis
861 4996 1020 5079 Aegyptiis
1043 4999 1195 5079 proprium
1219 4998 1291 5060 illud
1313 4998 1377 5077 luit,
1401 4999 1659 5080 qui-Conlessioni
1680 5001 1718 5062 de
1740 5001 1867 5061 veritate
1890 5016 1958 5060 cor·

604 5093 688 5171 poris
713 5101 744 5155 et
766 5096 919 5176 sanguinis
943 5095 1051 5158 Christi
1075 5097 1104 5157 in
1127 5097 1323 5176 Eucharistia,
1347 5093 1471 5160 alteram
1499 5098 1537 5161 de
1564 5118 1623 5161 una
1652 5100 1682 5160 in
1705 5096 1824 5160 Christo
1855 5105 1961 5161 natura

606 5192 836 5272 conjunxerunt.
881 5194 984 5275 ltaque
1008 5196 1087 5276 quod
1110 5196 1180 5258 nihil
1208 5196 1337 5259 adeam
1367 5199 1520 5279 pertinens
1549 5199 1579 5259 in
1606 5198 1663 5259 ista
1691 5197 1798 5281 lgnatii
1827 5197 1962 5279 liturgia

603 5294 785 5371 reperiatur,
810 5293 845 5354 ad
868 5294 946 5355 illius
969 5296 1173 5376 antiquitatem
1189 5295 1375 5377 probandam
1390 5296 1498 5359 nullius
1521 5296 1661 5360 momenti
1682 5304 1739 5377 est,
1762 5314 1830 5360 cum
1851 5315 1964 5360 recen·
1997 5318 2002 5332 ·
