<?xml version="1.0" encoding="UTF-8"?>
<!DOCTYPE html PUBLIC "-//W3C//DTD XHTML 1.0 Transitional//EN"
    "http://www.w3.org/TR/xhtml1/DTD/xhtml1-transitional.dtd">
<html xmlns="http://www.w3.org/1999/xhtml" xml:lang="en" lang="en">
 <head>
  <title>
</title>
<meta http-equiv="Content-Type" content="text/html;charset=utf-8" />
  <meta name='ocr-system' content='tesseract 3.04.00' />
  <meta name='ocr-capabilities' content='ocr_page ocr_carea ocr_par ocr_line ocrx_word'/>
</head>
<body>
  <div class='ocr_page' id='page_1' title='image "./liturgiarumorie00renagoog_0272.png"; bbox 0 0 5150 6534; ppageno 0'>
   <div class='ocr_carea' id='block_1_1' title="bbox 977 1283 1579 1506">
    <p class='ocr_par' dir='ltr' id='par_1_1' title="bbox 977 1283 1579 1506">
     <span class='ocr_line' id='line_1_1' title="bbox 977 1283 1579 1506; baseline 0 -45"><span class='ocrx_word' id='word_1_1' title='bbox 977 1283 1579 1506; x_wconf 80' lang='lat' dir='ltr'><strong>urruucm</strong></span> 
     </span>
    </p>
   </div>
   <div class='ocr_carea' id='block_1_2' title="bbox 769 1605 2015 1771">
    <p class='ocr_par' dir='ltr' id='par_1_2' title="bbox 769 1605 2015 1771">
     <span class='ocr_line' id='line_1_2' title="bbox 769 1605 2015 1771; baseline -0.014 -40"><span class='ocrx_word' id='word_1_2' title='bbox 769 1613 1125 1771; x_wconf 78' lang='lat' dir='ltr'><strong>sonori</strong></span> <span class='ocrx_word' id='word_1_3' title='bbox 1187 1605 1794 1770; x_wconf 80' lang='lat' dir='ltr'><strong>¹uusuauurr,</strong></span> <span class='ocrx_word' id='word_1_4' title='bbox 1935 1701 2015 1766; x_wconf 77' lang='lat'>„</span> 
     </span>
    </p>
   </div>
   <div class='ocr_carea' id='block_1_3' title="bbox 951 1853 1606 1932">
    <p class='ocr_par' dir='ltr' id='par_1_3' title="bbox 951 1853 1606 1932">
     <span class='ocr_line' id='line_1_3' title="bbox 951 1853 1606 1932; baseline 0 0"><span class='ocrx_word' id='word_1_5' title='bbox 951 1853 1276 1932; x_wconf 76' lang='lat' dir='ltr'><strong>Pnuutuuounu</strong></span> <span class='ocrx_word' id='word_1_6' title='bbox 1308 1853 1606 1932; x_wconf 75' lang='lat' dir='ltr'><strong>ululatuum.</strong></span> 
     </span>
    </p>
   </div>
   <div class='ocr_carea' id='block_1_4' title="bbox 932 2125 1613 2221">
    <p class='ocr_par' dir='ltr' id='par_1_4' title="bbox 932 2125 1613 2221">
     <span class='ocr_line' id='line_1_4' title="bbox 932 2125 1613 2221; baseline 0 -24"><span class='ocrx_word' id='word_1_7' title='bbox 932 2125 1051 2198; x_wconf 81' lang='lat' dir='ltr'><strong>Primo</strong></span> <span class='ocrx_word' id='word_1_8' title='bbox 1080 2126 1201 2199; x_wconf 85' lang='lat' dir='ltr'><strong>Oratio</strong></span> <span class='ocrx_word' id='word_1_9' title='bbox 1228 2132 1309 2197; x_wconf 80' lang='lat' dir='ltr'><strong>oute</strong></span> <span class='ocrx_word' id='word_1_10' title='bbox 1335 2127 1482 2199; x_wconf 79' lang='lat' dir='ltr'><strong>osculum</strong></span> <span class='ocrx_word' id='word_1_11' title='bbox 1503 2129 1613 2221; x_wconf 79' lang='lat' dir='ltr'><strong>pecie.</strong></span> 
     </span>
    </p>
   </div>
   <div class='ocr_carea' id='block_1_5' title="bbox 556 2321 1987 5331">
    <p class='ocr_par' dir='ltr' id='par_1_5' title="bbox 593 2321 1963 2905">
     <span class='ocr_line' id='line_1_5' title="bbox 672 2321 1962 2446; baseline -0.002 -20"><span class='ocrx_word' id='word_1_12' title='bbox 672 2321 790 2426; x_wconf 77' lang='lat' dir='ltr'><strong>Duos</strong></span> <span class='ocrx_word' id='word_1_13' title='bbox 816 2348 962 2422; x_wconf 84' lang='lat' dir='ltr'><strong>clemens</strong></span> <span class='ocrx_word' id='word_1_14' title='bbox 990 2360 1024 2421; x_wconf 91' lang='lat' dir='ltr'><strong>et</strong></span> <span class='ocrx_word' id='word_1_15' title='bbox 1048 2348 1170 2422; x_wconf 90' lang='lat' dir='ltr'><strong>multae</strong></span> <span class='ocrx_word' id='word_1_16' title='bbox 1197 2339 1447 2421; x_wconf 65' lang='lat' dir='ltr'><strong>misericordiae</strong></span> <span class='ocrx_word' id='word_1_17' title='bbox 1472 2348 1631 2437; x_wconf 83' lang='lat' dir='ltr'><strong>Domine,</strong></span> <span class='ocrx_word' id='word_1_18' title='bbox 1659 2352 1715 2446; x_wconf 89' lang='lat' dir='ltr'><strong>qui</strong></span> <span class='ocrx_word' id='word_1_19' title='bbox 1740 2344 1774 2422; x_wconf 85' lang='lat' dir='ltr'><strong>te</strong></span> <span class='ocrx_word' id='word_1_20' title='bbox 1801 2372 1870 2423; x_wconf 93' lang='lat' dir='ltr'><strong>non</strong></span> <span class='ocrx_word' id='word_1_21' title='bbox 1897 2349 1962 2423; x_wconf 91' lang='lat' dir='ltr'><strong>du-</strong></span> 
     </span>
     <span class='ocr_line' id='line_1_6' title="bbox 595 2463 1963 2563; baseline 0.001 -26"><span class='ocrx_word' id='word_1_22' title='bbox 595 2464 738 2537; x_wconf 87' lang='lat' dir='ltr'><strong>bitanter</strong></span> <span class='ocrx_word' id='word_1_23' title='bbox 769 2468 966 2537; x_wconf 86' lang='lat' dir='ltr'><strong>invocantes</strong></span> <span class='ocrx_word' id='word_1_24' title='bbox 997 2468 1088 2558; x_wconf 88' lang='lat' dir='ltr'><strong>juste</strong></span> <span class='ocrx_word' id='word_1_25' title='bbox 1121 2464 1281 2560; x_wconf 79' lang='lat' dir='ltr'><strong>exaudis,</strong></span> <span class='ocrx_word' id='word_1_26' title='bbox 1316 2463 1414 2539; x_wconf 93' lang='lat' dir='ltr'><strong>nobis</strong></span> <span class='ocrx_word' id='word_1_27' title='bbox 1450 2469 1550 2538; x_wconf 84' lang='lat' dir='ltr'><strong>etiam</strong></span> <span class='ocrx_word' id='word_1_28' title='bbox 1583 2470 1638 2561; x_wconf 87' lang='lat' dir='ltr'><strong>qui</strong></span> <span class='ocrx_word' id='word_1_29' title='bbox 1657 2489 1737 2538; x_wconf 65' lang='lat' dir='ltr'><strong>,una</strong></span> <span class='ocrx_word' id='word_1_30' title='bbox 1770 2478 1805 2540; x_wconf 87' lang='lat' dir='ltr'><strong>et</strong></span> <span class='ocrx_word' id='word_1_31' title='bbox 1835 2466 1963 2563; x_wconf 85' lang='lat' dir='ltr'><strong>aequali</strong></span> 
     </span>
     <span class='ocr_line' id='line_1_7' title="bbox 596 2579 1962 2674; baseline 0.001 -21"><span class='ocrx_word' id='word_1_32' title='bbox 596 2604 686 2654; x_wconf 88' lang='lat' dir='ltr'><strong>voce</strong></span> <span class='ocrx_word' id='word_1_33' title='bbox 719 2581 900 2653; x_wconf 88' lang='lat' dir='ltr'><strong>clamamus</strong></span> <span class='ocrx_word' id='word_1_34' title='bbox 934 2579 976 2652; x_wconf 92' lang='lat' dir='ltr'><strong>ad</strong></span> <span class='ocrx_word' id='word_1_35' title='bbox 1009 2589 1060 2669; x_wconf 85' lang='lat' dir='ltr'><strong>te,</strong></span> <span class='ocrx_word' id='word_1_36' title='bbox 1096 2579 1242 2674; x_wconf 89' lang='lat' dir='ltr'><strong>largire,</strong></span> <span class='ocrx_word' id='word_1_37' title='bbox 1274 2590 1311 2652; x_wconf 91' lang='lat' dir='ltr'><strong>ut</strong></span> <span class='ocrx_word' id='word_1_38' title='bbox 1336 2605 1409 2655; x_wconf 89' lang='lat' dir='ltr'><strong>cum</strong></span> <span class='ocrx_word' id='word_1_39' title='bbox 1436 2585 1581 2655; x_wconf 88' lang='lat' dir='ltr'><strong>unanimi</strong></span> <span class='ocrx_word' id='word_1_40' title='bbox 1615 2582 1811 2670; x_wconf 89' lang='lat' dir='ltr'><strong>concordia,</strong></span> <span class='ocrx_word' id='word_1_41' title='bbox 1849 2583 1962 2656; x_wconf 87' lang='lat' dir='ltr'><strong>demus</strong></span> 
     </span>
     <span class='ocr_line' id='line_1_8' title="bbox 593 2695 1962 2792; baseline -0.001 -23"><span class='ocrx_word' id='word_1_42' title='bbox 593 2695 690 2769; x_wconf 93' lang='lat' dir='ltr'><strong>nobis</strong></span> <span class='ocrx_word' id='word_1_43' title='bbox 722 2700 868 2769; x_wconf 89' lang='lat' dir='ltr'><strong>invicem</strong></span> <span class='ocrx_word' id='word_1_44' title='bbox 898 2718 1018 2792; x_wconf 83' lang='lat' dir='ltr'><strong>paoem</strong></span> <span class='ocrx_word' id='word_1_45' title='bbox 1051 2701 1086 2767; x_wconf 92' lang='lat' dir='ltr'><strong>in</strong></span> <span class='ocrx_word' id='word_1_46' title='bbox 1112 2696 1228 2769; x_wconf 87' lang='lat' dir='ltr'><strong>osculo</strong></span> <span class='ocrx_word' id='word_1_47' title='bbox 1256 2708 1373 2770; x_wconf 86' lang='lat' dir='ltr'><strong>sancto</strong></span> <span class='ocrx_word' id='word_1_48' title='bbox 1402 2708 1435 2769; x_wconf 91' lang='lat' dir='ltr'><strong>et</strong></span> <span class='ocrx_word' id='word_1_49' title='bbox 1461 2698 1591 2786; x_wconf 88' lang='lat' dir='ltr'><strong>divino,</strong></span> <span class='ocrx_word' id='word_1_50' title='bbox 1618 2707 1653 2770; x_wconf 87' lang='lat' dir='ltr'><strong>et</strong></span> <span class='ocrx_word' id='word_1_51' title='bbox 1686 2696 1873 2770; x_wconf 83' lang='lat' dir='ltr'><strong>referemus</strong></span> <span class='ocrx_word' id='word_1_52' title='bbox 1906 2696 1962 2769; x_wconf 87' lang='lat' dir='ltr'><strong>tibi</strong></span> 
     </span>
     <span class='ocr_line' id='line_1_9' title="bbox 593 2812 844 2905; baseline 0 -22"><span class='ocrx_word' id='word_1_53' title='bbox 593 2812 754 2905; x_wconf 75' lang='lat' dir='ltr'><strong>gloriam,</strong></span> <span class='ocrx_word' id='word_1_54' title='bbox 781 2823 844 2884; x_wconf 91' lang='lat' dir='ltr'><strong>etc.</strong></span> 
     </span>
    </p>

    <p class='ocr_par' dir='ltr' id='par_1_6' title="bbox 698 2928 1031 3023">
     <span class='ocr_line' id='line_1_10' title="bbox 698 2928 1031 3023; baseline -0.003 -24"><span class='ocrx_word' id='word_1_55' title='bbox 698 2929 859 3023; x_wconf 77' lang='lat' dir='ltr'><strong>Populos.</strong></span> <span class='ocrx_word' id='word_1_56' title='bbox 911 2928 1031 3002; x_wconf 87' lang='lat' dir='ltr'><strong>Amen.</strong></span> 
     </span>
    </p>

    <p class='ocr_par' dir='ltr' id='par_1_7' title="bbox 698 3042 1277 3137">
     <span class='ocr_line' id='line_1_11' title="bbox 698 3042 1277 3137; baseline -0.005 -22"><span class='ocrx_word' id='word_1_57' title='bbox 698 3045 877 3117; x_wconf 77' lang='lat' dir='ltr'><strong>Diaconos</strong></span> <span class='ocrx_word' id='word_1_58' title='bbox 900 3044 1094 3137; x_wconf 82' lang='lat' dir='ltr'><strong>proclamat</strong></span> <span class='ocrx_word' id='word_1_59' title='bbox 1118 3042 1277 3113; x_wconf 83' lang='lat' dir='ltr'><strong>Medima.</strong></span> 
     </span>
    </p>

    <p class='ocr_par' dir='ltr' id='par_1_8' title="bbox 593 3157 1987 3716">
     <span class='ocr_line' id='line_1_12' title="bbox 698 3157 1960 3256; baseline -0.002 -25"><span class='ocrx_word' id='word_1_60' title='bbox 698 3160 874 3232; x_wconf 75' lang='lat' dir='ltr'><strong>Sacerdos</strong></span> <span class='ocrx_word' id='word_1_61' title='bbox 900 3158 1037 3230; x_wconf 78' lang='lat' dir='ltr'><strong>elevans</strong></span> <span class='ocrx_word' id='word_1_62' title='bbox 1061 3179 1186 3231; x_wconf 83' lang='lat' dir='ltr'><strong>vocem.</strong></span> <span class='ocrx_word' id='word_1_63' title='bbox 1240 3158 1380 3230; x_wconf 88' lang='lat' dir='ltr'><strong>Omnem</strong></span> <span class='ocrx_word' id='word_1_64' title='bbox 1408 3180 1540 3253; x_wconf 87' lang='lat' dir='ltr'><strong>quoque</strong></span> <span class='ocrx_word' id='word_1_65' title='bbox 1573 3157 1807 3231; x_wconf 73' lang='lat' dir='ltr'><strong>dubitationem</strong></span> <span class='ocrx_word' id='word_1_66' title='bbox 1840 3157 1960 3256; x_wconf 88' lang='lat' dir='ltr'><strong>depal-</strong></span> 
     </span>
     <span class='ocr_line' id='line_1_13' title="bbox 593 3271 1961 3363; baseline -0.002 -16"><span class='ocrx_word' id='word_1_67' title='bbox 593 3276 666 3351; x_wconf 88' lang='lat' dir='ltr'><strong>lens</strong></span> <span class='ocrx_word' id='word_1_68' title='bbox 694 3300 714 3349; x_wconf 92' lang='lat' dir='ltr'><strong>a</strong></span> <span class='ocrx_word' id='word_1_69' title='bbox 739 3275 856 3361; x_wconf 91' lang='lat' dir='ltr'><strong>nobis,</strong></span> <span class='ocrx_word' id='word_1_70' title='bbox 881 3276 1042 3363; x_wconf 90' lang='lat' dir='ltr'><strong>Domine,</strong></span> <span class='ocrx_word' id='word_1_71' title='bbox 1068 3273 1202 3346; x_wconf 89' lang='lat' dir='ltr'><strong>vinculo</strong></span> <span class='ocrx_word' id='word_1_72' title='bbox 1230 3277 1377 3347; x_wconf 87' lang='lat' dir='ltr'><strong>caritatis</strong></span> <span class='ocrx_word' id='word_1_73' title='bbox 1404 3284 1480 3345; x_wconf 89' lang='lat' dir='ltr'><strong>tuae</strong></span> <span class='ocrx_word' id='word_1_74' title='bbox 1506 3274 1664 3346; x_wconf 88' lang='lat' dir='ltr'><strong>confirma</strong></span> <span class='ocrx_word' id='word_1_75' title='bbox 1689 3296 1766 3363; x_wconf 93' lang='lat' dir='ltr'><strong>nos,</strong></span> <span class='ocrx_word' id='word_1_76' title='bbox 1793 3282 1827 3345; x_wconf 88' lang='lat' dir='ltr'><strong>et</strong></span> <span class='ocrx_word' id='word_1_77' title='bbox 1853 3271 1961 3345; x_wconf 86' lang='lat' dir='ltr'><strong>bene-</strong></span> 
     </span>
     <span class='ocr_line' id='line_1_14' title="bbox 596 3386 1962 3484; baseline -0.004 -20"><span class='ocrx_word' id='word_1_78' title='bbox 596 3393 758 3465; x_wconf 89' lang='lat' dir='ltr'><strong>dictiones</strong></span> <span class='ocrx_word' id='word_1_79' title='bbox 786 3388 1009 3479; x_wconf 86' lang='lat' dir='ltr'><strong>abundantes,</strong></span> <span class='ocrx_word' id='word_1_80' title='bbox 1036 3386 1134 3461; x_wconf 93' lang='lat' dir='ltr'><strong>nobis</strong></span> <span class='ocrx_word' id='word_1_81' title='bbox 1162 3399 1196 3461; x_wconf 88' lang='lat' dir='ltr'><strong>ct</strong></span> <span class='ocrx_word' id='word_1_82' title='bbox 1220 3389 1282 3463; x_wconf 91' lang='lat' dir='ltr'><strong>illis</strong></span> <span class='ocrx_word' id='word_1_83' title='bbox 1311 3393 1366 3484; x_wconf 85' lang='lat' dir='ltr'><strong>qui</strong></span> <span class='ocrx_word' id='word_1_84' title='bbox 1392 3411 1505 3461; x_wconf 88' lang='lat' dir='ltr'><strong>coram</strong></span> <span class='ocrx_word' id='word_1_85' title='bbox 1531 3400 1564 3461; x_wconf 88' lang='lat' dir='ltr'><strong>te</strong></span> <span class='ocrx_word' id='word_1_86' title='bbox 1589 3389 1734 3462; x_wconf 90' lang='lat' dir='ltr'><strong>inclinati</strong></span> <span class='ocrx_word' id='word_1_87' title='bbox 1761 3399 1838 3463; x_wconf 93' lang='lat' dir='ltr'><strong>suut</strong></span> <span class='ocrx_word' id='word_1_88' title='bbox 1862 3392 1962 3476; x_wconf 84' lang='lat' dir='ltr'><strong>mitte,</strong></span> 
     </span>
     <span class='ocr_line' id='line_1_15' title="bbox 594 3504 1987 3601; baseline -0.001 -22"><span class='ocrx_word' id='word_1_89' title='bbox 594 3518 630 3579; x_wconf 91' lang='lat' dir='ltr'><strong>ut</strong></span> <span class='ocrx_word' id='word_1_90' title='bbox 656 3507 834 3580; x_wconf 85' lang='lat' dir='ltr'><strong>efficiamur</strong></span> <span class='ocrx_word' id='word_1_91' title='bbox 861 3505 1057 3578; x_wconf 80' lang='lat' dir='ltr'><strong>adoratores</strong></span> <span class='ocrx_word' id='word_1_92' title='bbox 1083 3509 1165 3576; x_wconf 51' lang='lat' dir='ltr'><strong>veri¹</strong></span> <span class='ocrx_word' id='word_1_93' title='bbox 1185 3515 1218 3577; x_wconf 91' lang='lat' dir='ltr'><strong>et</strong></span> <span class='ocrx_word' id='word_1_94' title='bbox 1243 3507 1422 3601; x_wconf 87' lang='lat' dir='ltr'><strong>participes</strong></span> <span class='ocrx_word' id='word_1_95' title='bbox 1449 3504 1613 3577; x_wconf 91' lang='lat' dir='ltr'><strong>bonorum</strong></span> <span class='ocrx_word' id='word_1_96' title='bbox 1643 3507 1773 3578; x_wconf 89' lang='lat' dir='ltr'><strong>tuorum</strong></span> <span class='ocrx_word' id='word_1_97' title='bbox 1801 3515 1957 3577; x_wconf 87' lang='lat' dir='ltr'><strong>aeterno·</strong></span> <span class='ocrx_word' id='word_1_98' title='bbox 1984 3513 1987 3516; x_wconf 87' lang='grc'>’</span> 
     </span>
     <span class='ocr_line' id='line_1_16' title="bbox 595 3618 1327 3716; baseline -0.005 -22"><span class='ocrx_word' id='word_1_99' title='bbox 595 3645 687 3713; x_wconf 89' lang='lat' dir='ltr'><strong>rum,</strong></span> <span class='ocrx_word' id='word_1_100' title='bbox 713 3620 965 3716; x_wconf 84' lang='lat' dir='ltr'><strong>referemusque</strong></span> <span class='ocrx_word' id='word_1_101' title='bbox 991 3619 1050 3693; x_wconf 85' lang='lat' dir='ltr'><strong>tibi</strong></span> <span class='ocrx_word' id='word_1_102' title='bbox 1077 3618 1237 3712; x_wconf 86' lang='lat' dir='ltr'><strong>gloriam,</strong></span> <span class='ocrx_word' id='word_1_103' title='bbox 1264 3629 1327 3691; x_wconf 87' lang='lat' dir='ltr'><strong>etc.</strong></span> 
     </span>
    </p>

    <p class='ocr_par' dir='ltr' id='par_1_9' title="bbox 699 3737 1033 3832">
     <span class='ocr_line' id='line_1_17' title="bbox 699 3737 1033 3832; baseline 0 -25"><span class='ocrx_word' id='word_1_104' title='bbox 699 3737 860 3832; x_wconf 78' lang='lat' dir='ltr'><strong>Populos.</strong></span> <span class='ocrx_word' id='word_1_105' title='bbox 913 3737 1033 3809; x_wconf 87' lang='lat' dir='ltr'><strong>Amen.</strong></span> 
     </span>
    </p>

    <p class='ocr_par' dir='ltr' id='par_1_10' title="bbox 594 3849 1962 4505">
     <span class='ocr_line' id='line_1_18' title="bbox 698 3849 1961 3956; baseline -0.002 -31"><span class='ocrx_word' id='word_1_106' title='bbox 698 3854 882 3925; x_wconf 82' lang='lat' dir='ltr'><strong>Sacerdos.</strong></span> <span class='ocrx_word' id='word_1_107' title='bbox 935 3853 988 3924; x_wconf 85' lang='lat' dir='ltr'><strong>Tu</strong></span> <span class='ocrx_word' id='word_1_108' title='bbox 1015 3875 1053 3924; x_wconf 89' lang='lat' dir='ltr'><strong>es</strong></span> <span class='ocrx_word' id='word_1_109' title='bbox 1080 3852 1253 3924; x_wconf 88' lang='lat' dir='ltr'><strong>thesaurus</strong></span> <span class='ocrx_word' id='word_1_110' title='bbox 1281 3852 1489 3956; x_wconf 85' lang='lat' dir='ltr'><strong>auxiliorum,</strong></span> <span class='ocrx_word' id='word_1_111' title='bbox 1517 3863 1551 3924; x_wconf 90' lang='lat' dir='ltr'><strong>et</strong></span> <span class='ocrx_word' id='word_1_112' title='bbox 1576 3850 1653 3925; x_wconf 87' lang='lat' dir='ltr'><strong>lons</strong></span> <span class='ocrx_word' id='word_1_113' title='bbox 1680 3849 1858 3941; x_wconf 91' lang='lat' dir='ltr'><strong>bonorum,</strong></span> <span class='ocrx_word' id='word_1_114' title='bbox 1884 3852 1961 3923; x_wconf 94' lang='lat' dir='ltr'><strong>Do-</strong></span> 
     </span>
     <span class='ocr_line' id='line_1_19' title="bbox 595 3965 1962 4065; baseline -0.004 -24"><span class='ocrx_word' id='word_1_115' title='bbox 595 3974 696 4042; x_wconf 88' lang='lat' dir='ltr'><strong>mine:</strong></span> <span class='ocrx_word' id='word_1_116' title='bbox 722 3992 786 4043; x_wconf 94' lang='lat' dir='ltr'><strong>nos</strong></span> <span class='ocrx_word' id='word_1_117' title='bbox 812 3973 913 4061; x_wconf 88' lang='lat' dir='ltr'><strong>igitur</strong></span> <span class='ocrx_word' id='word_1_118' title='bbox 945 3970 999 4063; x_wconf 89' lang='lat' dir='ltr'><strong>qui</strong></span> <span class='ocrx_word' id='word_1_119' title='bbox 1030 3978 1182 4059; x_wconf 83' lang='lat' dir='ltr'><strong>egestate</strong></span> <span class='ocrx_word' id='word_1_120' title='bbox 1213 3979 1247 4040; x_wconf 91' lang='lat' dir='ltr'><strong>et</strong></span> <span class='ocrx_word' id='word_1_121' title='bbox 1278 3978 1473 4065; x_wconf 87' lang='lat' dir='ltr'><strong>paupertate</strong></span> <span class='ocrx_word' id='word_1_122' title='bbox 1505 3967 1714 4055; x_wconf 86' lang='lat' dir='ltr'><strong>laboramus,</strong></span> <span class='ocrx_word' id='word_1_123' title='bbox 1751 3966 1874 4040; x_wconf 85' lang='lat' dir='ltr'><strong>divites</strong></span> <span class='ocrx_word' id='word_1_124' title='bbox 1912 3965 1962 4037; x_wconf 85' lang='lat' dir='ltr'><strong>iac</strong></span> 
     </span>
     <span class='ocr_line' id='line_1_20' title="bbox 596 4080 1961 4182; baseline -0.002 -27"><span class='ocrx_word' id='word_1_125' title='bbox 596 4085 716 4157; x_wconf 89' lang='lat' dir='ltr'><strong>divitiis</strong></span> <span class='ocrx_word' id='word_1_126' title='bbox 743 4082 1130 4182; x_wconf 72' lang='lat' dir='ltr'><strong>incomprehensibilibus</strong></span> <span class='ocrx_word' id='word_1_127' title='bbox 1166 4084 1327 4155; x_wconf 92' lang='lat' dir='ltr'><strong>donorum</strong></span> <span class='ocrx_word' id='word_1_128' title='bbox 1363 4094 1492 4157; x_wconf 81' lang='lat' dir='ltr'><strong>urorum</strong></span> <span class='ocrx_word' id='word_1_129' title='bbox 1532 4083 1733 4156; x_wconf 90' lang='lat' dir='ltr'><strong>divinorum:</strong></span> <span class='ocrx_word' id='word_1_130' title='bbox 1773 4092 1808 4154; x_wconf 92' lang='lat' dir='ltr'><strong>et</strong></span> <span class='ocrx_word' id='word_1_131' title='bbox 1840 4080 1961 4179; x_wconf 85' lang='lat' dir='ltr'><strong>perfice</strong></span> 
     </span>
     <span class='ocr_line' id='line_1_21' title="bbox 595 4199 1959 4296; baseline -0.001 -26"><span class='ocrx_word' id='word_1_132' title='bbox 595 4222 658 4272; x_wconf 91' lang='lat' dir='ltr'><strong>nos</strong></span> <span class='ocrx_word' id='word_1_133' title='bbox 694 4203 727 4270; x_wconf 89' lang='lat' dir='ltr'><strong>in</strong></span> <span class='ocrx_word' id='word_1_134' title='bbox 760 4200 917 4296; x_wconf 92' lang='lat' dir='ltr'><strong>populum</strong></span> <span class='ocrx_word' id='word_1_135' title='bbox 951 4210 1116 4286; x_wconf 89' lang='lat' dir='ltr'><strong>sanctum,</strong></span> <span class='ocrx_word' id='word_1_136' title='bbox 1153 4209 1186 4270; x_wconf 90' lang='lat' dir='ltr'><strong>et</strong></span> <span class='ocrx_word' id='word_1_137' title='bbox 1224 4205 1521 4292; x_wconf 86' lang='lat' dir='ltr'><strong>congregationem</strong></span> <span class='ocrx_word' id='word_1_138' title='bbox 1555 4199 1734 4289; x_wconf 88' lang='lat' dir='ltr'><strong>salvatam,</strong></span> <span class='ocrx_word' id='word_1_139' title='bbox 1773 4221 1859 4292; x_wconf 87' lang='lat' dir='ltr'><strong>quae</strong></span> <span class='ocrx_word' id='word_1_140' title='bbox 1898 4220 1959 4268; x_wconf 88' lang='lat' dir='ltr'><strong>an-</strong></span> 
     </span>
     <span class='ocr_line' id='line_1_22' title="bbox 594 4313 1957 4411; baseline -0.001 -25"><span class='ocrx_word' id='word_1_141' title='bbox 594 4319 728 4388; x_wconf 91' lang='lat' dir='ltr'><strong>nunciet</strong></span> <span class='ocrx_word' id='word_1_142' title='bbox 759 4315 874 4387; x_wconf 87' lang='lat' dir='ltr'><strong>laudes</strong></span> <span class='ocrx_word' id='word_1_143' title='bbox 911 4325 1003 4403; x_wconf 78' lang='lat' dir='ltr'><strong>taras,</strong></span> <span class='ocrx_word' id='word_1_144' title='bbox 1039 4317 1131 4388; x_wconf 90' lang='lat' dir='ltr'><strong>Deus</strong></span> <span class='ocrx_word' id='word_1_145' title='bbox 1158 4316 1277 4404; x_wconf 90' lang='lat' dir='ltr'><strong>Pater,</strong></span> <span class='ocrx_word' id='word_1_146' title='bbox 1314 4327 1348 4387; x_wconf 89' lang='lat' dir='ltr'><strong>et</strong></span> <span class='ocrx_word' id='word_1_147' title='bbox 1384 4313 1542 4407; x_wconf 87' lang='lat' dir='ltr'><strong>unigeniti</strong></span> <span class='ocrx_word' id='word_1_148' title='bbox 1568 4315 1642 4387; x_wconf 83' lang='lat' dir='ltr'><strong>Filii</strong></span> <span class='ocrx_word' id='word_1_149' title='bbox 1668 4318 1732 4405; x_wconf 92' lang='lat' dir='ltr'><strong>tui,</strong></span> <span class='ocrx_word' id='word_1_150' title='bbox 1760 4326 1793 4387; x_wconf 84' lang='lat' dir='ltr'><strong>et</strong></span> <span class='ocrx_word' id='word_1_151' title='bbox 1820 4314 1957 4411; x_wconf 84' lang='lat' dir='ltr'><strong>Spiritus</strong></span> 
     </span>
     <span class='ocr_line' id='line_1_23' title="bbox 594 4434 747 4505; baseline -0.026 0"><span class='ocrx_word' id='word_1_152' title='bbox 594 4436 640 4505; x_wconf 90' lang='lat' dir='ltr'><strong>tui</strong></span> <span class='ocrx_word' id='word_1_153' title='bbox 665 4434 747 4503; x_wconf 89' lang='lat' dir='ltr'><strong>vivi.</strong></span> 
     </span>
    </p>

    <p class='ocr_par' dir='ltr' id='par_1_11' title="bbox 696 4547 1178 4642">
     <span class='ocr_line' id='line_1_24' title="bbox 696 4547 1178 4642; baseline -0.004 -23"><span class='ocrx_word' id='word_1_154' title='bbox 696 4549 884 4619; x_wconf 83' lang='lat' dir='ltr'><strong>Diaconos.</strong></span> <span class='ocrx_word' id='word_1_155' title='bbox 936 4547 1023 4618; x_wconf 89' lang='lat' dir='ltr'><strong>Date</strong></span> <span class='ocrx_word' id='word_1_156' title='bbox 1049 4569 1178 4642; x_wconf 87' lang='lat' dir='ltr'><strong>paoem.</strong></span> 
     </span>
    </p>

    <p class='ocr_par' dir='ltr' id='par_1_12' title="bbox 556 4647 1432 5331">
     <span class='ocr_line' id='line_1_25' title="bbox 556 4647 1301 4735; baseline -0.001 -2"><span class='ocrx_word' id='word_1_157' title='bbox 556 4647 562 4658; x_wconf 64' lang='grc'><strong>’</strong></span> <span class='ocrx_word' id='word_1_158' title='bbox 697 4662 880 4735; x_wconf 82' lang='lat' dir='ltr'><strong>Sacerdos.</strong></span> <span class='ocrx_word' id='word_1_159' title='bbox 935 4660 1066 4733; x_wconf 86' lang='lat' dir='ltr'><strong>Caritas</strong></span> <span class='ocrx_word' id='word_1_160' title='bbox 1093 4664 1157 4733; x_wconf 86' lang='lat' dir='ltr'><strong>Dei</strong></span> <span class='ocrx_word' id='word_1_161' title='bbox 1184 4661 1301 4734; x_wconf 87' lang='lat' dir='ltr'><strong>Patris.</strong></span> 
     </span>
     <span class='ocr_line' id='line_1_26' title="bbox 699 4777 1432 4873; baseline -0.003 -25"><span class='ocrx_word' id='word_1_162' title='bbox 699 4778 861 4873; x_wconf 78' lang='lat' dir='ltr'><strong>Populus.</strong></span> <span class='ocrx_word' id='word_1_163' title='bbox 914 4777 1032 4848; x_wconf 88' lang='lat' dir='ltr'><strong>Amen.</strong></span> <span class='ocrx_word' id='word_1_164' title='bbox 1082 4777 1333 4848; x_wconf 85' lang='lat' dir='ltr'><strong>Misericordiae</strong></span> <span class='ocrx_word' id='word_1_165' title='bbox 1360 4778 1432 4847; x_wconf 85' lang='lat' dir='ltr'><strong>Dei.</strong></span> 
     </span>
     <span class='ocr_line' id='line_1_27' title="bbox 699 4892 1215 4965; baseline -0.006 -1"><span class='ocrx_word' id='word_1_166' title='bbox 699 4894 883 4965; x_wconf 78' lang='lat' dir='ltr'><strong>Sacerdos.</strong></span> <span class='ocrx_word' id='word_1_167' title='bbox 938 4892 1076 4963; x_wconf 84' lang='lat' dir='ltr'><strong>Sursum</strong></span> <span class='ocrx_word' id='word_1_168' title='bbox 1104 4892 1215 4963; x_wconf 88' lang='lat' dir='ltr'><strong>corda.</strong></span> 
     </span>
     <span class='ocr_line' id='line_1_28' title="bbox 698 5005 1364 5101; baseline -0.003 -24"><span class='ocrx_word' id='word_1_169' title='bbox 698 5008 860 5101; x_wconf 75' lang='lat' dir='ltr'><strong>Populus.</strong></span> <span class='ocrx_word' id='word_1_170' title='bbox 913 5005 1081 5078; x_wconf 89' lang='lat' dir='ltr'><strong>Habemus</strong></span> <span class='ocrx_word' id='word_1_171' title='bbox 1109 5005 1151 5077; x_wconf 88' lang='lat' dir='ltr'><strong>ad</strong></span> <span class='ocrx_word' id='word_1_172' title='bbox 1177 5006 1364 5077; x_wconf 90' lang='lat' dir='ltr'><strong>Dominum.</strong></span> 
     </span>
     <span class='ocr_line' id='line_1_29' title="bbox 699 5121 1412 5213; baseline -0.004 -19"><span class='ocrx_word' id='word_1_173' title='bbox 699 5123 882 5197; x_wconf 83' lang='lat' dir='ltr'><strong>Sacerdos.</strong></span> <span class='ocrx_word' id='word_1_174' title='bbox 935 5121 1067 5194; x_wconf 89' lang='lat' dir='ltr'><strong>Gratias</strong></span> <span class='ocrx_word' id='word_1_175' title='bbox 1095 5143 1234 5213; x_wconf 86' lang='lat' dir='ltr'><strong>agamus</strong></span> <span class='ocrx_word' id='word_1_176' title='bbox 1260 5122 1412 5193; x_wconf 92' lang='lat' dir='ltr'><strong>Domino.</strong></span> 
     </span>
     <span class='ocr_line' id='line_1_30' title="bbox 702 5238 1350 5331; baseline -0.003 -22"><span class='ocrx_word' id='word_1_177' title='bbox 702 5238 862 5331; x_wconf 76' lang='lat' dir='ltr'><strong>Populos.</strong></span> <span class='ocrx_word' id='word_1_178' title='bbox 914 5239 1058 5330; x_wconf 85' lang='lat' dir='ltr'><strong>Dignum</strong></span> <span class='ocrx_word' id='word_1_179' title='bbox 1085 5247 1119 5308; x_wconf 86' lang='lat' dir='ltr'><strong>et</strong></span> <span class='ocrx_word' id='word_1_180' title='bbox 1141 5240 1264 5329; x_wconf 91' lang='lat' dir='ltr'><strong>justum</strong></span> <span class='ocrx_word' id='word_1_181' title='bbox 1291 5248 1350 5311; x_wconf 90' lang='lat' dir='ltr'><strong>est.</strong></span> 
     </span>
    </p>
   </div>
   <div class='ocr_carea' id='block_1_6' title="bbox 0 0 2584 6532">
    <p class='ocr_par' dir='ltr' id='par_1_13' title="bbox 0 0 2584 6532">
     <span class='ocr_line' id='line_1_31' title="bbox 0 0 2584 6532; baseline 0 0"><span class='ocrx_word' id='word_1_182' title='bbox 0 0 2584 6532; x_wconf 95' lang='lat' dir='ltr'><strong> </strong></span> 
     </span>
    </p>
   </div>
  </div>
 </body>
</html>
