5150 6534
1836 804 1914 882 453

543 1217 657 1350 ¹ml
697 1215 1079 1350 ranuncula
1120 1214 1438 1310 oronnam
1477 1215 1854 1313 illustrior

1137 1440 1315 1524 hulla.

1000 1720 1035 1790 1.
1075 1719 1237 1814 Dionysii
1262 1720 1452 1793 Borsuiibi.

536 1900 543 1907 ⁵
640 1906 873 1987 Caaaasaaians
900 1920 957 1985 luit
984 1924 1063 1986 inter
1089 1924 1183 2005 Syros
1204 1922 1357 1986 Jacobitas
1380 1921 1570 2007 Theologns:
1601 1923 1767 1988 vocabatur
1790 1943 1912 2008 qaoque

537 2022 692 2112 Jacobus,
715 2031 748 2087 ut
770 2023 925 2089 didicimus
948 2044 989 2089 ex
1011 2026 1124 2107 aliquot
1147 2024 1310 2089 codicibus
1332 2027 1545 2108 manuscriptis
1576 2028 1643 2109 ejus
1664 2045 1801 2109 operum.
1845 2030 1914 2093 luit

539 2119 734 2203 Metropolita
746 2121 884 2202 Amidae,
899 2123 1014 2187 veteris
1027 2131 1059 2188 et
1083 2123 1216 2187 famosae
1238 2126 1334 2201 urbis,
1357 2125 1395 2188 de
1418 2143 1477 2205 qua
1492 2124 1601 2188 Graeci
1624 2132 1655 2189 et
1668 2125 1765 2189 Latini
1779 2136 1914 2207 veteres,

535 2219 618 2284 sitae
640 2220 679 2284 ad
702 2221 829 2306 Tigrim
860 2241 938 2303 quae
961 2224 1182 2304 posterioribus
1203 2225 1333 2286 saeculis
1357 2222 1505 2303 Caramit,
1534 2224 1600 2286 sive
1627 2224 1827 2288 Mara-hmid
1856 2226 1915 2289 hoc

540 2325 590 2382 est
611 2319 705 2403 Nigra
728 2339 746 2384 a
768 2321 875 2385 l'urcis
898 2321 978 2385 dicta
1001 2331 1057 2387 est.
1102 2322 1148 2384 De
1177 2339 1213 2384 ea
1241 2321 1407 2402 Abulleda,
1442 2329 1473 2386 et
1502 2321 1552 2384 alii
1580 2320 1701 2386 Arabes
1731 2324 1915 2407 Geographi,

541 2419 593 2500 qui
615 2437 681 2482 eam
702 2419 886 2503 Metropolim
909 2438 979 2485 esse
1002 2420 1104 2483 dicunt
1126 2420 1304 2483 Provinciae
1325 2422 1423 2499 illius,
1451 2439 1530 2501 quae
1553 2419 1713 2484 Diarbekir
1735 2422 1915 2504 appellatur,

540 2523 717 2599 partemque
741 2519 853 2582 veteris
876 2519 1113 2600 Mesopotamiae
1136 2519 1279 2583 continet.
1316 2519 1362 2582 De
1384 2537 1422 2582 ea
1444 2520 1520 2582 urbc
1543 2519 1636 2582 multa
1659 2520 1778 2583 erudite
1794 2522 1916 2602 scripsit

541 2613 675 2680 Jacobus
688 2616 803 2708 'Gallus
825 2617 858 2679 in
879 2618 959 2681 notis
982 2618 1019 2680 ad
1031 2615 1236 2701 hliraganum.
1273 2616 1383 2699 Magna
1395 2618 1558 2699 Dionysius
1575 2619 1655 2681 inter
1666 2636 1740 2682 suos
1758 2620 1915 2684 doctrinae

541 2721 573 2777 et
592 2716 714 2796 pietatis
736 2713 813 2779 sama
836 2716 1079 2793 commendatur,
1108 2717 1219 2796 vixque
1249 2716 1328 2777 ullus
1351 2723 1398 2779 est
1419 2717 1498 2779 inter
1512 2717 1707 2797 ,posteriores
1731 2717 1916 2803 Theologos,

541 2813 629 2895 cujus
657 2815 829 2878 testimonia
856 2813 1047 2897 frequentius
1079 2822 1250 2879 occurrant.
1295 2815 1369 2877 Erat
1397 2833 1472 2878 sane
1501 2814 1552 2877 illa
1582 2815 1709 2897 dignus,
1741 2833 1803 2881 non
1824 2816 1916 2881 modo

542 2912 625 2993 qnod
646 2913 739 2976 malta
761 2914 929 2993 scripserit,
954 2931 1061 2977 verum
1084 2914 1173 2976 etiam
1195 2913 1276 2995 quod
1298 2914 1364 2995 ejus
1387 2916 1500 2994 scripta
1523 2931 1585 2977 non
1606 2913 1791 2979 mediocrem
1813 2933 1917 2980 rerum

541 3027 696 3075 sacrarum
719 3014 858 3094 peritiam
881 3012 1097 3091 demonstrent,
1120 3021 1183 3075 tum
1205 3014 1287 3094 quod
1309 3014 1339 3075 in
1361 3012 1491 3076 lectione
1513 3020 1687 3075 sanctorum
1703 3014 1822 3077 Patrum
1840 3033 1917 3077 ver·

541 3108 724 3174 satissimum
747 3129 817 3175 eum
839 3110 943 3190 inisse,
968 3119 1000 3174 et
1023 3111 1201 3192 disciplinae
1216 3111 1450 3174 Ecclesiasticae
1471 3112 1586 3174 veteris
1608 3113 1737 3192 peritum
1760 3131 1915 3196 agnosca-

541 3214 602 3271 tur.
637 3205 765 3292 Scripsit
787 3218 886 3273 antem
908 3210 1059 3292 prolixum
1076 3209 1328 3273 Commentarium
1350 3210 1380 3272 in
1404 3217 1533 3291 quatuor
1545 3209 1722 3293 Evangelia,
1746 3212 1832 3293 cujus
1856 3210 1915 3274 duo

540 3308 727 3390 'exemplaria
757 3318 861 3372 extant
889 3310 918 3371 in
946 3308 1130 3372 Bibliotheca
1161 3307 1346 3372 Colbertina.
1391 3309 1424 3370 ln
1453 3310 1529 3371 alios
1558 3325 1680 3389 qucum
1702 3308 1781 3372 Novi
1805 3309 1916 3372 Testa-

540 3409 635 3471 menti
663 3407 758 3470 libros
789 3415 1018 3470 commentatam
1047 3406 1118 3470 illud
1153 3406 1263 3486 luisse,
1301 3406 1431 3487 probant
1459 3408 1626 3470 testimonia
1656 3407 1743 3489 hujus
1774 3409 1917 3488 operisa

541 3503 694 3571 l’ococlrio
716 3507 819 3586 citata,
848 3508 880 3569 in
908 3508 987 3569 notis
1017 3508 1054 3570 ad
1077 3507 1231 3587 Epistolas
1254 3505 1426 3570 Catholicas
1449 3506 1574 3587 Syriaco
1598 3524 1615 3568 a
1637 3525 1672 3569 se
1695 3506 1800 3585 editas,
1825 3515 1856 3569 et
1878 3507 1915 3568 ab

542 3604 609 3670 aliis
631 3604 802 3669 autoribus:
824 3607 880 3669 sed
902 3606 952 3669 illa
975 3623 1068 3689 opera
1090 3622 1151 3669 non
1174 3605 1312 3670 vidimus.
1347 3605 1599 3670 commentarium
1622 3606 1650 3667 in
1665 3604 1829 3689 liturgiam
1853 3605 1916 3686 Sy-

540 3703 655 3768 riacam
676 3704 772 3768 sancti
792 3704 914 3784 Jacobi,
944 3722 1003 3785 quo
1027 3704 1203 3786 frequenter
1225 3706 1271 3767 usi
1295 3722 1413 3783 sumus,
1442 3722 1591 3785 quemque
1613 3704 1732 3787 lgnatio
1755 3703 1916 3785 Metropo-

540 3800 614 3866 litae
635 3801 909 3885 hierosolymitano
933 3803 1052 3867 direxit.
1097 3803 1270 3866 'l'ractatum
1298 3803 1336 3866 de
1359 3803 1559 3884 suscipiendis
1581 3802 1824 3883 poenitentibus,
1848 3820 1915 3865 cum

1960 2652 1988 2703 p.
2005 2634 2067 2686 233.
2086 2633 2147 2686 239.
2166 2642 2212 2690 elo.

543 3897 724 3965 collectione
747 3901 902 3966 Canopum
925 3902 1184 3966 Paenitentialium
1214 3904 1251 3965 ab
1274 3903 1433 3984 Episcopis
1456 3901 1711 3982 Mesopotamenis
1734 3903 1916 3965 constituto·
1984 3982 1987 3986 ι

541 4015 609 4062 ram
631 4018 672 4063 ex
693 4001 842 4063 communi
865 4002 1002 4078 consilio,
1024 4001 1054 4063 in
1077 4000 1185 4079 quibus
1207 4018 1302 4080 nova,
1326 4001 1505 4083 praesertim
1527 4002 1609 4062 circa
1631 4000 1915 4064 Ecclesiasticorum

542 4098 760 4180 poenitentiam
790 4098 947 4181 disciplina
979 4098 1204 4181 praescribitur.
1250 4100 1410 4166 Orationes
1446 4100 1545 4162 varias
1582 4101 1671 4162 etiam
1705 4099 1829 4183 collegit
1865 4109 1917 4163 aut

543 4198 713 4279 composuit
741 4216 835 4280 super
862 4200 1052 4280 poenitentes
1074 4198 1254 4260 recitandas.
1300 4198 1470 4260 Tractatum
1493 4197 1531 4260 de
1553 4198 1646 4260 variis
1669 4197 1825 4261 Ecclesiae
1848 4198 1916 4259 riti-

543 4295 617 4375 bus,
648 4296 685 4360 iis
708 4298 905 4378 praesertim,
936 4298 986 4379 qui
1008 4303 1146 4377 spectant
1169 4296 1206 4359 ad
1228 4296 1437 4359 Eucharistiae
1459 4296 1702 4360 celebrationem.
1747 4294 1825 4358 Citat
1846 4296 1916 4375 ipsa

525 4393 717 4460 ,Tractatum
740 4394 888 4458 adversus
910 4395 1077 4458 Armenes:
1101 4393 1190 4455 olium
1212 4394 1339 4457 vidimus
1363 4394 1508 4457 adversus
1530 4394 1741 4459 Nestorianos.
1785 4394 1917 4456 'l'racta-

542 4500 606 4555 tum
628 4491 666 4556 de
688 4493 777 4555 Feria
799 4494 835 4555 V.
859 4495 965 4576 majori
991 4495 1056 4555 sive
1088 4493 1125 4556 de
1154 4495 1338 4556 institutione
1367 4493 1594 4571 Eucharistiae,
1624 4502 1656 4557 et
1684 4493 1741 4555 alia
1769 4510 1847 4573 quae
1876 4492 1915 4554 ad

544 4589 649 4656 manus
671 4599 791 4655 nostras
825 4610 884 4655 non
916 4599 1132 4673 pervenerunt.
1177 4591 1210 4653 ln
1244 4592 1382 4655 omnibus
1412 4593 1496 4655 libris
1533 4591 1709 4675 frequenter
1741 4597 1915 4674 propugnat

542 4688 822 4771 Monophysitarum
845 4692 1017 4772 opinionem
1045 4689 1192 4752 adversus
1215 4689 1497 4772 Calchedonenses,
1528 4692 1568 4754 ita
1591 4694 1670 4756 enim
1692 4693 1804 4773 ubique
1826 4696 1915 4752 vocat

543 4787 748 4853 orthodoxos.
793 4790 981 4853 Existimavit
1009 4790 1138 4851 Faustus
1161 4788 1311 4853 Nalronus
1341 4790 1421 4854 illum
1445 4790 1610 4872 exprimis
1631 4790 1834 4855 Jacobitarum
1858 4787 1918 4849 do·

543 4885 691 4965 ctoribus,
714 4889 766 4968 qui
787 4888 877 4970 paulo
900 4897 971 4970 post
986 4887 1237 4953 calchedonense
1254 4889 1420 4953 Concilium
1442 4891 1619 4971 scripserint
1645 4889 1756 4953 luisse:
1778 4888 1834 4952 sed
1857 4886 1918 4949 lal-

543 4984 625 5050 litur.
669 4986 745 5049 Nam
775 4986 806 5049 in
834 4988 986 5069 Epistola,
1018 4985 1240 5050 Commentario
1271 4989 1302 5050 in
1331 4988 1497 5073 Liturgiam
1520 4990 1688 5069 praemissa
1709 4987 1747 5050 ad
1770 4985 1917 5069 Martium

543 5083 849 5167 hierosolymitanum
876 5085 1154 5166 Metropolitanum,
1182 5086 1287 5147 scribit
1313 5086 1394 5148 illum
1418 5105 1434 5150 a
1458 5106 1493 5150 se
1515 5087 1686 5168 postulasse
1708 5092 1740 5147 ut
1761 5088 1917 5163 interpre-

545 5183 688 5248 tationem
709 5184 865 5267 Liturgiae
887 5187 1033 5259 mitteret,
1056 5202 1097 5245 ex
1120 5183 1249 5263 antiquis
1272 5186 1445 5262 collectam,
1468 5194 1501 5248 ut
1523 5186 1649 5248 haberet
1671 5185 1742 5266 quid
1764 5184 1915 5257 Rumaeis,

531 5281 612 5344 ‘siva
638 5282 763 5346 Francis
791 5284 1003 5367 responderet.
1047 5281 1142 5363 lgitur
1172 5282 1282 5345 Franci
1312 5286 1417 5348 urbem
1444 5291 1579 5347 sanctam
1609 5283 1707 5347 adhuc
1729 5282 1915 5346 obtinebant.

1620 5384 1707 5462 60*
