5150 6534
894 840 943 914 ΙΝ
976 840 1235 918 LITURGIAS
1272 839 1677 917 nustdutlllouttll.
1895 845 1969 918 605

599 1030 649 1084 tnr
671 1042 782 1102 carptis
804 1033 940 1084 sanatam
962 1027 1107 1102 sanparine
1126 1027 1351 1103 propitiatorio,
1374 1033 1429 1088 etc.
1454 1024 1491 1085 Ut
1513 1033 1544 1086 et
1566 1026 1732 1106 sequentia.
1759 1026 1869 1088 Divisa
1892 1037 1970 1106 sant,

599 1124 800 1200 sanctificata,
823 1125 980 1202 completa,
1006 1123 1154 1201 perfecta,
1182 1126 1267 1184 atrita
1296 1130 1326 1184 et
1352 1125 1509 1185 commista
1537 1128 1680 1205 rnpsteria
1702 1127 1778 1186 baec
1797 1129 1971 1205 praeclara,

599 1229 717 1296 scitota,
740 1222 932 1300 vivificantia
959 1230 988 1282 et
1009 1222 1124 1296 diuina,
1146 1241 1236 1281 anam
1264 1242 1331 1282 marn
1353 1224 1459 1299 altero,
1485 1229 1538 1283 etc.
1583 1223 1627 1284 Ea
1656 1222 1750 1284 rerba
1784 1243 1844 1285 non
1875 1227 1971 1288 miuus

601 1337 687 1400 quam
711 1321 775 1399 ipse
799 1322 873 1382 ritus
896 1321 1088 1399 perspicuum
1111 1321 1265 1381 continent
1295 1320 1451 1382 doctrinae
1475 1320 1513 1381 de
1536 1322 1610 1383 reali
1633 1322 1804 1401 praeseutia
1828 1326 1970 1387 testimo·
2038 1340 2040 1344 ·

601 1421 692 1491 nium,
726 1436 792 1480 cum
822 1419 991 1500 significent
1020 1427 1088 1480 aute
1118 1421 1346 1498 perceptionem
1373 1421 1570 1497 sacramenti,
1606 1438 1712 1499 panem
1742 1438 1811 1482 esse
1844 1441 1966 1503 corpuS,

599 1520 699 1579 viuum
722 1520 897 1600 sanguinem
928 1519 1054 1592 Clrristi;
1084 1519 1248 1579 commistio
1278 1538 1333 1579 seu
1364 1520 1434 1580 unio
1463 1527 1622 1599 utrumque
1653 1521 1739 1580 unius
1775 1526 1805 1579 et
1835 1521 1970 1602 ejusdem

600 1618 737 1697 corporis
761 1636 831 1679 esse
854 1619 1040 1700 sanguinem,
1065 1618 1115 1697 qui
1139 1619 1167 1677 in
1185 1617 1279 1679 calice
1302 1620 1430 1679 seorsim
1454 1625 1511 1694 est,
1534 1626 1567 1678 ut
1590 1618 1766 1698 designetur
1789 1619 1867 1680 illius
1891 1619 1971 1681 ellu-

599 1718 656 1795 sio,
678 1734 736 1797 pro
759 1716 858 1778 salute
881 1716 1000 1778 burnani
1025 1717 1159 1796 generis.

973 1977 1032 2047 te.
1074 1977 1200 2069 Incipit
1226 1975 1402 2045 Sacerdos
1425 1982 1603 2070 srrtrtpere.

690 2166 782 2244 Haec
799 2179 905 2241 lractia
929 2199 945 2239 a
969 2180 1119 2259 superiori
1142 2179 1352 2260 distinguenda
1377 2188 1434 2255 est,
1458 2182 1592 2260 quamvis
1617 2199 1675 2242 uno
1700 2190 1805 2243 tenore
1830 2182 1889 2257 lrat,
1918 2202 1972 2244 re-

601 2284 697 2344 citatis
721 2285 835 2345 interea
859 2285 1056 2358 orationibus,
1080 2302 1156 2362 (rarae
1180 2284 1262 2362 prius
1286 2285 1493 2363 praescriptae
1511 2291 1590 2347 sunt.
1615 2284 1698 2344 Prior
1713 2302 1778 2344 eam
1793 2284 1970 2347 fractionem

600 2383 766 2464 signilieat,
799 2402 857 2462 qua
889 2384 984 2444 hostia
1014 2382 1154 2442 dividitur
1177 2383 1205 2442 in
1230 2390 1333 2460 partes
1356 2382 1448 2460 (luas,
1479 2389 1529 2443 aut
1551 2383 1672 2462 plures,
1704 2391 1734 2444 ct
1765 2402 1889 2463 quarum
1912 2405 1969 2447 una

600 2482 746 2561 particula
769 2483 923 2557 eximitur,
949 2501 1025 2561 qliae
1049 2481 1135 2542 calici
1158 2482 1338 2542 immittatur.
1383 2482 1490 2543 Altera
1513 2480 1589 2544 baec
1613 2482 1736 2558 fractio,
1767 2492 1815 2544 est
1837 2485 1972 2564 ejusdem

600 2580 715 2642 hostiae
737 2582 766 2640 in
790 2582 920 2641 minores
943 2580 1105 2660 particulas
1129 2580 1166 2639 ad
1189 2579 1424 2642 distribuendam
1446 2582 1691 2645 communionem.
1722 2582 1878 2654 Quomodo
1896 2603 1971 2645 vero

601 2679 804 2754 distribuatur,
828 2680 1076 2740 exllubricarum
1099 2678 1220 2740 delectu
1243 2687 1327 2740 certo
1351 2680 1477 2740 definire
1499 2697 1560 2740 uon
1582 2698 1753 2760 possumus.
1786 2681 1860 2742 Cum
1874 2690 1970 2741 tornea

602 2780 765 2840 eonnnunis
789 2778 982 2840 Orientalium
1013 2780 1141 2840 omnium
1172 2779 1359 2839 consuetudo
1389 2780 1443 2855 sit,
1475 2797 1562 2858 quam
1586 2799 1603 2840 a
1627 2780 1751 2840 Graecis
1775 2789 1971 2860 aeceperunt,

600 2887 632 2940 ut
648 2877 860 2941 Sacerdotibus
884 2887 913 2938 et
936 2878 1077 2939 Diaconis
1107 2878 1185 2938 calix
1215 2877 1414 2956 praebeatur,
1446 2895 1507 2939 non
1529 2879 1644 2956 Laicis,
1668 2881 1718 2959 qui
1741 2880 1890 2940 intinctam
1915 2899 1972 2941 co-

601 2978 715 3039 chleari
730 2977 905 3057 particulam
930 2979 1090 3057 accipiunt,
1113 2977 1191 3037 idem
1215 2977 1429 3038 aNestorianis
1454 2977 1610 3039 observari
1633 2978 1796 3040 verisimile
1821 2987 1879 3040 est:
1904 2999 1971 3040 uam

601 3078 656 3139 sub
680 3085 806 3156 utraque
830 3078 944 3155 specie,
969 3077 1023 3137 sed
1046 3075 1103 3137 lroc
1126 3075 1214 3137 modo
1239 3078 1466 3140 communicant.
1503 3077 1625 3139 Certum
1642 3079 1718 3139 enim
1735 3085 1765 3138 et
1780 3079 1970 3156 exploratum

602 3185 648 3237 est
672 3195 688 3234 a
711 3177 808 3236 mullis
831 3175 972 3253 saeculis,
995 3175 1105 3236 nullam
1128 3194 1198 3236 esse
1221 3185 1271 3235 aut
1294 3174 1388 3236 luisse
1410 3175 1440 3235 iu
1456 3175 1579 3236 Oriente
1592 3176 1758 3238 Ecclesiam
1772 3177 1801 3236 in
1819 3195 1875 3256 qua
1892 3179 1971 3239 calin

600 3276 698 3336 Laicis
729 3275 944 3355 praeberetur,
975 3275 1100 3354 ejusque
1123 3293 1194 3335 usus
1219 3275 1311 3354 longe
1335 3275 1444 3335 diutius
1468 3275 1497 3335 iu
1521 3275 1685 3336 Occidente
1708 3278 1821 3355 viguit,
1851 3285 1883 3336 ut
1909 3278 1971 3356 jam

601 3374 710 3436 dudum
742 3394 758 3435 a
787 3374 882 3434 doctis
913 3373 1077 3454 Tlreologis
1108 3374 1300 3450 observatum
1330 3382 1386 3436 est.
1431 3374 1476 3434 lta
1499 3373 1610 3434 uullum
1632 3373 1742 3435 habent
1764 3375 1970 3437 Protestantes

601 3475 631 3535 in
654 3475 902 3535 Nestoriauorum
926 3473 1082 3552 disciplina
1105 3473 1296 3552 praesidium.

689 3573 922 3634 Observabimus
946 3571 1063 3633 tandem
1087 3575 1117 3633 iu
1139 3573 1233 3651 prima
1263 3570 1423 3646 fractione,
1453 3570 1550 3631 Ritum
1579 3572 1766 3633 Nestorianis
1794 3574 1967 3652 proprium:

599 3691 708 3752 nempe
723 3671 917 3732 Sacerdotem
941 3689 1007 3732 cum
1029 3674 1129 3753 signat
1151 3672 1326 3752 particulam
1351 3672 1479 3749 quaein
1503 3669 1586 3731 disco
1609 3678 1666 3747 est,
1691 3670 1784 3732 altera
1808 3690 1895 3751 cluam
1919 3674 1970 3733 in-

601 3773 687 3832 tinxit
709 3773 738 3830 in
762 3770 871 3846 calice,
905 3771 1060 3844 levemiu
1089 3772 1182 3850 prima
1212 3771 1351 3831 lissuram
1373 3789 1475 3850 ungue
1498 3769 1616 3849 pollicis
1640 3770 1759 3847 lacere,
1789 3778 1822 3831 ut
1843 3774 1968 3852 sanguis

601 3888 712 3949 eorpus
735 3876 887 3948 penetret.
933 3870 978 3930 lle
1001 3869 1050 3929 illo
1075 3873 1227 3932 Censores
1250 3870 1484 3950 Diampereuses
1513 3871 1554 3929 ita
1577 3870 1855 3948 pronuntiaverunt.
1895 3870 1969 3932 Cana

600 3972 632 4031 in
654 3970 792 4050 Syriacis
819 3969 907 4028 istins
933 3969 1135 4047 Episcopatus
1157 3969 1330 4030 lllissalibas
1354 3970 1547 4046 praescripta
1567 3971 1737 4046 reperiatur
1759 3970 1852 4047 impia
1874 3990 1971 4049 qliae-

602 4070 672 4129 darn
696 4076 724 4129 ct
746 4069 897 4145 saerilepa
919 4071 1120 4143 caeremonia,
1142 4071 1174 4128 in
1195 4087 1255 4148 qua
1276 4070 1431 4128 sacerdoti
1448 4068 1645 4145 praecipitur,
1668 4075 1701 4128 at
1718 4076 1877 4146 postquam
1890 4088 1970 4146 par-

602 4169 733 4242 ticalanr,
746 4185 835 4246 arram
848 4167 959 4226 dextra
969 4186 1060 4226 naaria
1071 4175 1157 4242 tenet,
1180 4169 1302 4227 intinxit
1314 4169 1511 4245 insanpaine,
1534 4166 1691 4244 hostiaque
1713 4168 1744 4226 in
1767 4168 1846 4227 dna-s
1865 4176 1971 4245 partes

603 4269 720 4341 dr'oisa,
743 4286 801 4345 qao
824 4274 956 4344 ternpore
978 4267 1094 4344 sr'pnmn
1117 4268 1216 4326 erneis
1235 4265 1349 4343 [omrai
1370 4286 1437 4325 curn
1454 4265 1608 4343 partienda
1630 4266 1755 4326 intincta
1777 4284 1869 4344 saper
1892 4267 1971 4326 altc-

601 4385 683 4441 ranr,
712 4366 858 4425 sacerdos
885 4385 981 4443 artprre
1005 4367 1124 4444 pollicis
1151 4366 1254 4425 dextri
1281 4365 1409 4425 alteram
1438 4382 1517 4443 qnae
1543 4365 1575 4423 in
1601 4363 1687 4424 disca
1715 4371 1760 4423 est
1780 4365 1840 4424 leci
1859 4366 1971 4443 fissura

603 4468 738 4543 aperiat:
768 4465 883 4524 scilicet
911 4483 969 4542 qao
999 4466 1160 4524 secandam
1190 4463 1355 4524 absurdam
1385 4465 1553 4541 opinionem
1581 4481 1685 4537 marn,
1716 4464 1840 4540 sarranis
1862 4483 1971 4541 carpam

597 4571 744 4642 penetret,
769 4571 797 4623 et
818 4564 862 4623 ita
885 4566 1010 4642 sanpnis
1032 4564 1154 4640 corpori
1175 4564 1390 4639 canjanpatar:
1413 4581 1490 4640 qaae
1512 4562 1613 4639 opinio
1629 4561 1671 4621 ad
1684 4561 1825 4620 ltaeresin
1838 4560 1973 4622 Nestorii

601 4670 630 4722 et
652 4665 715 4740 apris
737 4664 908 4740 scarraciarn
931 4664 1108 4722 relationem
1130 4661 1226 4722 babet.
1272 4660 1367 4739 impie
1388 4662 1417 4720 si
1442 4661 1560 4740 quidem
1589 4657 1757 4738 affirmant,
1787 4659 1842 4719 snb
1871 4664 1971 4739 specie

596 4763 689 4839 panis
702 4779 767 4820 esse
779 4761 874 4820 solunt
887 4780 998 4839 corpas
1010 4759 1123 4821 Cleristi
1135 4760 1247 4839 absque
1263 4761 1410 4838 sanquine
1415 4781 1428 4832 ;
1452 4769 1481 4820 et
1501 4759 1556 4819 snb
1578 4760 1678 4837 sprecie
1699 4758 1772 4832 cini,
1795 4763 1970 4837 sartpninern

600 4861 665 4920 sirie
688 4878 822 4936 conpare.
869 4859 987 4921 idcirco
1010 4861 1136 4920 marrdat
1156 4866 1264 4920 carecta
1286 4859 1419 4938 sprodas
1439 4860 1471 4918 in
1493 4860 1603 4918 virtute
1625 4863 1750 4916 sanctae
1772 4855 1969 4932 obedientiae,

601 4965 631 5018 et
651 4958 705 5018 sub
725 4976 825 5035 paena
848 4960 1166 5019 excommonicationis
1193 4959 1259 5036 ipsa
1283 4958 1369 5035 facto
1391 4957 1608 5029 incurrendae,
1636 4962 1670 5015 at
1695 4955 1792 5015 trullas
1815 4954 1970 5032 Capanar,

600 5061 666 5120 siae
687 5059 843 5132 sacerdos,
866 5059 954 5118 talern
978 5058 1197 5118 caeremoniam
1218 5056 1385 5118 observare
1406 5057 1528 5130 audeat,
1550 5061 1638 5133 atque
1660 5054 1713 5113 illa
1734 5074 1775 5113 ea
1796 5054 1970 5114 dlissalibns

601 5158 751 5218 deleatur:
775 5173 809 5217 ea
832 5158 912 5235 qnod
933 5159 1038 5218 innuat
1059 5158 1147 5217 talem
1169 5156 1322 5229 haeresin,
1345 5163 1375 5216 et
1391 5163 1552 5233 praeterea
1565 5154 1716 5213 inscitiam
1729 5155 1867 5228 coatinet,
1890 5154 1970 5233 arcad

601 5258 771 5317 existiment
800 5275 820 5316 a
850 5256 1007 5333 speciebus
1031 5256 1265 5333 penetrationem
1294 5273 1361 5315 esse
1389 5256 1433 5315 ad
1461 5270 1570 5331 carpus
1598 5260 1628 5312 et
1648 5254 1823 5330 sartpainern
1846 5251 1968 5312 Citristi.

601 5354 683 5417 llaec
706 5356 747 5416 illi
769 5372 878 5418 severe
901 5363 933 5416 et
955 5353 1151 5417 confidenter.
1195 5353 1347 5415 Fissuram
1370 5353 1400 5414 in
1421 5350 1568 5434 particula
1590 5350 1671 5430 lieri,
1695 5360 1743 5426 ut,
1771 5350 1852 5431 quod
1874 5350 1966 5431 vulgo

1685 5453 1765 5528 79*
