5150 6534
331 1877 361 1930 P.
378 1877 422 1929 38.
440 1876 457 1928 l.
475 1877 500 1927 δ.

620 812 695 889 108
1006 811 1626 892 osssanvnttottns

618 1004 700 1061 tasse
722 997 809 1078 plura
831 1015 850 1060 a
872 995 997 1060 Graecis
1019 996 1193 1080 exigebant,
1217 1014 1306 1077 quam
1326 996 1397 1061 tidei
1408 997 1516 1080 regula
1528 996 1764 1079 praescriberet,
1785 998 1999 1084 disputarent:

616 1097 667 1160 isti
689 1115 764 1160 vero
787 1096 856 1159 dum
880 1096 1026 1160 incautius
1042 1095 1269 1160 accusatoribus
1284 1097 1347 1160 suis
1362 1097 1516 1176 resistunt,
1540 1097 1620 1159 ultra
1641 1095 1722 1160 itlius
1743 1099 1891 1164 terminos
1913 1118 1999 1183 pro-

618 1195 720 1277 gressi
741 1196 771 1258 in
793 1196 895 1258 varios
919 1213 1041 1259 errores
1063 1184 1263 1277 impegerunt,
1285 1204 1319 1258 ut
1334 1196 1475 1277 superius
1490 1195 1650 1277 probatum
1660 1204 1719 1276 est,
1741 1196 1998 1282 disciplinamque

618 1303 835 1376 corruperunt,
870 1295 940 1358 dum
977 1296 1144 1358 orationum
1175 1303 1206 1358 et
1241 1294 1459 1358 sacrificiorum
1492 1294 1638 1379 suffragia
1671 1294 1709 1358 ad
1746 1298 1996 1379 impoenitentes,

617 1380 763 1473 ipsosque
786 1393 922 1456 infideles
951 1393 1162 1457 extenderunt.
1211 1395 1295 1457 llaec
1325 1412 1400 1458 vero
1429 1396 1529 1458 omtria
1556 1413 1624 1458 cum
1646 1394 1819 1460 Orientales
1845 1397 1997 1480 ignorent

619 1501 811 1573 veteremque
835 1492 1020 1573 disciplinam
1044 1494 1284 1557 constantissime
1307 1494 1366 1556 huc
1388 1510 1484 1575 usque
1506 1495 1697 1573 retinuerint,
1720 1512 1776 1558 cur
1796 1494 1855 1558 illis
1877 1495 1997 1560 mutiles

618 1591 975 1669 errores'attriluantur,
998 1611 1091 1656 causa
1112 1591 1223 1656 idonea
1244 1592 1326 1655 nulla
1349 1600 1406 1656 est.

919 1870 1101 1957 Credimus,
1129 1870 1332 1957 accedimus,
1359 1867 1583 1965 odaipoumoa,
1610 1877 1674 1942 etc.

332 2080 606 2152 σοοιῑροιοοοιιιοῑο
706 2062 798 2140 Haec
821 2073 934 2151 oratio,
963 2081 1094 2154 atquae
1124 2090 1191 2135 cum
1219 2073 1270 2135 illa
1298 2073 1491 2155 conjungitur
1518 2073 1725 2151 caeremonia,
1759 2090 1796 2136 ea
1823 2079 1873 2135 est
1901 2090 1995 2155 quam

296 2172 428 2239 uiamque
446 2171 553 2239 speciei.
619 2178 728 2242 Graeci
751 2183 861 2240 vocant
880 2164 988 2258 Ἀγίαν
1009 2169 1132 2254 ἕνωσιν,
1155 2178 1295 2239 unionem
1316 2175 1434 2239 scilicet
1448 2178 1619 2257 specierum
1633 2175 1768 2253 duarum,
1790 2181 1824 2236 ut
1844 2192 1904 2256 per
1925 2193 1994 2240 eam

330 2927 360 2979 P.
378 2928 441 2982 238·
459 2935 483 2980 et
498 2944 549 2997 rep.

619 2279 858 2349 demonstretur,
886 2275 917 2337 id
952 2273 1031 2356 quod
1068 2276 1206 2338 oratione
1239 2292 1319 2356 qnae
1350 2275 1516 2339 Barsalilio
1547 2275 1686 2338 tribuitur
1713 2273 1901 2355 exprimunt,
1936 2292 1995 2358 per

618 2376 775 2459 quemdam
797 2374 917 2438 modum
938 2372 1137 2456 professionis
1167 2374 1247 2453 fidei,
1270 2376 1330 2438 loc
1356 2394 1423 2437 esse
1450 2393 1561 2454 corpus
1586 2375 1675 2436 atne
1703 2373 1883 2453 ιοιιριιίιιίις
1913 2373 1995 2437 λιιι

618 2495 685 2538 esce
706 2477 882 2555 sanquinem
903 2474 991 2534 istriis
1013 2475 1163 2551 corporis.
1215 2472 1290 2535 Cum
1318 2491 1394 2536 vero
1411 2473 1559 2553 plerique
1590 2471 1721 2535 Codices
1749 2470 1824 2535 llss.
1851 2471 1993 2536 Rubricis

619 2583 755 2651 careant,
777 2590 837 2654 quo
858 2573 919 2634 ritu
941 2571 1130 2653 consignatio
1153 2580 1185 2634 et
1206 2574 1277 2634 unio
1301 2572 1359 2635 ista
1373 2570 1424 2634 liat
1447 2589 1507 2634 non
1529 2570 1711 2652 explicatur,
1735 2572 1873 2651 quamvis
1895 2570 1992 2635 disci-

617 2674 700 2757 plina
723 2673 853 2736 omnium
864 2670 1068 2733 Ecclesiamm
1082 2670 1290 2749 Orientalium,
1313 2671 1418 2733 similis
1441 2671 1561 2733 omnino
1584 2669 1679 2733 luisse
1701 2669 1800 2733 multis
1823 2687 1992 2753 argumen-

620 2776 658 2835 tis
677 2773 839 2855 judicctur.
870 2769 1026 2843 Quomodo
1046 2772 1097 2833 liat
1110 2771 1189 2852 apud
1206 2770 1342 2851 Coptitas
1355 2777 1496 2832 accurato
1512 2770 1654 2849 exposuit
1667 2767 1788 2834 Gabriel
1804 2767 1991 2848 Patriamlra,

619 2874 705 2955 cujus
728 2871 822 2935 verba
846 2870 1001 2933 retulimus
1024 2871 1053 2931 in
1077 2868 1300 2934 Commentario
1329 2868 1366 2932 ad
1384 2870 1474 2931 'hunc
1501 2869 1656 2950 Liturgiac
1683 2868 1852 2932 Basilianae
1881 2865 1992 2930 locum.

619 2970 800 3051 Simpliciter
821 2968 993 3033 Nestoriani
1015 2988 1056 3031 ex
1078 2969 1223 3050 particula
1252 2969 1371 3031 calici
1363 2970 1494 3031 immissa
1525 2976 1555 3029 et
1585 2966 1769 3042 madefacta,
1797 2965 1934 3047 reliquas
1961 2972 1993 3030 et

618 3074 717 3152 ipsum
740 3068 864 3131 calicem
887 3069 1074 3149 consignant.
1118 3067 1152 3129 ln
1182 3068 1298 3130 Graeca
1323 3068 1430 3131 Jacobi
1458 3067 1593 3164 Litnrgia
1621 3067 1782 3130 discrimen
1810 3065 1994 3129 observatur

617 3172 784 3252 aSyriaca:
808 3167 889 3250 quod
911 3161 1027 3240 ἓνωσις
1044 3174 1075 3229 et
1097 3167 1285 3250 consignatio
1308 3166 1389 3229 liat
1381 3185 1412 3229 nn
1434 3166 1491 3238 ista
1512 3174 1582 3228 anto
1604 3164 1778 3229 Orationem
1792 3163 1993 3228 Dominicam:

617 3272 650 3332 in
672 3270 788 3333 Graeca
809 3275 878 3348 post
909 3266 1081 3330 Orationem
1111 3266 1306 3329 Dominicam.
1358 3264 1401 3327 Ita
1429 3272 1527 3327 antem
1556 3264 1674 3327 Graeca
1702 3282 1739 3326 se
1767 3262 1880 3326 habent
1909 3249 1994 3326 Elec

619 3366 683 3452 κλᾷ
703 3356 760 3432 τόν
782 3356 880 3451 ἰίρτον
901 3357 921 3429 ὁ
942 3352 1063 3450 ἱερεύς,
1085 3360 1141 3427 καί
1162 3367 1274 3449 κρατεῖ
1302 3386 1343 3479 cp
1328 3361 1460 3445 δεξιᾳ
1478 3352 1518 3426 τό
1540 3353 1658 3446 ἣμισυ,
1686 3357 1742 3425 καί
1762 3361 1806 3447 τῇ
1832 3349 1994 3448 ἆριστερᾷ

617 3490 654 3532 το
679 3459 781 3551 ἥμισυ
809 3461 865 3527 καί
891 3451 1013 3545 damner
1034 3451 1073 3526 ud
1076 3462 1169 3579 Ητῆς
1181 3458 1336 3542 δεξιᾶς’
1318 3484 1353 3527 εν
1381 3460 1429 3544 aqi
1455 3459 1606 3547 κρατῆρι,
1635 3457 1750 3545 λέγων,
1769 3449 1907 3534 Ἓνωσις
1934 3458 1995 3525 τοῦ

617 3559 779 3648 παναγίοο
792 3554 955 3640 σώματος,
967 3556 1208 3639 καὶτοῦτιμίου
1225 3556 1372 3640 αἳματος,
1386 3583 1445 3625 τον
1449 3556 1587 3673 κιρίου,
1601 3581 1657 3623 και
1646 3557 1760 3624 Θεοῦ
1774 3556 1830 3624 καί
1844 3557 1995 3671 σριτῆρος

619 3654 708 3746 inuia
733 3650 837 3746 lenoni
866 3658 1025 3746 Χριστοῦ
1069 3657 1140 3722 Καί
1162 3656 1334 3747 σφραγίζει
1356 3649 1395 3723 τὸ
1422 3659 1482 3745 τῆς
1504 3649 1690 3746 αριστερᾶς·
1718 3647 1792 3722 εἶτα
1818 3646 1926 3741 τούτῳ
1946 3655 1995 3740 τῷ

620 3756 887 3848 ἐσφραγισμένοι,
913 3749 952 3823 τὸ
981 3750 1110 3823 ἄλλο
1095 3749 1212 3845 ήμισυ·
1247 3758 1303 3823 καί
1336 3751 1464 3833 ευθέως
1498 3748 1633 3844 ι’ίρχεται
1667 3752 1811 3839 μελίζειν
1843 3753 1900 3821 καί
1927 3745 1994 3842 apd

619 3849 750 3925 πάντων
771 3852 900 3926 διδόναι
922 3852 970 3934 είς
992 3856 1126 3922 ἕκαστον
1150 3859 1296 3947 κρατῆρα
1318 3849 1426 3945 απλῆν
1448 3854 1557 3943 λέγων.
1583 3847 1727 3920 Ἣνιοιαι
1748 3852 1804 3919 καί
1827 3845 1993 3941 ἡγίασται,

621 3956 677 4022 καὶ
699 3952 960 4024 τετελείωται
930 3979 977 4034 εις
998 3949 1037 4022 τὸ
1057 3949 1161 4037 ὄνομα
1181 3958 1281 4028 τοῦ
1273 3948 1414 4045 πατρός,
1444 3954 1582 4020 καὶτοῦ
1604 3950 1693 4031 υἱοῦ,
1719 3951 1776 4019 καί
1804 3951 1866 4019 τοῦ
1895 3946 1995 4040 αρίοο

619 4048 816 4137 πνεύματος,
839 4057 895 4123 νῦν
917 4055 971 4121 καί
995 4046 1055 4121 ατί.
1077 4049 1191 4121 Καί
1170 4080 1249 4122 οταν
1271 4054 1412 4143 opponi,
1417 4081 1435 4142 ρ
1456 4048 1514 4121 τὸν
1530 4046 1628 4142 ι’ίριον
1649 4049 1745 4139 λέγει·
1766 4042 1867 4119 Ἰδὲ
1848 4074 1867 4117 ο
1891 4041 1994 4133 tripode

618 4156 680 4221 τοῦ
705 4155 806 4235 Θεοῦ,
830 4148 848 4221 ὁ
872 4149 944 4230 υίὸς
964 4156 1027 4220 τοῦ
1048 4179 1187 4242 πατρος,
1216 4150 1234 4221 ὁ
1257 4147 1355 4242 αίρων
1375 4178 1434 4241 τνν
1455 4146 1621 4272 αμαρτίαν
1641 4152 1704 4217 τοῦ
1725 4143 1859 4233 κόσμον,
1881 4170 1994 4241 σφρα-

619 4248 817 4339 γιοισθελςι
799 4251 882 4341 νπὲρ
903 4277 961 4341 τις
982 4254 1043 4320 τοῦ
1064 4274 1190 4335 κοσμου
1212 4251 1307 4341 ζωνς,
1331 4253 1387 4318 καί
1413 4250 1583 4340 σωτηρίας.
1627 4249 1698 4316 Καὶ
1726 4242 1803 4316 ὅταν
1830 4244 1976 4317 didm
1927 4274 1995 4364 την

618 4349 739 4439 μερίδα
760 4344 868 4438 ατιλῆν
896 4347 944 4427 εἰς
971 4349 1105 4417 ἕκαστον
1134 4353 1279 4464 κρατῆρα
1301 4347 1397 4472 lipsa.
1443 4351 1552 4439 Μερίς
1579 4344 1657 4435 u‘yt'u
1686 4346 1839 4462 Χριστοῦ
1864 4337 1995 4437 πλήρης

619 4442 752 4538 χοίριτος
774 4449 830 4516 καὶ
854 4440 1032 4537 ἀληθείας,
1061 4473 1188 4540 πατρος
1210 4445 1309 4517 καί
1288 4449 1384 4537 αγίου
1406 4442 1609 4531 πνεύματος,
1637 4438 1666 4533 ᾦ
1686 4472 1707 4535 η
1698 4437 1810 4529 δόξα
1831 4447 1882 4513 κλ.
1927 4447 1994 4513 Hoc

619 4559 666 4615 cst
688 4572 729 4615 ex
751 4554 850 4615 veteri
872 4553 1131 4633 interpretatione.
1177 4554 1294 4616 Deinde
1319 4553 1473 4615 Sacerdos
1499 4553 1618 4631 srunpit
1635 4570 1756 4631 ponec,
1778 4549 1994 4630 δίοιιδίιιιιιφιι

618 4651 741 4726 deutra,
764 4652 890 4713 sinmtra
911 4670 985 4713 nero
1004 4652 1160 4713 dimidiam
1176 4659 1263 4726 tenet,
1286 4660 1316 4713 et
1337 4653 1417 4731 qnod
1438 4659 1517 4714 tenet
1537 4670 1629 4712 manu
1649 4650 1770 4723 deutra,
1792 4645 1942 4727 &meruit
1961 4646 1995 4708 in

619 4748 745 4809 calicem
767 4750 882 4811 dicens.
933 4748 1010 4810 Unio
1037 4750 1217 4812 sanctissimi
1248 4751 1397 4829 corporis,
1420 4758 1450 4813 et
1479 4750 1605 4831 pretiosi
1635 4746 1802 4830 sanguinis·
1819 4743 1940 4808 Domini
1962 4751 1995 4808 et

617 4844 677 4909 Dei
699 4865 735 4909 ac
758 4848 924 4910 servatoris
948 4850 1044 4909 nostri
1065 4846 1140 4910 lesu
1154 4848 1274 4911 Christi.
1304 4849 1345 4913 Et
1366 4852 1467 4929 riprtut
1487 4851 1521 4911 id
1542 4850 1622 4931 quod
1643 4854 1722 4909 tenet
1741 4835 1834 4907 manu
1855 4846 1995 4921 ιίιιίιίνσ,

618 4945 728 5006 deinde
750 4946 809 5008 Inoo
830 4947 960 5026 ιίριιοιο,
984 4946 1110 5007 alterum
1132 4948 1287 5008 dimidium
1316 4949 1439 5030 α’φιοίί,
1468 4967 1507 5009 σο
1528 4949 1632 5009 statim
1660 4945 1768 5025 incipit
1793 4942 1943 5020 namne,
1966 4950 1998 5004 et

620 5049 692 5103 unte
720 5045 823 5105 omnio
851 5044 1034 5106 distribuere
1066 5047 1098 5106 in
1128 5046 1261 5125 sinpulos
1291 5046 1416 5121 calices,
1441 5055 1561 5125 partem
1587 5064 1679 5107 aarum
1708 5045 1823 5106 dicata.
1874 5040 1998 5104 Unittnn

622 5145 670 5201 cst
693 5147 724 5201 et
746 5141 960 5204 sanctificatum
983 5151 1015 5205 et
1038 5150 1284 5223 consummatum,
1312 5145 1343 5206 in
1370 5146 1490 5208 nomine
1512 5144 1626 5222 Patris,
1660 5129 1690 5206 et
1717 5141 1783 5214 Filii
1810 5147 1842 5203 et
1864 5136 1998 5219 Spiritus

621 5239 728 5318 sancti,
751 5257 830 5302 nunc
853 5250 884 5304 et
906 5260 1037 5326 semper.
1081 5243 1210 5305 Etcum
1232 5245 1567 5325 τίριοιροιιιοιδὲοἰι.
1599 5243 1682 5308 Ecce
1704 5257 1803 5324 agnus
1824 5238 1894 5315 nei,
1916 5233 1999 5299 5¹¹⁰!
