5150 6534
853 861 1449 941 snnclttncusst.
1760 865 1833 937 129

565 1051 734 1124 Memento
762 1054 873 1138 etiam,
899 1052 1059 1138 Domine,
1095 1049 1229 1121 Petrum
1265 1062 1457 1124 nostrornm
1489 1054 1619 1145 piorum
1645 1064 1679 1123 et
1706 1052 1835 1124 Ortho-

462 1168 646 1256 doxorum,
673 1165 887 1238 Patriarcbae
920 1169 1027 1238 nostri
1059 1164 1193 1237 Domini
1225 1165 1266 1237 N.
1304 1174 1338 1237 et
1368 1165 1501 1238 Domini
1534 1166 1575 1237 N.
1609 1180 1641 1239 et
1673 1168 1834 1262 Episcopi

460 1287 567 1355 nostri
599 1285 732 1355 Domini
766 1281 808 1353 N.
840 1281 1121 1376 Presbyterorum
1156 1302 1288 1375 quoque
1325 1292 1358 1353 et
1389 1282 1633 1370 Diaconorum,
1668 1295 1702 1354 et
1734 1287 1834 1353 totius

462 1398 596 1471 Ordinis
621 1396 870 1469 Ecclesiastici:
898 1419 973 1468 curn
999 1397 1186 1467 infirmitate
1212 1419 1296 1467 mea.
1349 1396 1494 1468 Peccata
1526 1401 1708 1489 juventutis
1736 1420 1834 1468 meae

460 1535 505 1584 na
531 1516 721 1585 memineris
748 1511 847 1601 mibi,
884 1512 944 1584 sed
978 1511 1159 1584 secundum
1194 1512 1454 1583 misericordiam
1490 1522 1579 1583 tuam
1605 1513 1740 1584 vivifica
1768 1535 1832 1584 me.

460 1627 629 1700 Memento
658 1650 789 1723 quoque
815 1626 952 1699 fratrum
978 1637 1167 1700 nostrorum
1194 1631 1421 1723 captivorum,
1447 1628 1671 1718 infirmorum,
1702 1632 1832 1699 variis-

461 1766 527 1838 que
553 1741 680 1815 morbis
706 1743 938 1832 laborantium,
965 1753 1140 1814 eteorum
1168 1744 1223 1836 qni
1251 1766 1271 1814 a
1299 1733 1452 1833 malignis
1469 1742 1637 1838 spiritibus
1665 1743 1832 1846 infestan-

460 1870 530 1930 tur·
575 1861 659 1932 Aera
685 1880 817 1953 quoque
844 1869 878 1930 et
903 1881 1050 1931 coronae
1078 1862 1155 1930 anni
1181 1858 1383 1948 benedicito,
1409 1859 1585 1954 perficiens
1612 1860 1734 1932 bonam
1761 1881 1833 1929 vo·-
1873 1898 1877 1910 ι

459 1974 618 2046 luntatem
647 1985 746 2061 tuam,
774 1997 856 2066 erga
885 1996 983 2045 omne
1010 1976 1141 2045 vivens.

565 2090 717 2160 Elecons
742 2112 868 2161 ooccm.
911 2089 956 2161 Et
981 2088 1087 2161 libera
1114 2111 1189 2177 nos,
1216 2091 1370 2177 Domine,
1398 2088 1440 2160 ab
1469 2095 1557 2163 omni
1584 2094 1833 2187 impugnatione

460 2203 627 2278 bominum
660 2206 838 2277 malorum:
875 2207 916 2278 ab
952 2208 1041 2276 omni
1074 2207 1207 2276 incursu
1241 2215 1275 2276 et
1310 2203 1523 2277 infestatione
1556 2205 1770 2292 daemonum,
1800 2216 1834 2278 et

461 2322 503 2394 ab
532 2320 684 2393 omnibus
710 2322 820 2417 plagis
848 2344 934 2415 quae
960 2331 1174 2416 peccatorum
1201 2331 1391 2393 nostrorum
1418 2344 1521 2393 causa
1541 2334 1705 2394 venturae
1732 2344 1834 2416 snper

458 2457 523 2508 nos
550 2437 670 2506 forent.
723 2435 900 2509 Conserva
929 2458 1061 2530 quoque
1087 2458 1150 2509 nos
1177 2439 1211 2507 in
1238 2437 1476 2509 observatione
1495 2437 1722 2510 mandatorum
1751 2450 1832 2508 tuo-

458 2575 532 2624 rum
558 2559 758 2639 sauctorum,
787 2556 863 2646 quia
891 2562 924 2622 tu
950 2553 1043 2623 Deus
1070 2554 1263 2625 misericors
1291 2574 1348 2641 es,
1383 2563 1417 2623 et
1449 2553 1508 2625 tibi
1535 2552 1677 2644 gloriam
1704 2553 1831 2624 referi-

453 2690 546 2758 mus,
573 2676 606 2738 et
631 2669 814 2759 unigenito,
841 2678 904 2739 etc.

563 2781 759 2854 inclinatus.
812 2781 981 2854 Memento
1008 2781 1152 2852 Domine
1177 2781 1312 2852 Patnrm
1339 2791 1372 2853 et
1397 2782 1548 2854 Fratrum
1577 2786 1631 2878 qui
1657 2782 1833 2858 nobiscum

460 2895 591 2969 adstant
614 2906 648 2967 et
674 2908 789 2970 orant:
816 2907 850 2970 et
876 2920 993 2970 eornm
1020 2900 1075 2991 qui
1111 2896 1255 2968 anobis
1283 2901 1526 2989 migraverunt:
1559 2911 1594 2971 ut
1627 2922 1743 2972 eornm
1776 2904 1832 2995 qui

458 3012 636 3085 voluerunt
662 3011 802 3103 offerre,
836 3037 899 3086 nec
934 3024 1127 3109 potuerunt:
1143 3016 1340 3107 'unicuique
1375 3014 1526 3086 concede
1552 3015 1711 3088 honestas
1737 3017 1830 3109 peti-

460 3133 568 3202 tiones
596 3150 685 3201 snas.

563 3244 714 3316 Eteonos
739 3266 865 3316 nocem.
911 3246 1080 3316 Memento
1107 3246 1249 3316 Domino
1277 3248 1421 3317 omnium
1449 3268 1586 3339 qnorum
1614 3248 1830 3331 meminimus,

458 3368 493 3429 et
519 3382 657 3454 quorum
684 3382 751 3431 non
778 3364 994 3432 meminimus.
1048 3360 1190 3454 Suscipe
1218 3361 1380 3432 sacrificia
1416 3382 1530 3431 eorum
1563 3364 1596 3430 in
1628 3358 1830 3453 amplissima

458 3480 600 3568 regione
628 3474 800 3548 coelorum
826 3486 964 3548 tuorum.
1014 3474 1175 3548 Retribue
1202 3475 1265 3548 illis
1292 3477 1451 3548 laetitiam
1477 3476 1609 3563 salutis,
1637 3484 1670 3546 et
1695 3484 1831 3570 praesta

457 3589 521 3662 illis
548 3591 705 3662 auxilium
733 3616 753 3664 a
780 3602 831 3664 te:
859 3590 982 3663 robora
1009 3591 1084 3664 illos
1112 3594 1234 3663 virtute
1261 3602 1329 3681 tua,
1357 3602 1391 3663 et
1417 3615 1509 3663 arma
1538 3590 1613 3663 illos
1639 3590 1830 3661 fortitudine

458 3714 535 3794 tua,
571 3710 647 3800 quia
682 3716 716 3778 tu
753 3730 790 3779 es
826 3710 1037 3796 misericors,
1071 3717 1104 3778 et
1136 3709 1201 3781 tibi
1230 3707 1373 3799 gloriam
1405 3708 1601 3793 referimus,
1639 3716 1673 3776 et
1703 3709 1829 3798 unige-

457 3824 540 3910 nito,
568 3831 630 3892 etc.

561 3936 723 4028 Populus.
776 3938 895 4009 Amen.

560 4051 735 4123 Sacerdos
761 4052 951 4122 inclinatos.
1004 4052 1172 4125 Memento
1205 4054 1349 4124 Domine
1382 4052 1513 4145 Regum
1547 4064 1581 4123 et
1612 4053 1827 4146 Reginorum,

458 4169 513 4260 qui
542 4189 660 4239 veram
694 4166 890 4259 religionem
924 4168 1133 4264 profitentur:
1168 4168 1326 4240 auxilium
1358 4167 1421 4239 illis
1457 4168 1500 4239 da
1531 4191 1594 4264 per
1629 4181 1830 4240 armaturam

455 4285 607 4376 spiritus:
636 4304 752 4355 omnes
781 4287 836 4378 qui
861 4284 935 4356 illos
964 4284 1104 4356 oderunt
1132 4282 1259 4377 subjice
1286 4283 1361 4372 illis,
1388 4293 1424 4353 nt
1449 4305 1512 4357 nos
1535 4283 1741 4379 tranquillam
1768 4288 1828 4355 vi-

457 4408 525 4469 tam
553 4420 702 4491 agamus.

560 4514 710 4585 Elevans
736 4537 861 4585 cocern.
896 4514 981 4600 Quia
1009 4525 1043 4584 tu
1069 4537 1107 4586 es
1135 4513 1285 4586 salvator
1303 4524 1337 4585 et
1351 4512 1541 4600 auxiliator,
1569 4513 1695 4608 dasque
1713 4516 1829 4584 victo-

455 4632 540 4700 riam
567 4627 720 4702 omnibus
748 4633 803 4724 qui
830 4632 1023 4724 sperantio
1053 4640 1109 4720 te,
1124 4631 1287 4718 Domine,
1325 4629 1448 4724 tibique
1484 4629 1623 4721 gloriam
1656 4628 1830 4699 referimus

456 4754 491 4815 et
516 4748 700 4836 unigenito,
728 4754 790 4816 etc.

560 4861 722 4953 Populus.
776 4863 896 4933 Amen.

560 4974 737 5046 Sacerdos
763 4978 954 5048 inclinatus.
1010 4975 1284 5070 Quandoquidem
1311 4986 1345 5046 tu
1371 4980 1528 5048 vivorum
1562 4984 1595 5044 et
1628 4983 1831 5043 mortuorum

458 5088 660 5180 dominaris,
686 5102 853 5164 memento
880 5092 1014 5164 Patrum
1041 5102 1252 5179 sanctorum,
1283 5090 1545 5185 Prophetarum,
1579 5086 1830 5183 Apostolorum,

454 5204 647 5299 virgiuum,
682 5206 860 5315 Genitricis
893 5206 977 5299 Dei,
1010 5208 1150 5282 loannis
1188 5208 1376 5302 Baptistae,
1416 5204 1591 5300 Stephani,
1633 5204 1830 5295 Martyrum,

455 5320 554 5394 simol
580 5344 656 5394 cum
683 5322 837 5396 omnibus
861 5325 969 5416 justis.

1890 5040 1961 5113 0»-
