5150 6534
874 859 920 933 IN
950 860 1204 936 titubatus
1238 859 1650 939 NESTOerlllORUll.
1866 863 1943 937 607

573 1042 630 1101 dos
652 1043 851 1121 apprehendit
870 1062 990 1104 morrena
1013 1046 1076 1123 ejas
1099 1046 1241 1106 dextrane
1256 1053 1285 1105 et
1299 1044 1432 1122 insertio
1448 1054 1561 1123 patena
1579 1047 1693 1121 dicens,
1710 1046 1811 1109 Gloria
1823 1046 1942 1111 Domini

509 1128 511 1145 '
573 1141 680 1200 nostri.
711 1141 846 1202 Diacono
869 1142 997 1203 traditur
1019 1142 1096 1203 calix
1118 1150 1151 1204 ut
1173 1145 1410 1204 communionem
1423 1142 1521 1205 Laicis
1537 1143 1736 1220 administret3
1758 1145 1813 1207 sed
1824 1164 1941 1210 manum

573 1237 658 1300 disco
682 1259 742 1302 non
764 1241 865 1316 infert,
889 1260 955 1302 curn
977 1242 1195 1303 Euclraristiam
1218 1259 1277 1303 non
1301 1250 1412 1322 tangat.

1051 1478 1119 1573 ¹19.
1161 1502 1295 1573 Sancto
1320 1506 1459 1574 soractis.

669 1693 714 1770 Τ
706 1694 728 1767 oi
751 1695 828 1788 olyra
850 1706 920 1777 τοῖς
942 1695 1054 1788 ἁγίοις.
1078 1706 1176 1788 Vulgo
1201 1705 1309 1768 dicitur
1326 1707 1442 1769 Graeca
1465 1709 1733 1771 orationescrvata
1746 1710 1782 1770 ad
1796 1710 1941 1772 honorem

573 1808 754 1887 antiquitatis
778 1812 806 1870 in
821 1810 957 1871 Ecclesia
980 1810 1197 1887 Alexandrina,
1221 1811 1251 1869 in
1274 1828 1332 1889 qua
1356 1811 1443 1870 etiam
1467 1813 1592 1873 maxima
1615 1814 1749 1874 brevium
1772 1814 1940 1875 orationum

572 1925 653 1986 pars,
677 1927 753 1987 quae
768 1909 1080 1969 dicunturaDiacono
1104 1917 1135 1970 et
1157 1928 1174 1969 a
1196 1909 1321 1988 populo,
1346 1909 1462 1970 Graece
1484 1911 1726 1989 pronuntiantur.
1750 1911 1938 1992 lnSyriacis,

572 2007 743 2086 aliquando,
767 2017 797 2069 ιιι
821 2009 867 2070 liic
891 2009 1093 2087 explicantur,
1117 2025 1223 2087 nempe
1247 2016 1279 2069 ut
1302 2007 1488 2088 significetur
1510 2010 1700 2072 Sacramenta
1725 2028 1779 2072 seu
1798 2014 1940 2092 mysteria

571 2125 631 2167 non
656 2107 719 2168 aliis
744 2107 887 2168 tradenda
910 2126 978 2170 esse
1001 2127 1089 2188 quarn
1112 2109 1239 2182 sanctiS,
1271 2107 1329 2167 hoc
1357 2115 1403 2167 est
1431 2107 1489 2169 illis
1520 2111 1571 2187 qui
1601 2109 1710 2170 nullius
1740 2111 1796 2171 sibi
1822 2113 1942 2191 peccati

572 2207 686 2266 conscii
709 2216 788 2281 sunt,
812 2216 862 2268 aut
886 2209 1041 2268 connnissa
1066 2226 1121 2286 per
1144 2205 1365 2267 confessionem
1388 2213 1419 2268 et
1440 2209 1652 2287 poenitentiam
1676 2212 1884 2288 expiaverunt.
1908 2210 1941 2272 ln

571 2306 638 2366 istis
662 2307 755 2367 tribus
778 2307 1027 2368 Nestorianorum
1051 2307 1193 2387 Liturgiis
1218 2306 1397 2385 adjiciuntur
1419 2306 1520 2367 ultima
1544 2307 1593 2367 illa
1615 2308 1725 2379 verba3
1749 2309 1789 2367 ita
1812 2317 1843 2368 nt
1865 2327 1942 2370 sen-

571 2422 623 2466 sus
647 2407 685 2466 sit
707 2413 844 2466 sonetum
866 2414 988 2466 cunctos
1010 2407 1095 2466 decet
1117 2405 1363 2483 inperfectione.
1407 2405 1467 2466 lllis
1490 2406 1615 2482 seilicet,
1639 2414 1791 2481 sonetum,
1815 2406 1873 2469 lroc
1895 2416 1942 2469 est

571 2503 802 2581 Eucharistiam,
826 2504 890 2565 dari
914 2505 987 2577 solis
1011 2513 1154 2583 oportere
1178 2506 1228 2583 qui
1251 2502 1467 2584 perfectionem
1491 2506 1569 2565 vitae
1593 2504 1780 2567 Christianae
1804 2525 1942 2586 sequun-

573 2611 636 2679 tur,
669 2622 725 2664 nec
749 2605 786 2664 ab
810 2623 846 2665 ca
870 2604 1020 2666 deficiunt.
1065 2604 1097 2664 ln
1121 2606 1262 2665 versione
1285 2603 1395 2665 Missae
1418 2603 1617 2665 blalabricae:
1661 2604 1804 2665 Sanctam
1827 2608 1943 2667 anoctis

572 2704 657 2764 decet
678 2703 805 2763 Domine
827 2706 882 2778 rai,
913 2706 944 2763 irr
967 2706 1242 2776 rorrsamrnotione;
1276 2721 1354 2781 quae
1383 2703 1478 2764 verba
1509 2703 1736 2765 obscuriuscula
1768 2712 1854 2781 sunt,
1883 2722 1941 2765 nco

571 2804 748 2863 sententiam
780 2804 935 2864 commode
965 2805 1144 2881 exprimunt.
1196 2802 1365 2884 significari
1393 2821 1467 2863 vero
1497 2802 1712 2881 perfectionem
1741 2803 1819 2863 ritae
1849 2803 1941 2865 Clui-

571 2900 696 2977 stianae,
721 2920 779 2961 non
803 2920 909 2963 sacrae
933 2903 1059 2963 actionis
1078 2902 1372 2976 consummationem,
1397 2909 1574 2979 argumento
1588 2909 1634 2962 est
1647 2901 1782 2980 ejusdem
1796 2902 1941 2964 formulae

570 2997 672 3075 lectio,
697 3009 728 3061 ιιι
752 3001 782 3061 in
804 3000 975 3061 Jacobiticis
999 3001 1142 3080 Litnrgiis
1165 3019 1199 3061 sa
1222 3000 1321 3063 babet.
1366 2999 1409 3060 lta
1431 3018 1540 3079 nempe
1563 3001 1740 3079 exprimitur
1763 3000 1941 3084 inLitnrgia

570 3095 676 3159 Jacobi
694 3108 723 3159 et
741 3100 820 3160 aliis:
850 3100 965 3161 Sancto
977 3102 1093 3161 sanctis
1108 3103 1138 3159 in
1147 3100 1350 3179 perfectione,
1370 3101 1504 3177 puritate
1527 3107 1555 3160 et
1577 3102 1739 3160 sortctt'tote
1762 3103 1941 3163 tenduntnr:

570 3214 679 3277 nempe
709 3198 786 3258 idem
818 3206 863 3258 est
894 3198 990 3277 quod,
1022 3197 1109 3259 decet
1137 3206 1241 3259 sancta
1269 3198 1398 3273 sanctis,
1430 3198 1533 3276 quiin
1557 3198 1743 3276 perfectione
1767 3201 1939 3262 suntdari:

571 3297 635 3357 sive
659 3296 820 3375 perfectis,
845 3300 944 3376 puris,
976 3300 1097 3359 sanctis.
1144 3297 1184 3358 At
1206 3298 1235 3358 in
1259 3295 1475 3376 antiquioribus
1498 3296 1652 3358 codicibus
1675 3297 1862 3359 diversarum
1885 3298 1940 3359 Li-

572 3397 739 3475 turgiarnm
770 3397 918 3476 Syriacis,
949 3405 981 3457 ut
1011 3398 1042 3457 in
1072 3396 1300 3457 Commentariis
1327 3394 1489 3471 Barsalibi,
1521 3404 1552 3456 ct
1580 3395 1692 3475 aliquot
1716 3396 1940 3478 Tbcologorurn

575 3495 624 3571 qui
648 3492 724 3554 bane
748 3497 913 3556 orationem
937 3496 1083 3577 allegant,
1114 3495 1225 3576 legitur
1253 3495 1427 3574 simpliciter
1451 3504 1561 3555 sarecto
1583 3497 1716 3555 soractis:
1747 3495 1840 3556 verba
1863 3497 1940 3557 sub-

570 3595 727 3672 sequentia
752 3595 940 3672 postmodum
963 3594 1103 3676 adjuncta
1126 3593 1256 3657 fuerunt.
1302 3594 1386 3655 Ratio
1409 3593 1540 3654 fortasse
1569 3601 1631 3669 est,
1661 3594 1741 3672 quod
1771 3612 1837 3655 cum
1867 3597 1939 3675 pri-

571 3693 660 3752 mitus
685 3691 831 3753 formulae
854 3694 923 3755 illac
947 3695 1062 3756 Graece
1085 3695 1366 3773 pronuntiarentur,
1397 3702 1428 3753 ut
1456 3692 1531 3754 aliae
1562 3710 1620 3754 non
1652 3710 1783 3771 paucae,
1807 3713 1885 3774 quae
1910 3697 1938 3756 in

572 3791 758 3868 errtitarum
789 3791 899 3852 Ollieiis
929 3794 986 3853 buc
1014 3811 1111 3872 usque
1141 3802 1338 3854 conservatae
1361 3801 1445 3867 sunt,
1475 3811 1526 3852 eas
1558 3791 1676 3853 tandem
1704 3792 1827 3874 Syriaco
1861 3795 1939 3856 verti

569 3890 691 3969 placuit.
723 3889 797 3948 Nam
813 3890 918 3951 eodeni
942 3891 1030 3952 modo
1054 3910 1112 3971 quo
1136 3891 1215 3972 apud
1238 3893 1312 3954 istos
1326 3893 1471 3972 quaedam
1485 3893 1681 3971 pronunciata
1703 3892 1819 3952 Graece
1834 3893 1938 3970 luisse,

569 3989 699 4068 probant
713 3987 833 4049 codices
850 3990 994 4065 nonrmlli,
1010 3999 1039 4050 ct
1053 3990 1250 4070 fragmentum
1269 3990 1340 4051 illud
1360 3991 1438 4071 quod
1452 3998 1520 4071 post
1534 3991 1640 4053 Severi
1652 3990 1786 4053 Olliciurn
1797 3991 1938 4072 baptismi

571 4087 661 4148 edidit
685 4087 781 4147 Guido
805 4087 959 4148 Fabricius
975 4088 1176 4151 Eoderianus:
1199 4088 1249 4150 ubi
1271 4079 1314 4150 coi
1338 4079 1415 4172 ἅγια
1436 4091 1505 4162 τοῖς
1527 4080 1639 4171 ἁγίοις.
1663 4088 1797 4165 Steiria
1820 4089 1937 4163 καλῶς.

569 4179 677 4270 Kipre
701 4180 832 4269 ἐλέησον
855 4197 1028 4249 occurrunt.

657 4287 701 4346 Eo
730 4286 797 4365 ipso
830 4294 964 4366 tempore
996 4305 1055 4366 qno
1084 4287 1284 4368 proclamatur
1311 4296 1419 4348 saneto
1448 4290 1563 4348 sanctis
1585 4288 1721 4348 elevatur
1743 4295 1774 4349 et
1797 4288 1939 4351 adoratur

569 4386 648 4464 apud
672 4386 841 4447 Orientales
866 4386 1066 4463 Euclraristia‚
1094 4405 1155 4447 non
1184 4389 1219 4448 iis
1243 4386 1396 4467 liturgiae
1421 4386 1495 4447 locis
1519 4387 1627 4466 quibus
1651 4387 1855 4448 adorationem
1878 4406 1937 4450 no-

568 4492 708 4546 taverunt
720 4486 953 4566 Diampcrenses
966 4486 1191 4564 reformatores,
1215 4489 1272 4548 rati
1285 4487 1400 4547 scilicet
1414 4485 1611 4565 disciplinam,
1633 4493 1666 4546 ut
1689 4493 1718 4547 ct
1740 4486 1828 4546 fidem
1852 4486 1937 4548 aliam

568 4601 628 4643 non
643 4604 734 4663 posse
749 4586 880 4661 tolerari,
906 4605 993 4666 qnam
1007 4586 1163 4648 Ecclesiae
1182 4587 1334 4648 Romanae
1352 4586 1514 4664 propriam,
1538 4603 1554 4645 a
1578 4585 1662 4665 cujas
1685 4592 1782 4645 tannen
1805 4587 1937 4648 moribus

567 4682 695 4743 alienum
719 4703 838 4765 semper
862 4685 914 4745 fuit
936 4688 1074 4747 severius
1097 4686 1169 4746 illud
1192 4685 1230 4746 de
1254 4683 1449 4746 Orientalium
1471 4684 1626 4763 disciplina
1651 4683 1806 4761 judicium.
1852 4685 1937 4748 Ritus

569 4781 638 4841 fuse
669 4782 848 4844 describitur
878 4785 973 4863 qualis
1001 4785 1085 4866 viget
1111 4785 1188 4845 iuter
1216 4784 1352 4864 Coptitas
1380 4802 1398 4843 a
1427 4782 1566 4844 Gabriele
1589 4783 1760 4843 Patriarcba
1788 4790 1818 4844 et
1845 4787 1937 4846 variis

569 4882 739 4942 autoribus:
763 4901 799 4941 an
815 4903 888 4943 vero
913 4892 1054 4945 accurate
1071 4883 1268 4944 Nestorianae
1293 4883 1468 4962 disciplinae
1492 4881 1685 4961 respondeat,
1708 4881 1853 4944 affirmare
1876 4903 1939 4946 non

569 4999 739 5059 possumus,
763 4999 828 5041 curn
853 4983 1102 5043 omnillitualium
1126 4982 1212 5062 liujus
1237 4992 1339 5044 sectae
1362 4982 1513 5061 praesidio
1538 4999 1702 5044 careamus.
1729 4981 1937 5044 lllorumxcro

570 5079 712 5140 librorum
742 5079 926 5161 exemplaria
956 5084 983 5143 in
1007 5083 1221 5161 Mesopotamia
1250 5083 1329 5162 apud
1351 5082 1547 5142 Nestorianos
1571 5089 1675 5140 extare
1699 5079 1856 5160 probabile
1879 5090 1936 5159 cst,

570 5187 601 5239 ut
625 5180 765 5240 extabant
788 5181 818 5241 in
841 5181 1029 5242 llalabarieis
1054 5181 1213 5256 Ecclesiis;
1238 5201 1273 5242 ea
1297 5200 1373 5261 quae
1396 5180 1498 5241 Alexii
1519 5179 1645 5240 blencsii
1668 5180 1827 5241 autoritate
1850 5197 1937 5239 com-

570 5278 657 5340 busta
681 5288 758 5344 sunt.
805 5281 848 5342 Ea
871 5299 962 5361 porro
986 5282 1012 5342 si
1036 5281 1211 5343 Christianis
1240 5281 1297 5342 illis
1328 5280 1364 5341 ad
1388 5281 1529 5340 unitatem
1551 5278 1706 5341 Ecclesiae
1729 5277 1937 5357 redeuntibus,
