5150 6534
819 828 1749 948 Tnuonoutlnttnrnuttt
1895 829 1970 904 615

598 1026 688 1088 tuam
714 1016 869 1105 Domine,
897 1018 1028 1088 veniam
1055 1016 1118 1088 illis
1146 1017 1326 1106 concedas,
1354 1021 1496 1091 omnium
1524 1026 1736 1112 peccatorum
1765 1028 1799 1091 et
1825 1018 1969 1092 delicto-

598 1156 672 1204 rum
701 1156 787 1228 quae
812 1136 845 1203 in
871 1132 936 1205 hoc
962 1132 1093 1219 mundo,
1122 1135 1154 1203 in
1181 1155 1326 1228 corpore
1352 1134 1494 1223 mortali,
1521 1143 1556 1204 et
1582 1138 1689 1206 anima
1708 1138 1878 1206 mutationi
1901 1133 1970 1206 ob-

601 1254 706 1322 noxia
731 1259 956 1345 peccaverunt
982 1259 1036 1320 aut
1064 1248 1269 1323 oilenderunt
1295 1273 1410 1322 coram
1438 1260 1486 1338 te,
1515 1252 1590 1343 quia
1617 1274 1715 1323 nemo
1743 1261 1795 1323 cst
1822 1256 1876 1346 qui
1902 1273 1969 1321 non

544 1380 561 1399 '‘
601 1378 730 1463 peccet.

707 1482 754 1552 Et
777 1485 1006 1575 prosequitur.
1038 1474 1052 1514 ⁶
1079 1480 1252 1571 Rogamus
1281 1490 1312 1551 te
1339 1483 1500 1569 Domine,
1528 1481 1763 1576 deprecamur,
1797 1495 1830 1556 et
1862 1484 1972 1556 obse-

602 1622 734 1671 cramus
761 1607 795 1669 te
821 1608 857 1668 ut
878 1598 1086 1692 complaceat
1109 1595 1263 1667 divinitas
1287 1608 1340 1668 tua
1362 1597 1541 1686 adoranda,
1562 1621 1624 1694 per
1646 1598 1852 1671 clementiam
1873 1611 1970 1672 tuam.

706 1716 885 1787 Diaconos
911 1717 1004 1786 dicit.
1059 1714 1142 1785 Cum
1169 1713 1300 1786 silentio
1328 1724 1361 1785 et
1387 1718 1513 1785 timore.

706 1831 889 1902 Sacerdos.
927 1831 971 1902 Et
997 1834 1111 1901 veniat
1136 1852 1237 1926 super
1263 1852 1326 1901 nos
1346 1841 1379 1901 et
1402 1853 1503 1925 super
1526 1829 1726 1902 oblationem
1746 1830 1842 1920 hanc,
1862 1833 1971 1922 gratia

602 1945 745 2042 Spiritus
779 1951 903 2030 sancti,
931 1945 1120 2039 habitetque
1146 1956 1180 2016 et
1206 1944 1360 2017 illabatur
1393 1968 1493 2040 super
1529 1968 1648 2040 panem
1681 1947 1767 2018 hunc
1801 1957 1835 2017 et
1869 1969 1971 2042 super

602 2061 741 2133 calicem
767 2062 870 2151 hunc,
896 2060 1159 2156 benedicatque,
1187 2071 1221 2132 et
1247 2060 1450 2150 sanctificet,
1477 2071 1511 2133 et
1537 2060 1693 2154 obsignat
1719 2060 1812 2152 illos,
1841 2067 1874 2132 in
1900 2085 1969 2134 no-

601 2180 690 2248 mine
717 2180 840 2265 Patris,
873 2188 906 2248 ct
932 2176 1029 2265 Filii,
1056 2187 1090 2248 et
1116 2176 1258 2272 Spiritus
1286 2181 1405 2249 sancti:
1441 2178 1560 2272 fiatque
1587 2179 1702 2270 panis,
1729 2199 1790 2272 per
1817 2182 1971 2249 virtutem

601 2295 743 2364 nominis
770 2297 828 2380 tui,
854 2297 961 2389 panis,
988 2297 1131 2388 inquam,
1158 2296 1236 2379 iste,
1270 2314 1395 2387 corpus
1422 2304 1571 2365 sanctum
1598 2294 1731 2365 Domini
1757 2298 1862 2367 nostri
1887 2294 1970 2365 Jesu

603 2408 742 2480 Christi:
779 2420 813 2480 et
839 2410 929 2481 calix
954 2412 1038 2496 iste,
1073 2412 1209 2500 sanguis
1243 2409 1375 2481 Domini
1407 2412 1514 2481 nostri
1539 2410 1621 2481 Jesu
1649 2408 1788 2482 Christi:
1821 2420 1856 2480 ut
1891 2410 1971 2502 qui-

602 2547 743 2618 cumque
770 2549 844 2595 cum
871 2525 935 2595 lide
962 2548 1046 2596 vera
1072 2524 1178 2596 ederit
1203 2547 1250 2595 ex
1276 2524 1341 2597 hoc
1366 2548 1471 2620 pane,
1499 2537 1532 2597 et
1557 2525 1679 2598 biberit
1705 2548 1750 2596 ex
1775 2524 1839 2597 hoc
1866 2525 1971 2597 calice

484 2709 488 2718 ,
600 2639 680 2711 fiant
707 2641 751 2710 illi
779 2641 940 2728 Domine,
975 2640 1017 2710 ad
1050 2644 1184 2711 veniam
1211 2640 1404 2713 delictorum
1432 2652 1466 2712 et
1490 2644 1719 2713 remissionem
1745 2652 1971 2735 peccatorum,

602 2755 644 2826 ad
671 2779 766 2851 spem
801 2779 956 2847 magnam
989 2760 1247 2828 resurrectionis
1281 2780 1301 2827 a
1334 2761 1492 2846 mortuis,
1527 2757 1569 2827 ad
1603 2757 1741 2828 salutem
1773 2761 1903 2829 animae
1938 2767 1972 2827 et

595 2877 768 2967 corporis,
796 2883 830 2943 et
857 2872 898 2943 ad
924 2875 1027 2944 vitam
1051 2895 1175 2944 novam
1203 2875 1234 2943 in
1261 2896 1368 2964 regno
1396 2874 1576 2945 coelorum.
1629 2872 1759 2964 Dignos
1791 2876 1890 2944 etiam
1916 2872 1972 2943 iac

600 3011 664 3061 nos
692 3011 807 3060 ornnes
834 3011 896 3084 per
922 2992 1075 3079 gratiam
1089 2990 1222 3060 Domini
1248 2992 1354 3061 nostri
1380 2989 1462 3060 Jesu
1490 2987 1623 3078 Christi,
1656 2999 1691 3059 ut
1717 3011 1789 3058 cum
1818 2984 1971 3060 omnibus

599 3103 666 3174 illis
694 3107 747 3197 qui
775 3104 969 3199 placuerunt
994 3104 1156 3176 voluntati
1183 3114 1275 3190 tuae,
1309 3115 1343 3174 et
1375 3104 1554 3175 secundum
1581 3113 1759 3199 praecepta
1786 3114 1842 3174 tua
1868 3107 1971 3175 vitam

600 3222 821 3308 instituerunt,
847 3221 1007 3291 iactemur
1033 3224 1065 3291 in
1093 3242 1198 3312 regno
1226 3221 1409 3310 coelorum,
1436 3219 1584 3292 fruentes
1610 3218 1708 3292 bonis
1729 3219 1858 3306 suturis,
1886 3241 1971 3314 quae

602 3358 669 3408 non
697 3346 876 3407 transcunt.

706 3452 749 3523 Et
775 3452 827 3523 hio
854 3461 888 3522 et
913 3452 979 3522 illic
1004 3472 1066 3522 nos
1095 3473 1211 3522 omnes
1238 3451 1333 3522 simui
1360 3460 1394 3521 et
1417 3452 1598 3543 aequaliter
1614 3452 1853 3540 confitebimur,
1881 3452 1970 3523 ado-

603 3567 748 3638 rabimus
776 3579 810 3640 et
835 3567 1040 3639 laudabimus
1067 3569 1211 3654 Patrem,
1239 3577 1273 3638 et
1298 3566 1428 3656 Filium,
1455 3577 1489 3637 ct
1515 3568 1670 3662 Spiritum
1698 3580 1857 3659 sanctum,
1883 3589 1971 3639 nune

604 3692 637 3752 et
663 3704 807 3777 semper,
835 3694 869 3754 et
895 3688 927 3754 in
955 3682 1088 3755 saecula
1117 3682 1337 3755 saeculorum.

706 3865 831 3962 Siqnot
855 3873 1016 3960 nrqsterio
1043 3876 1077 3938 et
1103 3868 1237 3962 reliquo
1264 3869 1378 3937 omnin
1399 3870 1549 3960 perficit,
1576 3874 1614 3938 nt
1639 3872 1675 3939 io
1692 3869 1850 3964 Liturqie
1864 3871 1969 3963 Apo-

603 3981 773 4052 stolorum.

663 4638 725 4728 IN
766 4637 1106 4729 ttionemn
1146 4638 1458 4731 Titnouotn
1498 4639 1906 4732 INTERPRETIS

1170 4830 1399 4915 hottt.

947 5042 980 5112 1.
1014 5041 1176 5135 Liturqio
1206 5043 1380 5115 Theodori
1405 5044 1618 5138 Interpretia.

714 5195 786 5274 ism
808 5208 942 5292 Litargia
965 5211 1045 5272 inter
1067 5229 1119 5290 ¹cas
1143 5229 1220 5290 quac
1243 5212 1272 5272 in
1294 5211 1472 5276 Nestoriana
1495 5212 1631 5275 Ecclesia
1654 5210 1891 5293 frequentantur,
1914 5232 1969 5277 se-

604 5313 701 5375 cunda
729 5320 789 5375 est:
820 5320 963 5394 extatque
995 5314 1045 5397 in*
1055 5311 1213 5398 omnibus}
1221 5313 1375 5379 codicibus
1406 5314 1624 5396 manuscriptis.
1668 5314 1743 5378 Eam
1764 5334 1832 5379 curn
1853 5318 1969 5414 duabus
