5150 6534
581 937 587 946 .
624 861 675 940 llll
699 860 869 941 stands
891 860 1161 941 ldllhOlllTAllUll
1181 862 1230 939 ΕΤ
1253 859 1520 938 JAOOBITAROM
1539 860 1734 940 tutatus.
1826 853 1863 929 V

492 1048 613 1122 lacobi
647 1048 827 1122 Edesseni:
858 1049 1051 1123 Philoxeni:
1090 1047 1245 1120 Eleazari
1287 1049 1438 1143 episcopi
1474 1047 1677 1143 Babylonis:
1710 1046 1861 1121 Thomas

492 1164 753 1239 Giarmachitae:
785 1164 903 1239 Narsis
928 1167 1089 1256 Diodori,
1114 1165 1308 1237 Barsomae.
1334 1163 1436 1240 Addit
1461 1171 1580 1235 extare
1611 1164 1698 1259 apud
1730 1163 1861 1236 Nesto-

492 1286 607 1354 rianos
632 1281 780 1353 Nestorii
806 1291 841 1353 et
865 1279 1067 1355 Theodoreti
1092 1280 1273 1372 Liturgias,
1307 1280 1368 1351 sed
1401 1300 1483 1375 quas
1509 1302 1578 1352 non
1610 1280 1740 1351 viderit
1792 1281 1860 1354 Di-

494 1409 582 1470 ctum
608 1408 660 1469 εει
686 1395 775 1486 alibi,
800 1396 1026 1472 Abrahamum
1051 1397 1296 1485 Echellensem,
1323 1406 1357 1467 ει
1381 1395 1566 1469 Maronitas
1591 1395 1759 1489 reliquos,
1798 1400 1861 1469 etsi

404 1563 408 1571 ·
495 1513 538 1585 dc
561 1512 717 1585 Ecclesia
743 1524 777 1584 et
803 1512 845 1583 de
870 1512 987 1585 litteris
1015 1514 1277 1601 benemeritos,
1304 1532 1408 1606 saepe
1434 1521 1545 1584 tamen
1577 1522 1613 1582 ut
1646 1511 1860 1585 Orientalium

495 1628 700 1701 consuetudo
727 1628 804 1717 fert,
831 1629 1013 1703 affirmasse
1038 1627 1152 1718 multa,
1179 1650 1265 1722 quae
1292 1630 1321 1699 si
1348 1626 1413 1697 alia
1433 1629 1622 1699 testimonia
1648 1626 1768 1717 desint,
1794 1650 1862 1700 non

494 1743 592 1816 lacile
618 1744 710 1815 credi
737 1744 889 1835 debcant.
916 1745 996 1818 Tria
1021 1767 1107 1817 vero
1134 1746 1340 1839 potissimum
1366 1744 1400 1813 in
1428 1742 1491 1813 hac
1518 1746 1764 1815 enumeratione
1791 1744 1861 1817 ob-

499 1860 679 1933 servanda·
694 1868 778 1932 sunt.
806 1860 951 1932 Primum
977 1870 1030 1934 εει
1055 1863 1198 1933 reticere
1223 1857 1475 1949 Echellensem,
1503 1859 1590 1953 quod
1616 1862 1747 1953 priores
1772 1860 1862 1951 illae,

496 1998 578 2070 quas
625 1986 743 2047 extare
778 1976 855 2047 dicit
888 1976 1079 2069 Liturgiae,
1126 1998 1277 2071 maeque
1313 1997 1408 2047 snum
1446 1977 1481 2046 in
1517 1974 1647 2048 Missali
1682 1971 1863 2048 Chaldaico

494 2090 604 2162 locum
630 2102 815 2188 occupant,
849 2093 945 2164 aliter
978 2096 1111 2165 omnino
1145 2113 1184 2163 sc
1209 2091 1332 2163 habent
1365 2095 1399 2162 in
1433 2089 1604 2163 codicibus
1630 2090 1729 2162 MSS.
1766 2114 1863 2187 quarn

496 2209 531 2277 in
564 2207 670 2280 editis.
723 2208 923 2296 Secundum,
951 2208 1095 2303 quodsi
1130 2210 1261 2279 unicam
1297 2210 1502 2303 excipimus,
1542 2230 1628 2303 quae
1664 2218 1716 2280 est
1740 2207 1861 2280 Jacobi

484 2321 607 2396 ¹fratris
632 2323 777 2413 Domini,
802 2322 951 2417 reliquae
978 2312 1093 2395 omnes
1118 2322 1344 2395 Jacobitarum
1360 2328 1517 2420 propriae
1534 2333 1620 2414 sunt,
1647 2346 1713 2396 non
1734 2322 1863 2396 Ortho-

498 2438 673 2511 doxorum.
727 2440 874 2511 Tertium
902 2440 989 2534 quod
1024 2437 1142 2511 multas
1179 2441 1289 2513 omisit
1314 2462 1399 2534 quae
1424 2443 1633 2536 reperiuntur
1658 2444 1692 2510 in
1719 2444 1864 2536 optimae

497 2566 598 2627 notae
624 2554 807 2645 codicibus,
832 2567 866 2627 et
899 2555 981 2628 alias
1007 2560 1194 2646 recensuit,
1231 2577 1316 2651 quae
1352 2554 1574 2628 Orientalibus
1608 2559 1745 2647 ignotae
1779 2566 1864 2629 sunt

498 2670 579 2743 Illud
606 2694 707 2767 porro
735 2670 938 2745 enucleatius
965 2673 1091 2768 patebit
1117 2674 1317 2743 enumeratis
1343 2670 1407 2743 illis
1432 2671 1609 2764 hiturgiis,
1636 2693 1723 2766 quae
1747 2672 1805 2743 vel
1830 2677 1864 2743 in

498 2786 650 2859 Romana
678 2788 822 2859 editione
848 2798 935 2878 sunt,
961 2787 1019 2860 vel
1045 2793 1077 2861 in
1105 2786 1275 2859 codicibus
1302 2773 1399 2858 MSS.

601 2903 673 2975 Vll.
707 2902 856 2995 Liturgia
892 2903 1010 2976 Jacobi
1045 2904 1157 2977 fratris
1188 2906 1322 2976 Domini
1361 2925 1447 2997 quae
1482 2904 1680 2998 reliquarum
1720 2909 1864 2978 omnium

501 3017 618 3091 Oanon
645 3028 708 3107 est,
735 3042 776 3090 ca
802 3022 930 3091 ratione
958 3043 1055 3114 quarn
1082 3018 1159 3091 alibi
1187 3019 1441 3114 explicavimus:
1468 3020 1595 3090 scilicet
1608 3031 1643 3091 ut
1668 3024 1774 3115 prima
1791 3025 1864 3114 ejus

499 3156 590 3229 pars,
619 3157 705 3228 quae
729 3156 835 3227 usque
872 3134 914 3205 ad
942 3135 1097 3222 Osculum
1132 3138 1225 3230 pacis
1259 3134 1466 3233 perducitur,
1504 3135 1655 3207 omnibus
1691 3140 1864 3228 inserviat,

500 3253 593 3341 cujus
625 3249 701 3321 loco
728 3250 829 3346 Xysti
860 3250 1004 3322 Romani
1037 3251 1219 3343 Liturgiam
1252 3248 1395 3321 Romani
1427 3248 1571 3322 editores
1608 3249 1864 3343 substinuerunt,

497 3368 592 3457 juxta
619 3365 856 3461 exemplarium
882 3370 1104 3439 recentiorum
1130 3368 1239 3439 iidem.

602 3481 761 3572 Ejusdem
788 3481 909 3553 Jacobi
934 3483 1084 3574 Liturgia
1120 3481 1275 3571 brevior,
1310 3485 1344 3553 in
1370 3484 1537 3577 epitomen
1562 3482 1700 3554 redacta
1727 3507 1747 3555 a
1773 3482 1865 3555 Gre-

500 3599 598 3689 gorio
626 3596 779 3668 Jacohita
807 3596 981 3669 Oatlrolico
1010 3598 1171 3671 Orientis:
1199 3608 1275 3670 ante
1303 3621 1408 3672 annos
1435 3621 1502 3670 non
1526 3600 1657 3671 multos.

602 3713 692 3785 Petri
718 3711 880 3808 Principis
907 3714 1158 3810 Apostolorum,
1186 3714 1272 3786 edita
1301 3718 1392 3785 etin
1419 3714 1516 3786 MSS.
1545 3715 1725 3787 codicibus.

603 3830 694 3901 Petri
719 3829 833 3924 Papae
859 3829 1018 3902 Romani:
1045 3833 1077 3901 in
1106 3830 1250 3901 editione
1276 3830 1441 3920 Romana,
1468 3830 1528 3902 sed
1553 3853 1620 3902 non
1642 3834 1806 3903 invenitur
1831 3834 1865 3902 in

501 3943 600 4017 MSS.
628 3942 825 4017 Codicibus:
853 3946 1029 4040 titulusque
1056 3948 1322 4040 suspectissimus
1350 3958 1410 4022 est.

602 4059 716 4131 Tertia
742 4061 832 4131 Petri
858 4060 1018 4157 Principis
1046 4061 1285 4157 Apostolorum
1320 4066 1452 4133 nomine
1489 4072 1583 4133 extat
1615 4065 1648 4134 in
1684 4058 1864 4137 Codicibus

503 4174 703 4248 Colbcrtinis
731 4187 764 4246 ει
790 4176 1008 4268 Seguicriano
1035 4199 1112 4248 uno.
1270 4194 1273 4200 ’

605 4290 784 4363 Clementis
812 4291 954 4363 Romani
980 4296 1014 4363 in
1040 4292 1138 4366 MSS.

604 4408 760 4504 Dionysii
785 4407 1001 4481 Atheniensis
1027 4413 1160 4480 nomine
1186 4431 1251 4480 una
1278 4419 1371 4481 extat
1397 4414 1430 4481 in
1445 4408 1557 4500 MSS,
1584 4411 1644 4482 sed
1670 4412 1712 4483 ab
1740 4434 1781 4484 ea
1808 4414 1865 4485 di-

503 4545 605 4595 versa
632 4532 684 4593 εει
710 4546 808 4617 quam
835 4524 986 4596 Romana
1013 4525 1112 4596 editio
1139 4535 1377 4620 repraesentat
1543 4620 1546 4627 ¹

604 4635 655 4708 Ea
682 4661 766 4711 vero
795 4663 892 4735 mam
918 4641 1111 4713 Atheniensi
1127 4641 1281 4730 tribuunt,
1309 4643 1487 4714 secundum
1502 4643 1637 4716 codices
1662 4644 1761 4717 MSS.
1783 4667 1867 4741 opus

503 4760 553 4824 est
579 4753 733 4849 Dionysii
759 4756 920 4827 barsabbi
947 4757 1178 4852 Metropohtae
1205 4759 1346 4831 Amidae
1373 4760 1556 4832 Jacobitae.

606 4870 725 4961 Ignatii
759 4871 958 4945 Antiochcni
986 4872 1145 4970 Episcopi
1182 4884 1216 4945 et
1249 4874 1408 4970 Martyris
1447 4880 1481 4947 in
1520 4877 1664 4949 editione
1701 4877 1865 4967 Romana,

500 5005 640 5079 prorsus
669 4985 775 5058 dillert
802 4987 843 5059 ab
872 4987 975 5059 altera
1003 4991 1153 5079 ejusdem
1179 4990 1260 5062 tituli
1286 4991 1372 5062 MS&

606 5102 712 5174 Marci
737 5102 977 5196 Evangchstae
1004 5109 1036 5175 in
1072 5106 1223 5179 Romana
1251 5108 1410 5179 editione:
1442 5110 1476 5181 in
1501 5107 1733 5204 Manuscriptis
1765 5110 1868 5208 planc

504 5216 649 5290 diversa.
1107 5231 1109 5233 ’

1912 2940 2004 2993 Earum
2020 2941 2186 2994 adamantio.
