5150 6534
586 865 670 958 434‘
1095 850 1105 878 ”
1151 864 1179 943 n
1205 862 1230 942 o
1256 849 1281 939 r
1306 865 1334 941 n
1360 847 1579 943 r
1616 837 1677 934 ³5.

585 1063 669 1130 noris
692 1053 857 1125 autoritatis
877 1053 1065 1131 argumento.
1110 1046 1260 1111 Habemus
1291 1046 1365 1110 illud
1388 1065 1429 1111 ex
1449 1046 1605 1133 liturgiae
1630 1045 1732 1112 liosilir
1755 1046 1904 1129 Ooer
1923 1055 1955 1111 ct

586 1157 735 1230 Arabicus
756 1148 920 1231 exempluri
942 1152 1065 1225 nostro,
1100 1146 1181 1227 quod
1209 1148 1291 1210 inter
1312 1145 1470 1227 diversus,
1487 1154 1533 1211 ¹et
1548 1151 1650 1230 2'qnae
1667 1146 1706 1209 ab
1734 1145 1956 1227 murrinum

586 1266 709 1335 absunt3
731 1262 764 1318 ut
784 1251 872 1315 etiam
894 1263 912 1307 n
933 1243 1031 1328 Regio
1052 1244 1169 1308 Graeco
1187 1245 1322 1309 Arabico
1344 1245 1480 1328 ejusdem
1494 1245 1648 1332 Liturqiae
1670 1242 1785 1309 Codice
1808 1243 1954 1310 sarmada

585 1359 647 1426 ,τοῦ
668 1341 847 1428 &oeconomi
867 1361 923 1408 seu
946 1342 1049 1407 0souli
1071 1345 1168 1425 pacis,
1191 1363 1256 1407 eam
1287 1361 1366 1426 quoe
1395 1344 1590 1426 bajusinitio
1611 1345 1723 1427 legitur
1747 1344 1826 1425 ipsis
1852 1344 1955 1408 ναῶ

584 1456 799 1542 repraesentat,
822 1462 889 1507 cum
909 1442 1007 1505 titulo.
1059 1441 1167 1506 Oratio
1196 1443 1304 1505 Putris
1330 1444 1431 1506 nurui
1454 1443 1586 1507 iocans
1600 1442 1758 1507 'anuas
1780 1462 1846 1523 pro
1865 1446 1961 1525 poth

294 1603 363 1652 ω,
383 1616 398 1642 f
417 1606 463 1638 m
480 1599 571 1635 uerior
586 1558 689 1624 osculo
714 1550 758 1612 oo
781 1545 914 1608 Putrem.
964 1540 998 1603 ln
1027 1541 1161 1605 Arabico
1198 1559 1371 1623 perperam.
1426 1540 1534 1605 Oratio
1565 1541 1670 1605 Putris
1696 1539 1959 1607 minolon-dr

283 1616 575 1746 Μέπίρωωρηος
587 1646 801 1737 chrysostomi,
817 1661 879 1722 pro
897 1659 978 1721 poce
999 1642 1104 1704 dando
1124 1643 1168 1703 od
1188 1641 1321 1703 Patrem.
1361 1641 1456 1704 Forte
1478 1641 1546 1722 quis
1567 1641 1647 1705 foret
1668 1640 1806 1704 loannes
1826 1640 1963 1705 nosue-o

283 1778 344 1836 ,qs
377 1786 410 1817 κ,
438 1771 641 1820 mammenus
662 1743 812 1832 ignoravit
832 1741 986 1821 interpres
1008 1740 1156 1819 Jacobita,
1180 1746 1231 1803 nut
1255 1740 1286 1803 id
1309 1741 1457 1804 commisit
1478 1740 1559 1822 qnod
1581 1758 1642 1804 non
1663 1738 1758 1802 semel
1778 1738 1959 1804 ostenaet

283 1875 353 1924 μικ-
583 1854 642 1929 ulii,
665 1851 714 1911 aut
736 1838 863 1917 inscitia,
887 1836 1037 1916 iecerunt,
1060 1846 1111 1901 aut
1133 1839 1204 1902 dolo
1226 1838 1316 1914 malo,
1339 1838 1408 1901 dum
1422 1857 1464 1902 cx
1476 1839 1627 1903 nominum
1640 1837 1834 1903 similitudine
1856 1843 1952 1921 quaa-

583 1955 650 2015 dam
672 1939 800 2020 antiquis
822 1936 959 1999 Patribus
981 1936 1160 2013 tribuerunt,
1183 1956 1261 2019 quae
1283 1937 1474 2001 recentiores
1504 1944 1626 2001 autores
1653 1936 1811 2000 baberent
1861 1938 1897 2001 ln
1916 1957 1952 2002 ea

581 2066 654 2111 vero
677 2047 763 2124 parte
785 2055 843 2118 per
863 2036 944 2118 piam
966 2035 1111 2111 fraudem,
1134 2036 1190 2099 sed
1212 2034 1348 2099 fraudem
1377 2044 1486 2117 tamen,
1510 2054 1588 2118 quae
1611 2035 1692 2099 nulla
1719 2036 1785 2119 teqi
1818 2055 1953 2100 exeusa-

580 2154 661 2212 tione
683 2145 795 2222 potest,
818 2142 1023 2217 peccaverunt
1045 2151 1231 2217 magnopere
1252 2133 1419 2198 Maronitae
1442 2136 1471 2198 in
1494 2133 1627 2200 editione
1643 2130 1774 2199 Missalis
1798 2134 1951 2201 candori

579 2249 691 2310 Romae
713 2237 800 2299 lacta.
845 2235 880 2296 ln
902 2252 938 2298 ea
962 2236 1040 2297 enim
1062 2234 1241 2297 Atheniensi
1262 2234 1411 2316 Dionysio
1433 2235 1515 2298 Pauli
1539 2235 1687 2317 discipulo
1705 2234 1874 2320 Litnrgiarn
1896 2238 1953 2300 tri-

578 2342 718 2410 buerunt,
741 2351 819 2415 quae
841 2333 872 2394 in
894 2333 983 2396 oodd.
1006 2333 1089 2397 MSS.
1112 2350 1222 2396 nornen
1249 2332 1340 2397 habet
1362 2333 1500 2415 Dionysii
1519 2333 1666 2398 Barsalibi
1687 2334 1862 2398 Amidensis
1884 2336 1953 2399 lle-

578 2434 739 2519 tropolitae
761 2431 928 2497 lacobitae.
980 2432 1096 2516 ignatio
1126 2429 1317 2495 Antiocheno
1344 2432 1485 2513 blartyri,
1514 2450 1593 2515 quaa
1621 2433 1744 2496 alterius
1772 2430 1884 2515 ignatii
1912 2449 1952 2496 ex

578 2536 685 2602 eadem
707 2537 792 2593 secta
814 2530 878 2595 luit.
923 2530 1031 2593 loanni
1055 2530 1291 2613 chrysostomo,
1319 2549 1396 2612 quae
1425 2530 1550 2595 loannis
1579 2532 1703 2596 alterins
1734 2539 1765 2594 et
1794 2529 1951 2597 haeretici.

578 2637 618 2699 At
640 2632 689 2694 hic
712 2638 820 2693 noster
841 2629 1007 2706 Bostrenos
1030 2630 1157 2707 Graece,
1180 2629 1259 2693 idem
1282 2630 1388 2711 quiet
1408 2629 1602 2697 liaeorensie.
1654 2631 1729 2694 Nam
1759 2631 1818 2694 etsi
1838 2630 1960 2711 nomn

579 2734 616 2796 de
640 2747 700 2811 qua
723 2728 904 2810 Stephanus,
927 2730 978 2793 ubi
1001 2729 1126 2793 Colonia
1147 2726 1279 2793 Romana
1307 2728 1373 2809 luit,
1396 2731 1481 2812 cujus
1504 2732 1614 2793 nummi
1637 2738 1740 2794 extant
1762 2730 1869 2812 piures
1892 2731 1953 2795 lau*-

578 2832 633 2896 tini
656 2838 687 2892 et
709 2828 914 2905 Graecinum
936 2829 1041 2891 eadem
1062 2830 1112 2908 sit,
1136 2848 1214 2911 quae
1236 2847 1318 2892 nuno
1346 2830 1481 2892 Arabum
1501 2828 1642 2908 Basore,
1671 2828 1795 2892 noviter
1817 2829 1855 2893 ub
1877 2831 1953 2912 ipsis

579 2927 734 2994 aedificata
758 2934 789 2990 et
810 2927 932 3008 munita,
963 2928 1070 2992 eodem
1096 2936 1196 2991 tamen
1221 2929 1290 2992 loco
1320 2938 1372 2993 aut
1398 2927 1497 2992 meino
1526 2946 1594 2992 oum
1623 2927 1731 3009 luerit,
1758 2946 1819 3012 pro
1846 2929 1952 2994 eadem

579 3027 680 3091 habita
702 3034 759 3091 est.

1023 3288 1058 3359 2.
1099 3289 1221 3359 Oratio
1248 3294 1330 3359 onte
1356 3286 1494 3360 Pacem.

672 3495 782 3573 Nomi
804 3508 909 3571 melior
930 3507 1018 3589 hujus
1040 3507 1100 3571 loci
1123 3508 1284 3589 explicatio
1306 3505 1370 3570 dari
1392 3515 1505 3589 potest,
1528 3527 1616 3589 quam
1637 3509 1704 3591 ipsa
1728 3510 1827 3573 oratio
1849 3516 1884 3571 ut
1904 3508 1951 3571 le-

581 3611 663 3691 gitur
685 3611 764 3691 apud
787 3610 937 3693 Coptitas:
961 3630 1038 3692 quae
1061 3611 1141 3675 edita
1163 3619 1210 3675 est
1230 3612 1261 3673 in
1283 3613 1425 3676 versione
1448 3612 1602 3696 liturgiae
1626 3610 1771 3693 Copticae
1793 3611 1907 3677 Basilii.

1113 3959 1148 4030 3.
1191 3959 1316 4030 Oratio
1344 3959 1420 4030 ocii.

671 4163 764 4242 Rnno
787 4177 836 4240 hio
857 4178 960 4242 titulus
984 4180 1116 4242 occurrit
1142 4180 1172 4241 in
1196 4179 1330 4261 Syriacis
1352 4179 1513 4261 liturgiis,
1544 4178 1649 4242 eadern
1677 4186 1777 4242 tamen
1800 4186 1848 4241 est
1871 4188 1951 4261 qua'c'

579 4278 610 4339 in
633 4277 757 4342 Graecis
785 4290 815 4343 et
837 4281 968 4364 Coptiois
996 4283 1104 4346 dicitur
1131 4281 1193 4344 τοῦ
1213 4270 1507 4360 καταπετάσματος
1538 4281 1575 4345 de
1605 4300 1664 4363 qua
1694 4281 1806 4344 dictum
1834 4290 1883 4345 est
1910 4280 1946 4345 ad

581 4377 743 4462 liturgiam
764 4380 876 4464 Basilii.

667 4653 699 4719 A.
742 4643 816 4738 Hoc
838 4655 906 4718 loco
924 4663 1016 4718 autor
1037 4656 1104 4720 inse
1127 4657 1302 4737 mysterium
1318 4656 1531 4720 incarnationis
1554 4656 1696 4738 explicat,
1719 4636 1806 4718 recte
1828 4655 1946 4735 quidam

574 4766 723 4837 ,quantum
754 4757 790 4820 nd
813 4750 994 4839 rejiciendas
1016 4767 1138 4822 veteres
1160 4759 1315 4840 haereses,
1338 4762 1517 4840 praesertim
1535 4759 1720 4842 Apollinaris
1742 4766 1774 4820 et
1785 4757 1945 4838 Eutychis:

582 4875 656 4938 ques
677 4857 833 4921 Jacobitae
854 4875 943 4920 unam
966 4868 996 4921 et
1018 4859 1151 4921 eamdem
1175 4878 1245 4922 esse
1267 4859 1464 4941 pertendunt:
1488 4878 1593 4922 verum
1615 4879 1655 4921 ex
1671 4857 1945 4939 blonophysitarnnr

581 4957 740 5033 sententia,
762 4975 823 5020 non
846 4976 934 5019 unam
955 4959 1045 5020 modo
1074 4976 1250 5039 personam,
1282 4959 1337 5021 sed
1366 4976 1454 5020 unam
1484 4967 1618 5021 naturam
1645 4956 1795 5038 agnoscit.
1846 4955 1948 5037 Atque

580 5052 657 5117 haec
680 5065 754 5135 erat,
780 5065 886 5139 estque
910 5046 1069 5120 etiamnum
1090 5057 1451 5135 Jacobitarumdoctrina,
1474 5058 1532 5121 illis
1547 5055 1797 5120 confessionibus
1819 5056 1947 5116 maxime
1997 5049 2000 5052 ’

581 5154 694 5235 similis,
718 5175 841 5238 quarum
865 5158 979 5238 aliquas
1001 5157 1155 5218 retulimus
1185 5158 1214 5218 in
1243 5158 1376 5221 llistoria
1397 5157 1634 5220 Patriarcharum
1655 5154 1949 5218 Alexandrinorum:

580 5256 732 5335 variisque
755 5256 933 5320 testimoniis
955 5274 1033 5338 quee
1055 5256 1168 5337 passim
1190 5264 1353 5319 occurrunt
1375 5258 1406 5319 in
1428 5256 1571 5319 Tractatn
1592 5257 1644 5337 qui
1665 5255 1838 5318 inscribitur
1859 5253 1950 5315 Fides

579 5353 715 5418 Puteum.
