5150 6534
721 1390 787 1482 IN
828 1388 1211 1482 LITURGItlld
1255 1388 1519 1482 BASILII
1565 1390 1599 1482 t
1645 1393 1852 1490 uasto

977 1593 980 1600 ’
1115 1605 1465 1688 OOllVllllSdbl

949 1813 1625 1937 OBSERVATIONES.

698 2105 840 2199 Qusuvrs
871 2134 911 2178 ex
941 2115 1054 2178 autoris
1083 2117 1218 2199 nomine,
1251 2120 1331 2201 quod
1353 2119 1423 2184 huic
1444 2120 1599 2203 Liturgiae
1622 2120 1789 2203 praefixum
1813 2130 1878 2201 est,
1909 2121 1976 2185 aliis

602 2220 823 2284 recentioribus
846 2219 993 2301 praeponi
1015 2219 1066 2282 illa
1090 2221 1254 2300 debuisset,
1278 2224 1361 2304 juxta
1383 2221 1553 2285 methodum
1568 2239 1657 2303 quam
1672 2223 1702 2285 iu
1715 2222 1772 2288 bac
1788 2222 1975 2289 Collectione

601 2318 805 2393 servavimus,
833 2318 902 2398 quia
925 2325 1024 2381 tamen
1047 2320 1127 2382 edita
1150 2321 1260 2383 dudum
1289 2321 1391 2384 versio
1421 2320 1500 2383 illius
1528 2317 1627 2384 iuerat
1661 2341 1678 2385 a
1705 2323 1772 2385 viro
1801 2322 1975 2386 doctissimo

602 2418 726 2482 Andrea
740 2416 847 2495 blasio,
872 2435 938 2479 eam
960 2418 1086 2499 reliquis
1109 2418 1326 2499 subjiciendam
1345 2419 1553 2501 J'udicavimus.
1582 2418 1621 2481 Ut
1633 2420 1673 2482 ita
1685 2418 1852 2484 laceremus
1865 2438 1977 2484 causae

601 2517 791 2599 potissimum
821 2512 899 2578 duae
928 2516 1056 2579 luerunt.
1110 2518 1207 2580 Prima
1235 2526 1282 2581 est
1312 2517 1394 2600 quod
1426 2525 1510 2581 extat
1537 2518 1568 2578 in
1596 2519 1784 2600 paucissimis
1815 2518 1976 2582 codicibus

602 2612 813 2696 manuscriptis
835 2613 912 2678 baec
933 2614 1084 2697 Liturgia,
1107 2617 1148 2679 ita
1170 2625 1203 2679 ut
1224 2636 1281 2698 per
1304 2635 1400 2681 annos
1421 2617 1532 2679 multos
1555 2615 1667 2679 trustra
1689 2637 1706 2681 a
1728 2618 1816 2681 nobis
1839 2607 1976 2698 quaesita

601 2715 703 2794 luerit,
725 2719 849 2793 reperta
872 2713 991 2775 tandem
1012 2715 1043 2776 in
1066 2717 1190 2796 optimo,
1213 2724 1245 2779 et
1266 2716 1340 2779 satis
1362 2723 1483 2779 vetusto
1507 2713 1621 2779 Codice
1639 2714 1824 2783 Colbertino.
1862 2714 1922 2779 Sed
1944 2714 1976 2777 iu

602 2813 711 2878 ecdem
741 2829 801 2874 non
832 2810 888 2873 soli
917 2811 1030 2876 Basilio
1062 2814 1220 2895 tribuitur,
1251 2823 1284 2878 ut
1313 2817 1344 2877 in
1373 2832 1523 2895 ecquem
1544 2813 1658 2876 Masius
1681 2823 1805 2878 secutus
1828 2823 1891 2892 est,
1919 2813 1976 2877 sed

603 2910 754 2995 Gregorio
777 2910 936 2994 Theologo
959 2911 1154 2994 conjunctim:
1186 2913 1266 2995 quod
1287 2914 1468 2977 observatur
1490 2912 1580 2975 etiam
1602 2912 1633 2974 in
1655 2915 1747 2976 variis
1770 2914 1808 2976 de
1826 2914 1897 2994 jure
1919 2931 1976 2975 re-

601 3007 723 3089 sponsis
745 3007 985 3090 Ecclesiasticis,
1014 3028 1092 3092 quae
1115 3012 1222 3076 iisdem
1245 3011 1467 3076 adscribuntur.
1512 3009 1618 3072 Altera
1641 3030 1732 3075 causa
1756 3010 1811 3074 luit
1832 3018 1866 3074 ut
1887 3014 1974 3075 istam

531 3170 534 3176 ,
600 3107 729 3171 seorsim
758 3105 933 3188 ederemus,
965 3117 995 3172 et
1025 3129 1065 3173 ex
1091 3106 1177 3174 blasii
1206 3112 1367 3186 versione;
1395 3110 1466 3191 quia
1493 3109 1616 3172 labores
1639 3126 1817 3193 magnorum
1839 3111 1975 3173 virorum

491 3218 492 3222 ’
600 3223 657 3287 per
680 3224 757 3287 quos
780 3207 982 3288 proiecimus,
1006 3210 1144 3272 revereri
1166 3210 1282 3289 potius,
1307 3227 1395 3291 quam
1418 3209 1607 3289 supprimere
1629 3207 1774 3300 debemus
1781 3228 1791 3284 ;
1820 3215 1882 3271 tum
1905 3209 1974 3288 quia

602 3304 754 3368 multoties
777 3305 873 3385 edita,
896 3305 1060 3388 Theologis
1082 3305 1235 3371 familiaris
1258 3314 1320 3386 est,
1351 3307 1402 3388 qui
1430 3308 1488 3368 nisi
1517 3306 1639 3389 linguae
1668 3307 1759 3387 periti
1789 3308 1865 3382 sint,
1894 3323 1974 3369 nova

602 3420 696 3483 saepe
718 3404 970 3486 interpretatione
992 3404 1219 3468 conturbantur.
1264 3405 1303 3468 Et
1332 3405 1383 3469 illa
1411 3422 1486 3468 saue
1509 3422 1570 3467 non
1593 3412 1659 3468 erat
1681 3404 1840 3467 admodum
1863 3422 1975 3468 neces·

602 3502 698 3578 saria,
726 3521 795 3565 cum
817 3503 927 3585 ubique
950 3501 1046 3566 ferme
1068 3504 1247 3567 senteutiam
1271 3503 1389 3585 Syriaci
1412 3502 1533 3566 Codicis
1556 3501 1685 3565 lideliter
1706 3502 1819 3566 Masius
1842 3521 1975 3584 expres-

603 3601 694 3680 serit,
727 3602 757 3663 in
788 3604 868 3665 notis
898 3601 1040 3665 brevibus
1069 3610 1101 3664 et
1128 3600 1318 3684 praefatione
1346 3601 1505 3683 aliquando
1534 3601 1745 3682 cespitaverit,
1778 3601 1858 3683 quod
1885 3601 1975 3665 vitari

601 3699 654 3761 vix
682 3705 821 3780 poterat,
852 3719 920 3763 cum
949 3719 1038 3764 nemo
1070 3708 1139 3764 ante
1169 3700 1249 3762 illum
1280 3699 1421 3782 Syriacos
1451 3702 1527 3762 ritus
1560 3698 1785 3764 Eucharisticos
1819 3701 1974 3781 explicare

602 3814 770 3881 aggressus
792 3796 879 3861 foret.
924 3798 970 3861 De
992 3797 1050 3862 boc
1073 3808 1251 3881 argumento
1274 3797 1392 3861 dicetur
1413 3807 1539 3879 postea,
1570 3796 1608 3860 de
1635 3799 1778 3862 versione
1807 3816 1902 3880 pauca
1926 3799 1975 3861 di·

603 3895 699 3959 cenda
721 3904 800 3960 sunt.

688 3994 722 4057 lu
744 3996 839 4058 sacris
864 3993 992 4073 Officiis,
1023 4002 1054 4058 et
1081 3995 1301 4058 Ecclesiasticis
1331 3995 1487 4076 precibus,
1518 3995 1604 4057 stilus
1627 3996 1769 4077 proprius
1792 4003 1855 4074 est,
1885 4013 1974 4076 quem

603 4094 761 4157 multorum
785 4092 976 4156 saeculorum
998 4111 1071 4155 usus
1095 4094 1302 4168 consecravit,
1332 4094 1383 4175 qui
1412 4094 1441 4155 in
1465 4111 1579 4156 summa
1600 4094 1789 4176 simplicitate
1812 4093 1974 4174 majestatis

602 4191 694 4255 babet
715 4192 884 4274 plurimum,
907 4211 964 4255 nec
986 4193 1082 4254 minus
1105 4192 1235 4274 pictatis.
1281 4191 1338 4264 Qui
1361 4193 1528 4275 scripturas
1550 4210 1671 4271 sacras,
1702 4195 1789 4275 quasi
1818 4211 1877 4256 nou
1899 4192 1974 4254 satis

604 4289 731 4374 elegans
754 4289 832 4354 loret
855 4291 960 4354 Latina
982 4292 1096 4370 versio,
1120 4290 1239 4352 cultiori
1261 4289 1330 4353 stilo
1353 4292 1542 4372 interpretati
1564 4300 1643 4371 sunt,
1666 4299 1699 4354 ut
1720 4293 1799 4354 inter
1821 4291 1897 4354 alios
1912 4288 1975 4353 Ca-

605 4388 709 4468 stalio,
740 4390 879 4472 exiguam
910 4390 1030 4453 laudern
1057 4389 1229 4466 consecuti,
1257 4405 1363 4470 parum
1390 4389 1515 4470 reliquis
1542 4388 1729 4470 profuerunt.
1773 4390 1854 4452 ldem
1876 4405 1974 4469 prope

603 4487 700 4551 blasio
722 4488 752 4549 iu
775 4488 832 4551 bac
854 4491 995 4552 versione
1018 4491 1163 4572 contigit,
1192 4487 1261 4551 dum
1283 4488 1389 4551 Latine
1411 4487 1493 4569 loqui
1516 4488 1654 4565 allectat,
1684 4487 1761 4550 adeo
1789 4494 1822 4548 ut
1844 4485 1974 4549 Cicero-

603 4586 760 4649 nianorum
783 4588 901 4650 illorum
924 4588 1063 4670 exemplo
1086 4606 1180 4651 voces
1203 4586 1386 4665 salvatoris,
1416 4586 1695 4663 consubstantialis,
1721 4584 1974 4667 regenerationis,

605 4692 636 4746 et
658 4685 816 4748 nonnullas
848 4685 921 4748 alias
952 4686 1068 4770 fugisse
1099 4686 1252 4765 videatur,
1275 4694 1308 4748 ut
1330 4685 1402 4748 ubas
1424 4686 1629 4750 substitueret.
1674 4684 1737 4746 Nos
1758 4684 1789 4745 in
1812 4684 1877 4745 aliis
1899 4701 1975 4745 ver·

605 4782 703 4846 tendis
735 4784 771 4846 ab
795 4786 915 4865 antiqua
936 4785 1127 4866 simplicitate
1148 4803 1210 4847 non
1231 4786 1429 4865 recessimus,
1460 4784 1645 4847 Graecorum
1666 4790 1803 4845 veterum
1826 4780 1975 4844 Christia-

604 4899 711 4945 norum
733 4901 830 4962 more,
853 4884 904 4964 qui
926 4884 1037 4964 spretis
1054 4884 1175 4966 linguae
1192 4902 1266 4948 suae
1281 4884 1508 4965 copiosissimae
1521 4882 1641 4961 divitiis,
1664 4883 1879 4962 scripturarum
1904 4877 1974 4940 stilo

605 4997 714 5061 preces
748 5001 853 5046 omnes
883 5000 954 5044 suas
985 4992 1214 5063 expresserunt,
1260 4983 1375 5046 Novam
1404 4983 1577 5044 versionem
1605 4979 1678 5042 dare
1708 4997 1784 5060 opus
1814 4994 1875 5042 non
1899 4984 1975 5054 erat,

605 5096 673 5141 cum
695 5099 735 5142 ex
758 5082 824 5144 aliis
847 5080 1008 5164 Liturgiis,
1032 5083 1059 5143 si
1081 5081 1160 5162 quod
1183 5082 1345 5145 discrimen
1367 5081 1528 5143 locutionis
1552 5084 1745 5156 occurreret,
1769 5076 1857 5140 laoile
1879 5074 1978 5157 possit

606 5180 741 5261 agnosci.
787 5177 861 5240 lllud
886 5179 974 5241 etiam
997 5179 1114 5243 dililcile
1136 5179 1258 5243 luisset:
1289 5199 1357 5243 nam
1380 5177 1536 5259 exemplar
1558 5194 1619 5257 quo
1641 5193 1714 5237 usus
1737 5183 1783 5237 est
1805 5174 1935 5251 blasius,
1958 5189 1977 5233 a

607 5275 784 5340 Colbertiuo
806 5277 905 5339 dillert
927 5280 957 5340 in
979 5279 1095 5341 multis:
1123 5279 1203 5341 istud
1226 5297 1319 5361 porro
1341 5278 1438 5342 solum
1460 5278 1519 5340 huc
1541 5294 1638 5356 usque
1659 5274 1792 5342 nancisci
1814 5273 1976 5356 potuimus.

604 5372 757 5459 Integram
779 5394 819 5440 ex
841 5392 879 5439 eo
901 5378 1073 5441 versionem
1095 5379 1253 5441 instituere
1276 5394 1390 5459 operae
1413 5376 1542 5459 pretium
1563 5391 1626 5437 uon
1648 5379 1725 5450 erat,
1747 5390 1847 5453 neque
1868 5369 1976 5453 perlici

1677 5474 1755 5550 73*
