5150 6534
899 852 944 928 IN
976 853 1228 930 LlTUllGth
1265 855 1671 934 NESTOerlNORUll.
1895 859 1971 934 599

601 1035 669 1097 heio
691 1037 816 1115 proprie
839 1036 918 1097 dieto
941 1039 1117 1118 saepissime
1142 1047 1312 1119 usurpatur.
1365 1041 1446 1101 llaec
1475 1060 1550 1103 vero
1578 1042 1671 1103 verba
1700 1044 1729 1104 in
1763 1042 1828 1104 aliis
1859 1042 1970 1107 Ohloiis

601 1152 660 1195 non
691 1136 896 1214 reperiuntur,
926 1135 980 1196 sed
1012 1154 1115 1197 eornm
1144 1138 1212 1199 loeo
1243 1139 1370 1200 Gratias
1400 1159 1527 1219 operans
1553 1140 1693 1206 Domino.
1745 1142 1819 1204 lllud
1850 1161 1970 1224 quoque

600 1236 754 1316 singulare
778 1242 825 1296 est
848 1237 876 1297 in
900 1238 959 1297 ritu
981 1236 1171 1308 Nestoriuno,
1197 1238 1275 1317 qnod
1301 1239 1499 1317 interponitur
1522 1240 1636 1302 incensi
1659 1242 1818 1323 impositio,
1843 1249 1873 1303 et
1895 1262 1970 1305 ora-

600 1336 642 1395 tio
666 1342 795 1412 secreta,
820 1335 856 1396 ud
879 1337 1007 1416 gratiam
1024 1337 1248 1415 postulandam,
1272 1356 1338 1399 curn
1359 1339 1387 1397 in
1406 1338 1471 1398 aliis
1494 1337 1603 1400 Olllciis
1627 1344 1725 1401 statim
1753 1349 1823 1421 post
1840 1340 1970 1420 Dipsium

601 1441 631 1494 et
644 1437 759 1512 justum
783 1443 829 1494 est
851 1436 1000 1497 Sacerdos
1030 1437 1151 1516 incipiat
1175 1436 1391 1516 praefationem
1422 1437 1459 1498 ab
1484 1438 1587 1498 iisdem
1610 1440 1729 1516 verbiS,
1760 1459 1885 1520 eamque
1909 1458 1970 1501 nno

603 1541 709 1594 tenore
731 1552 826 1612 usquc
851 1535 886 1594 ad
910 1533 1049 1615 hymnum
1075 1536 1273 1598 Cherubienm
1305 1544 1515 1617 prosequatur.
1565 1537 1598 1597 ln
1623 1537 1783 1600 Codieibus
1814 1538 1970 1600 Ecclesiae

601 1631 801 1694 llalabaricae
826 1632 936 1716 legitur
959 1636 1064 1696 eadem
1088 1638 1195 1712 orati0,
1220 1644 1252 1697 nt
1274 1644 1448 1716 sequentes
1472 1638 1500 1696 in
1524 1637 1631 1716 ‹prihus
1653 1640 1761 1700 iterum
1785 1657 1971 1700 commemo-

601 1734 734 1793 rationes
758 1731 830 1793 finiit
852 1743 1023 1795 sanctornm
1032 1756 1040 1809 3
1065 1753 1134 1795 snos
1157 1737 1295 1796 ainornm
1319 1742 1349 1796 et
1373 1742 1566 1812 olorinorum,
1591 1737 1670 1815 qtsod
1694 1738 1722 1798 in
1746 1737 1811 1799 aliis
1827 1738 1970 1819 Liturgiis

602 1831 783 1894 observatur
806 1840 873 1892 anne
899 1835 1169 1913 consecrationem,
1193 1834 1341 1915 prolixius
1366 1835 1453 1895 etium
1477 1835 1635 1914 aliqnando
1659 1838 1823 1916 interjectis
1846 1837 1971 1898 Diaconi

601 1932 814 1992 munitionibus
838 1932 873 1992 ad
898 1933 1053 2009 orandum,
1090 1942 1119 1994 et
1142 1934 1246 2014 populi
1269 1934 1422 2012 precibus,
1446 1934 1539 2015 h'prie
1562 1935 1692 2010 eleison,
1721 1936 1904 2015 repetentis:
1938 1944 1972 1997 ut

602 2032 781 2110 praesertim
805 2032 833 2090 in
858 2032 951 2093 hlurei
976 2033 1101 2104 Graeca,
1126 2042 1156 2094 et
1180 2033 1284 2115 Cyrilli
1309 2033 1444 2113 Coptica,
1468 2051 1545 2111 qnae
1569 2042 1638 2094 sunt
1662 2035 1776 2100 eadem.
1809 2036 1842 2096 ln
1865 2035 1971 2116 Syria-

602 2130 645 2190 cis
668 2128 870 2191 Jacobitarunr
895 2134 991 2210 statim
1021 2133 1196 2211 proceditur
1225 2133 1261 2194 ad
1292 2132 1561 2196 consecrationem.
1611 2133 1644 2193 ln
1667 2132 1735 2194 llitu
1757 2134 1861 2196 Latino
1885 2153 1970 2195 eom-

602 2230 833 2291 mcnmrationes
856 2239 1039 2309 sanctornm,
1064 2233 1250 2293 etsiverum
1275 2233 1513 2311 praemittuntur,
1537 2230 1590 2293 sed
1614 2233 1804 2311 paucioribus
1829 2232 1940 2296 serbis,

828 2491 886 2560 th.
926 2493 973 2562 Et
999 2497 1117 2562 sepiat
1142 2493 1288 2563 Daret-inc
1314 2492 1466 2584 Spiritus
1492 2491 1653 2582 Sanctus,
1681 2501 1744 2564 cte.

714 2682 748 2757 hs
771 2692 827 2754 hae
851 2695 986 2755 oratione
1011 2694 1199 2756 observanda
1224 2703 1293 2757 sunt
1316 2696 1405 2757 multa
1430 2692 1508 2775 quac
1530 2696 1648 2758 maximi
1672 2695 1709 2756 ad
1735 2693 1886 2776 liturgias
1910 2716 1968 2758 ex-

601 2796 757 2876 plicandas
780 2799 921 2857 momenti
944 2806 1020 2859 sunt.
1045 2798 1185 2860 Continet
1206 2797 1254 2858 illa
1277 2798 1500 2861 luvocationcm
1513 2799 1640 2886 Spiritus
1663 2799 1759 2860 saneti
1776 2817 1869 2878 snper
1891 2800 1969 2861 donn

601 2898 770 2975 proposita,
795 2895 913 2975 illisque
936 2898 1153 2976 propemodum
1170 2898 1281 2972 verbis,
1306 2899 1413 2977 quibas
1438 2899 1466 2958 in
1490 2899 1555 2959 aliis
1569 2898 1692 2959 Graecis
1708 2895 1969 2978 Orientalibnsqne

601 2994 744 3075 Litnrgiis
767 2997 956 3074 exprimitur3
981 2997 1036 3057 nisi
1060 2996 1140 3076 quod
1164 3015 1233 3076 pars
1257 2996 1336 3058 illins
1359 2998 1526 3076 posterior,
1556 2998 1584 3056 in
1608 3014 1665 3076 qna
1689 2996 1811 3071 dicitnr,
1842 3006 1871 3057 et
1891 2999 1970 3059 lianc

601 3096 719 3174 quidem
739 3114 850 3172 pruriens
870 3095 971 3173 {eiciat
992 3115 1103 3174 corpus
1116 3094 1238 3171 Christi,
1262 3104 1291 3156 et
1311 3099 1391 3175 qrrod
1413 3099 1444 3156 in
1467 3097 1562 3157 ecrtiee
1584 3103 1629 3156 cst
1650 3098 1823 3174 surrpainern
1847 3094 1971 3170 Charini,

601 3211 662 3253 nori
687 3193 867 3274 adjungitur.
915 3193 973 3254 Sed
996 3193 1091 3255 verba
1114 3196 1169 3255 ista
1202 3203 1235 3255 at
1257 3213 1323 3254 conr
1346 3195 1526 3255 oblationem
1548 3194 1705 3255 benedicat
1734 3202 1764 3254 et
1789 3194 1970 3272 sanctificet,

602 3292 736 3353 eamdem
760 3299 938 3372 potestatem
961 3292 1080 3353 babent.
1110 3294 1166 3354 Est
1189 3301 1287 3354 antem
1311 3293 1384 3354 hacc
1407 3293 1559 3353 luvocatio
1584 3310 1620 3352 eo
1643 3291 1796 3373 Liturgiae
1818 3291 1886 3354 loeo
1909 3311 1969 3372 po-

601 3391 669 3468 situ,
693 3411 752 3472 quo
777 3392 937 3471 arniquitns
961 3391 1038 3452 illam
1062 3393 1155 3454 luisse
1189 3391 1324 3455 nonnulli
1346 3391 1516 3467 voluerunt,
1541 3398 1571 3451 nt
1595 3392 1671 3452 inter
1694 3391 1769 3453 alios
1792 3391 1968 3472 Neophytos

600 3488 764 3564 RhodinnS,
788 3500 817 3552 et
841 3492 1035 3553 obscuriores
1055 3510 1114 3552 rron
1138 3493 1236 3571 pauci,
1260 3493 1310 3570 qui
1340 3490 1561 3552 lnvocationem
1586 3490 1681 3568 qualis
1704 3498 1786 3550 extat
1816 3490 1845 3549 in
1868 3489 1970 3551 Basilii

601 3589 871 3671 Clnpsostmniquc
893 3590 1046 3670 Litargiis,
1072 3593 1281 3671 transpositum
1310 3592 1566 3665 existimauerunt,
1589 3592 1693 3669 paucis
1717 3598 1814 3651 tamen
1837 3607 1969 3668 persua-

600 3697 713 3749 serunt.
758 3689 800 3749 lta
825 3691 946 3769 quippe,
971 3689 1051 3769 quod
1074 3709 1182 3772 magno
1213 3698 1324 3753 conatu
1354 3688 1552 3750 amoliendum
1576 3695 1774 3764 censuerunt,
1803 3705 1862 3749 non
1893 3707 1969 3768 spe-

601 3788 693 3847 ctabit
716 3787 868 3848 luvocatio
893 3789 929 3848 ad
954 3788 1166 3866 perficiendam
1196 3790 1472 3862 consecrationem,
1502 3789 1570 3867 quia
1602 3788 1679 3848 dicta
1702 3789 1760 3848 crit
1783 3796 1852 3848 astte
1874 3786 1969 3849 verba

599 3887 771 3948 Dominiea:
795 3906 893 3965 ireque
917 3889 995 3947 ‹nnm
1019 3890 1099 3949 orari
1123 3907 1214 3968 posse
1239 3908 1331 3968 super
1355 3888 1440 3950 donis
1459 3889 1521 3967 jam
1543 3890 1745 3962 consecratis,
1774 3904 1886 3966 capere
1909 3903 1969 3946 un-

600 4003 687 4065 quam
712 3988 808 4066 potnit
839 3986 954 4047 illorum
986 3986 1134 4048 hominnm
1165 3986 1340 4068 'l'beologia
1393 3987 1476 4048 llane
1506 3984 1729 4047 luvocationem
1758 3988 1783 4045 si
1810 3986 1968 4063 vidissent,

599 4103 724 4164 magnas
753 4085 828 4146 barse
852 4085 985 4164 liturgia
1016 4084 1120 4146 laudes
1151 4085 1188 4145 ab
1219 4085 1275 4147 illis
1305 4093 1469 4147 consecuta
1497 4083 1618 4162 luisset,
1654 4102 1818 4165 otnnesque
1848 4103 1888 4146 ex
1918 4083 1968 4146 illa

600 4183 805 4245 reformandas
828 4185 1022 4264 pronuntiare
1051 4202 1111 4244 non
1144 4184 1345 4261 dubitassent,
1376 4184 1451 4246 adeo
1479 4183 1584 4245 haeret
1614 4185 1717 4244 animis
1746 4183 1863 4246 illorum
1894 4183 1970 4244 haec

600 4285 713 4362 opinio.
751 4284 792 4344 At
814 4292 935 4344 veteres
958 4282 999 4343 illi
1023 4283 1091 4361 Syri
1115 4301 1240 4362 qnorum
1263 4284 1347 4344 llitns
1371 4282 1541 4344 Nestoriani
1568 4284 1709 4361 proprios
1732 4281 1787 4344 sibi
1820 4283 1968 4361 lecerunt,

600 4390 630 4444 ct
654 4384 841 4444 recentiores
871 4383 920 4462 qui
950 4382 998 4442 illa
1023 4380 1124 4443 Ollicia
1148 4385 1258 4460 scripta
1282 4384 1486 4461 reliquerunt,
1522 4388 1572 4442 ant
1603 4399 1662 4442 non
1692 4382 1748 4443 sibi
1778 4381 1966 4460 constabant,

601 4491 651 4543 aut
673 4483 760 4543 aliter
783 4482 961 4557 sentiebant,
985 4500 1052 4543 cum
1075 4482 1100 4541 si
1123 4482 1153 4540 in
1175 4483 1270 4560 prima
1304 4482 1360 4542 ista
1383 4481 1518 4562 Litargia
1540 4479 1695 4541 luvocatio
1719 4478 1846 4558 Spiritus
1869 4482 1967 4543 suncti

599 4600 692 4661 snper
716 4581 792 4642 dona
816 4582 969 4659 proposita
992 4581 1051 4656 liat,
1076 4587 1144 4641 ante
1165 4582 1357 4659 pronuntiata
1371 4580 1482 4643 Christi
1495 4581 1600 4656 verbu,
1623 4597 1722 4658 nequo
1745 4580 1847 4640 similis
1871 4580 1966 4640 altera

599 4680 744 4758 deinceps
768 4679 1008 4759 praescribatur,
1039 4681 1068 4739 in
1092 4679 1206 4741 duabus
1230 4679 1333 4741 alteris
1356 4678 1508 4741 Theodori
1531 4686 1562 4740 et
1583 4678 1732 4754 Nestorii,
1761 4677 1867 4740 eodem
1898 4677 1967 4740 loco

599 4781 781 4859 assignatur,
805 4797 864 4857 quo
889 4786 970 4839 extat
994 4781 1021 4839 in
1046 4777 1187 4855 Graecis,
1219 4785 1249 4840 et
1271 4779 1475 4841 Orientalibus
1498 4778 1658 4860 Litargiis,
1690 4776 1824 4856 ipsisqnc
1854 4775 1967 4853 verbiS,

600 4898 676 4958 quac
701 4895 818 4953 stomun,
843 4886 874 4937 nt
897 4879 979 4937 oium
1003 4876 1188 4938 Graecorum
1210 4876 1352 4939 haeresin
1375 4886 1479 4957 aperte
1508 4878 1693 4938 conhrmant.
1738 4875 1799 4936 lmo
1823 4876 1852 4935 in
1873 4874 1967 4936 hlissa

600 4976 753 5038 Theodori
784 4976 1002 5054 interjiciuntur
1025 4978 1176 5037 orationes
1200 4977 1309 5038 multae
1333 4978 1411 5037 inter
1426 4976 1536 5037 Christi
1560 4975 1652 5036 verba
1676 4983 1705 5034 ct
1728 4974 1964 5052 lnsocationem

599 5074 679 5154 qtrod
703 5092 760 5134 riou
784 5075 916 5135 occurrit
939 5077 968 5135 iu
992 5075 1067 5139 aliis.
1119 5075 1167 5136 Ex
1189 5076 1252 5137 sola
1276 5076 1477 5137 Malabarieao
1501 5075 1609 5137 Missae
1632 5074 1736 5134 latina
1759 5073 1910 5151 versione,
1932 5080 1966 5135 ut

599 5175 687 5235 etiam
716 5193 755 5234 ex
784 5174 896 5236 Codice
927 5176 1040 5254 scripto
1074 5194 1162 5236 mann
1190 5173 1314 5256 losephi
1348 5174 1537 5236 Putriarehae
1572 5173 1702 5252 suspicio
1729 5174 1814 5235 nasci
1846 5180 1967 5253 poterat

598 5291 793 5352 snprpressam
815 5273 908 5335 luisse
932 5282 981 5335 ann
1005 5275 1215 5357 transpositam
1245 5274 1486 5350 luvocationcm,
1517 5292 1557 5334 ex
1579 5272 1782 5352 praejudicata
1812 5273 1973 5356 opinione,

598 5372 683 5453 cnjus
707 5372 813 5434 landas
838 5372 891 5435 luit
914 5375 1165 5438 'turrecrematae
1188 5372 1348 5453 disputatio
1371 5372 1553 5454 Florentiae,
1578 5371 1661 5451 eujus
1684 5379 1783 5435 tamen
1806 5371 1883 5434 ratio
1906 5369 1966 5434 ba·
