5150 6534
1002 912 1033 988 s,
1059 911 1194 988 xisru
1224 913 1369 990 ruris
1394 913 1582 1051 equum.
1748 888 1750 891 ’
1904 915 1977 991 rso

706 1094 891 1169 Sacerdos.
944 1096 988 1168 Et
1021 1096 1164 1191 Spiritus
1200 1099 1324 1189 sancti,
1354 1101 1525 1195 principii,
1552 1098 1788 1193 perfectionis,
1814 1111 1849 1172 et
1875 1100 1976 1191 sigilli

603 1214 748 1283 omnium
774 1236 861 1307 quae
894 1222 1032 1285 suntet
1066 1211 1197 1284 fuerunt
1228 1215 1261 1284 in
1295 1214 1392 1285 coelo
1426 1224 1461 1285 et
1491 1217 1524 1286 in
1556 1225 1663 1287 terra:
1697 1218 1792 1288 unius
1826 1218 1976 1303 arturis,

601 1328 698 1399 unius
722 1330 914 1422 potcstatis,
950 1330 1044 1399 unius
1077 1319 1275 1420 voluntatis,
1301 1332 1397 1401 unius
1423 1329 1487 1401 Dei
1513 1332 1606 1420 reri3
1640 1330 1820 1422 benedicti,
1848 1328 1976 1402 excelsi

603 1451 638 1514 ct
663 1442 808 1533 indivisi,
836 1467 856 1515 a
883 1465 948 1539 quo
978 1452 1032 1515 est
1056 1445 1128 1515 vita
1154 1446 1187 1515 in
1214 1444 1349 1517 saecula
1376 1445 1596 1519 saeculorum.

845 1782 1020 1855 Sacerdos
1046 1784 1132 1855 dicit
1159 1784 1358 1856 Orationem
1384 1791 1464 1856 onie
1490 1784 1591 1856 Pater
1617 1745 1741 1857 noster.

707 1989 814 2083 Aperi
846 1988 990 2061 Domine
1015 1991 1126 2077 Deus,
1162 2012 1223 2062 ora
1250 2000 1284 2062 et
1307 1987 1396 2063 iahia
1416 1998 1549 2061 nostru:
1577 1988 1747 2061 sanctifica
1771 1989 1871 2059 etiam
1889 2009 1975 2060 cor-

603 2125 688 2198 pora
715 2113 750 2175 et
775 2107 901 2177 animas
929 2108 1072 2178 omnium
1106 2115 1270 2178 nostrum:
1306 2127 1414 2202 purga
1450 2126 1583 2200 quoque
1614 2114 1743 2176 mentes
1777 2111 1811 2173 ct
1845 2104 1975 2196 linguas

602 2229 750 2308 nostras,
777 2230 813 2291 ut
838 2219 1084 2316 deprecabundi
1110 2220 1290 2294 clamemus
1318 2221 1359 2293 ad
1393 2231 1446 2312 tc,
1478 2221 1583 2291 Pater
1614 2218 1916 2294 misericordiarum
1942 2228 1977 2290 et

603 2332 697 2407 Deus
733 2336 908 2408 coelestis:
952 2358 1152 2431 oremusque
1192 2346 1226 2407 et
1260 2336 1416 2409 dicamus.
1485 2336 1587 2407 Pater
1624 2344 1738 2407 noster
1777 2336 1831 2428 qui
1868 2354 1906 2405 es
1942 2337 1975 2404 in

604 2450 718 2523 coelis.
877 2533 879 2538 ,
1178 2448 1180 2451 ’

707 2567 870 2661 Pop-alas.
922 2567 1153 2640 Sanctificetur
1178 2590 1300 2641 nomen
1327 2580 1425 2640 tuum.

706 2682 891 2753 Sacerdos.
944 2683 1063 2754 Omnia
1091 2686 1189 2755 etiam
1217 2705 1304 2778 quae
1329 2705 1393 2757 nos
1420 2682 1606 2754 deteriores
1625 2690 1681 2753 out
1706 2678 1975 2775 imperfectiores

601 2794 738 2886 iaciunt,
764 2801 797 2869 in
825 2821 866 2869 ea
893 2808 1058 2871 commuta
1086 2802 1194 2888 citius,
1220 2801 1374 2887 Domine,
1402 2821 1488 2894 quae
1515 2820 1578 2871 nos
1600 2797 1756 2869 meliores
1777 2806 1811 2868 et
1837 2794 1975 2888 dignio-

601 2933 660 2984 res
687 2913 840 2985 efficiant:
868 2924 902 2986 et
927 2913 1112 2988 referemus
1139 2914 1197 2987 tibi
1223 2914 1379 3006 gloriam,
1406 2924 1469 2986 etc.

706 3029 867 3123 Populos.
921 3011 1039 3103 Amen.

706 3144 891 3223 Sacerdos.
943 3147 1027 3217 Pax.

706 3260 867 3353 Populos.
919 3259 1063 3333 Etcum
1090 3263 1205 3355 spiritu
1236 3268 1302 3332 tuo.

706 3374 894 3448 Diaconos.
946 3376 1106 3449 Inclinate
1137 3382 1246 3473 capita
1273 3385 1398 3450 vestra.

707 3492 868 3584 Populos.
924 3486 1049 3564 Coram
1077 3502 1120 3564 te.

706 3606 890 3680 Sacerdos.
944 3608 1069 3679 Omnes
1106 3611 1236 3699 gratiae
1263 3618 1357 3696 tuae,
1392 3628 1574 3702 omnesque
1606 3603 1858 3682 henedictiones
1886 3620 1972 3697 tuae,

601 3731 637 3795 et
663 3727 773 3795 omnia
802 3724 889 3798 dona
916 3733 972 3796 tua
1004 3723 1135 3813 divina,
1170 3728 1325 3814 veniant,
1358 3722 1533 3795 illabantur
1565 3731 1599 3793 et
1630 3722 1836 3795 effundantur
1872 3745 1974 3818 super

600 3836 790 3912 Ecclesiam
817 3849 923 3929 tuam,
960 3850 993 3911 et
1024 3862 1125 3935 super
1156 3862 1298 3931 gregem
1325 3850 1433 3928 tuum,
1460 3839 1613 3925 Domino,
1641 3848 1675 3910 et
1701 3839 1887 3911 referemus
1916 3837 1975 3910 tibi

601 3953 754 4047 gloriam,
782 3964 846 4026 etc.

707 4069 870 4163 Ropolos.
922 4070 1167 4164 Unusquisque.

706 4185 891 4257 Sacerdos.
944 4185 1028 4256 Pax.

707 4300 868 4393 Populos.
924 4299 968 4372 Et
995 4322 1068 4372 cum
1095 4304 1210 4395 spiritu
1238 4308 1304 4372 tuo.
1423 4303 1425 4308 ’

635 4481 640 4488 ,ῃ
705 4414 889 4488 Sacerdos.
942 4414 1056 4487 Gratia
1099 4416 1268 4487 Trinitatis
1311 4426 1448 4488 sauctae
1488 4425 1522 4486 et
1553 4414 1749 4507 gloriosae,
1789 4420 1971 4507 increatae,

601 4531 790 4603 essentialis
818 4541 1049 4621 electorum,
1076 4531 1268 4604 adorandae
1296 4543 1329 4603 et
1355 4529 1661 4620 consubstantialis,
1688 4533 1730 4601 sit
1757 4555 1830 4604 cum
1858 4539 1972 4607 omni-

600 4642 665 4717 bus
691 4647 805 4736 vobis,
831 4646 953 4719 iratres
981 4650 1056 4738 mci,
1083 4650 1115 4719 in
1143 4648 1289 4719 saecula.

707 4761 868 4855 Populos.
921 4762 965 4833 Et
991 4785 1065 4834 cum
1093 4766 1209 4857 spiritu
1235 4773 1304 4835 tuo.

707 4875 882 4948 Sacerdos
909 4877 1046 4949 elevans
1073 4901 1213 4972 corpus,
1241 4880 1335 4949 dicit.
1383 4878 1545 4967 Sanctus,
1574 4877 1735 4968 Sanctus,
1762 4875 1906 4948 Sanctus
1934 4901 1973 4950 es

600 4990 746 5063 Domine
772 4992 865 5063 Deus
898 5004 1019 5088 potens
1054 4992 1218 5081 Sabaoth,
1253 4994 1343 5088 pleni
1376 4996 1451 5065 sunt
1484 4992 1570 5064 coeli
1597 5003 1630 5063 ct
1658 5000 1745 5062 terra
1773 4991 1881 5082 gloria
1907 5002 1973 5063 tua.

600 5106 750 5179 Elevare
776 5130 878 5202 super
904 5110 1031 5197 coeloe,
1058 5111 1163 5198 Deus,
1191 5118 1225 5181 ct
1251 5130 1352 5202 super
1379 5129 1510 5180 omnam
1538 5118 1660 5179 terram
1680 5106 1789 5197 gloria
1816 5116 1881 5176 tua.
1917 5106 1974 5178 Ad

600 5231 637 5293 te
662 5222 777 5294 levavi
804 5222 921 5297 oculos
948 5245 1056 5314 meos,
1083 5227 1138 5319 qui
1163 5223 1292 5296 halritas
1328 5226 1362 5295 in
1394 5224 1509 5296 coelis.
1562 5224 1655 5294 Sicut
1682 5220 1769 5293 oculi
1796 5242 1973 5294 servorum

602 5334 646 5408 ad
673 5337 826 5411 dominos
854 5360 947 5429 suos,
975 5349 1010 5412 et
1036 5343 1121 5412 sicul
1147 5338 1233 5410 oculi
1260 5339 1399 5412 sucidae
1427 5339 1469 5412 ad
1496 5339 1661 5411 dominam
1688 5358 1799 5427 suam,
1827 5339 1871 5407 ita
1898 5344 1975 5409 sunt

627 5475 752 5519 rommn.
1721 5452 1768 5526 21
