5150 6534
601 806 676 882 506
1167 810 1399 888 NOTAE

598 991 693 1055 fusius
718 1002 918 1075 exponerent,
940 993 969 1056 id
993 991 1061 1076 Syri
1084 995 1326 1077 frequentissime
1349 996 1503 1074 lecerunt,
1526 1005 1558 1058 ut
1580 1006 1668 1060 autor
1690 1000 1776 1061 istius
1798 999 1967 1084 liturgiae,

600 1091 724 1155 aliorum
748 1094 896 1175 exemplo.
941 1093 1064 1156 Addidit
1094 1102 1193 1157 autem
1223 1095 1305 1176 quod
1333 1114 1373 1157 ex
1394 1096 1562 1178 Evangelio
1585 1115 1647 1159 uon
1669 1098 1814 1175 habetur,
1843 1101 1898 1162 sed
1926 1121 1969 1164 ex

598 1193 759 1256 traditione
781 1213 797 1255 a
821 1193 920 1255 multis
948 1194 1060 1255 sanctis
1091 1194 1228 1273 Patribus
1258 1193 1448 1272 confirmata,
1480 1195 1630 1259 Christum
1660 1196 1854 1261 sacramento
1885 1199 1969 1280 quod

597 1292 771 1354 instituebat
799 1292 1048 1367 communicasse3
1078 1293 1217 1373 idemque
1247 1294 1427 1355 observatur
1454 1294 1484 1355 in
1505 1294 1650 1377 liturgiis
1671 1295 1903 1377 Alexandrinis,
1935 1300 1968 1360 in

597 1391 801 1467 Nestorianis,
834 1399 864 1453 et
890 1393 920 1452 in
943 1390 1090 1472 aliquibus
1113 1393 1246 1473 Syriacis
1267 1392 1452 1457 Jacobiticis.
1499 1392 1611 1457 Omnes
1633 1395 1798 1457 secundum
1820 1396 1967 1479 Evange-

597 1491 682 1553 listas
711 1498 741 1553 et
767 1490 888 1553 Paulum
917 1490 1096 1571 Apostolum
1126 1491 1237 1553 habent
1264 1492 1345 1572 quod
1368 1511 1425 1571 pro
1446 1492 1535 1553 cobis
1557 1500 1587 1554 et
1602 1512 1662 1572 pro
1685 1495 1784 1555 modis
1802 1495 1966 1576 frangitur,

598 1597 628 1652 et
646 1610 706 1671 pro
727 1590 814 1651 cobis
836 1597 866 1651 et
883 1609 942 1670 pro
964 1591 1063 1651 multis
1085 1588 1262 1670 effunditur,
1291 1589 1392 1652 nullae
1424 1590 1518 1652 lerme
1540 1599 1573 1653 ut
1596 1591 1644 1653 hic
1666 1592 1792 1676 legitur,
1820 1614 1880 1674 pro
1902 1597 1967 1657 vita

597 1689 708 1750 nocendi.
753 1689 812 1753 Sed
837 1697 938 1751 extant
961 1689 1080 1770 integra
1103 1688 1213 1751 Christi
1235 1690 1340 1767 verba,
1362 1689 1428 1751 Hoc
1451 1698 1497 1751 eet
1518 1688 1637 1770 Corpus
1658 1711 1763 1767 mcum,
1786 1700 1827 1769 et,
1849 1693 1907 1756 Hic
1922 1702 1969 1756 est

598 1786 682 1847 eatae
708 1788 864 1867 sanguinis
892 1789 960 1850 mei.
1005 1787 1038 1848 ln
1067 1804 1127 1848 uno
1159 1787 1272 1851 Codice
1303 1789 1429 1851 deerant
1459 1790 1489 1850 in
1517 1788 1613 1852 torma
1641 1788 1743 1853 calicis
1766 1793 1966 1855 consecrandi

597 1884 672 1947 baec
695 1887 795 1948 verba.
832 1885 890 1947 Hie
912 1893 958 1947 est
978 1886 1108 1966 Sanguis
1129 1906 1213 1948 meets
1234 1887 1315 1949 Novi
1337 1888 1515 1949 Testamenti
1535 1889 1587 1967 qni
1604 1907 1664 1967 pro
1686 1889 1966 1971 aobiseffunditur3

512 2042 516 2043 γ
596 1990 724 2064 peceato
746 1984 845 2064 potius
868 1983 980 2046 librarii
1002 1986 1226 2065 praetermissa,
1251 2004 1339 2066 quam
1362 1993 1447 2048 certo
1472 1986 1610 2063 consilio,
1633 2004 1700 2048 cum
1723 1988 1753 2047 in
1769 1986 1864 2049 altero
1878 1989 1967 2068 ejus-

597 2083 665 2144 dem
694 2082 850 2167 liturgiae
880 2084 1046 2164 exemplari
1076 2092 1211 2163 exstent,
1242 2085 1322 2147 unde
1352 2085 1401 2146 illa
1432 2084 1647 2165 supplevimus.
1690 2085 1769 2148 Sane
1799 2087 1829 2147 in
1859 2089 1965 2167 paucis

595 2181 654 2243 illis
682 2181 824 2265 liturgiis
852 2201 928 2262 quae
958 2183 1052 2244 verba
1076 2181 1187 2246 Christi
1218 2187 1370 2262 omittunt,
1400 2184 1430 2245 in
1460 2191 1588 2263 utraque
1618 2183 1713 2246 lorma
1744 2184 1965 2266 desiderantur,

595 2297 657 2343 non
680 2282 710 2341 in
733 2280 888 2347 alterutra.
932 2281 1125 2363 Paraphrasis
1149 2286 1338 2363 sequentium
1359 2283 1532 2360 verborum,
1555 2286 1795 2364 qcmtieseumque
1813 2284 1964 2363 feceritis,

595 2363 622 2443 si
645 2397 704 2442 non
727 2389 868 2444 accurate
891 2400 957 2443 cum
979 2381 1182 2463 Evangelistis
1206 2384 1364 2459 convenit,
1394 2390 1424 2444 at
1451 2383 1643 2463 perspicuam
1673 2384 1806 2444 continet
1833 2381 1902 2444 fidei
1925 2381 1964 2444 de

595 2479 783 2542 Eucharistia
806 2479 1036 2556 contessionem,
1060 2483 1186 2560 quaesi
1210 2482 1281 2562 qnid
1304 2482 1495 2544 obscuritatis
1519 2482 1548 2542 in
1571 2481 1629 2544 illis
1643 2482 1745 2544 verbis
1760 2481 1849 2558 toret,
1871 2482 1963 2562 plene

595 2577 770 2657 discuteret,
794 2579 862 2641 dum
885 2580 965 2661 quod
990 2578 1138 2643 Christum
1157 2580 1314 2660 Apostolis
1337 2581 1561 2643 denuntiantem
1583 2589 1793 2660 repraesentat
1809 2581 1964 2663 liturgiae

596 2686 697 2757 autor,
724 2679 860 2741 omnibus
883 2679 921 2741 ad
943 2679 1111 2742 Ecclesiam
1133 2699 1217 2742 suam
1241 2680 1446 2761 spectantibus
1470 2680 1647 2743 Christianis
1670 2682 1848 2761 praedicare
1870 2680 1964 2742 intel-

594 2777 735 2859 ligendus
758 2779 806 2842 sit.

594 3125 629 3196 3.
668 3125 713 3196 Ut
738 3125 921 3195 adveniens
946 3128 1174 3219 requiescens,
1200 3132 1234 3196 et
1261 3124 1405 3195 illubens
1421 3145 1523 3218 super
1538 3129 1700 3218 ntyateria
1724 3125 1812 3196 baec
1836 3148 1962 3218 panem

830 3240 962 3334 quidem
988 3247 1186 3317 armsnrmet
1212 3245 1248 3311 in
1276 3240 1408 3333 Corpus
1433 3240 1504 3312 Dei
1529 3244 1648 3329 nostri,
1676 3247 1740 3311 etc.

688 3432 742 3511 Dr
763 3442 982 3527 significatione
1004 3461 1122 3523 vocum,
1146 3462 1223 3524 quae
1246 3444 1276 3505 in
1300 3442 1355 3505 hac
1378 3443 1515 3505 oratione
1538 3423 1726 3522 trequentius
1749 3442 1958 3507 aChristianis

593 3547 794 3610 Orientalibus
817 3553 999 3628 usurpantur
1020 3548 1051 3609 in
1073 3544 1335 3609 observationibus
1351 3546 1638 3627 adaliasliturgias
1654 3546 1835 3623 dictumest,
1859 3566 1960 3628 quan-

592 3654 653 3709 tum
675 3648 748 3709 satis
771 3654 850 3708 erat:
874 3653 1035 3726 notumque
1051 3646 1186 3708 diversas
1200 3645 1279 3722 illas,
1300 3646 1413 3720 veniat,
1428 3645 1582 3721 illabetur,
1598 3647 1777 3725 requieseat,
1793 3645 1959 3726 obaerrdret,

592 3745 698 3807 eodem
721 3763 813 3807 sensu
834 3747 986 3826 usurpari:
1010 3745 1169 3826 aliquando
1192 3762 1291 3823 unam,
1314 3744 1419 3825 plures
1441 3745 1574 3824 saepius,
1597 3743 1651 3805 sed
1674 3745 1822 3806 sententia
1836 3762 1958 3825 semper

592 3845 706 3909 eadem.
728 3845 781 3906 llla
795 3853 852 3923 est,
876 3845 1022 3908 adventus
1045 3844 1171 3925 Spiritus
1194 3843 1290 3906 sancti
1313 3843 1453 3924 precibus
1468 3842 1624 3905 Ecclesiae
1645 3841 1826 3922 postulatus,
1848 3861 1958 3925 nempe
1976 3875 1982 3887 v

591 3941 716 4006 effeetus
739 3945 844 4026 aliquis
866 3962 958 4026 supra
980 3951 1104 4006 naturae
1128 3943 1278 4023 ordinem,
1309 3943 1490 4025 insigneque
1512 3940 1701 4004 miraculum:
1729 3947 1762 4003 ut
1783 3944 1958 4022 requiescat

591 4061 685 4122 super
706 4044 785 4106 dona
805 4045 978 4126 proposita,
1007 4043 1064 4113 hoe
1087 4051 1151 4121 est,
1175 4050 1207 4104 ut
1228 4042 1259 4104 in
1281 4041 1340 4104 illis
1363 4049 1508 4121 operetur
1528 4039 1617 4117 illud,
1645 4038 1772 4101 mirabili
1794 4040 1903 4122 illapsu
1925 4050 1957 4105 et

591 4143 816 4207 obumbratione
845 4163 913 4219 sua,
943 4141 1187 4225 quemadmodum
1216 4142 1246 4203 in
1276 4125 1408 4203 s'anetam
1430 4139 1585 4222 Virginem
1609 4139 1827 4218 superveniens
1849 4139 1957 4201 lncar-

590 4242 717 4303 nationis
735 4241 908 4322 mysterium
930 4244 961 4304 in
977 4261 1013 4305 ea
1026 4242 1202 4304 mirabiliter
1223 4240 1351 4321 perfecit
1371 4247 1404 4301 ut
1426 4239 1536 4301 docent
1551 4255 1654 4300 omnes
1669 4236 1838 4300 Orientales
1851 4237 1956 4301 Theo·

590 4339 671 4423 logi,
695 4342 920 4422 cujuscumque
935 4350 1046 4404 sectae.
1091 4340 1165 4403 Cum
1188 4358 1263 4402 vero
1294 4341 1323 4401 in
1353 4338 1490 4418 sequenti
1525 4338 1668 4400 orationis
1704 4343 1791 4417 parte
1827 4335 1955 4400 effeetus

589 4439 640 4502 ille
656 4441 806 4503 mirabiles
820 4440 1016 4521 significetur,
1035 4458 1130 4503 voces
1143 4440 1241 4502 varias
1254 4439 1285 4500 in
1297 4438 1440 4519 liturgiis
1457 4436 1588 4517 Syriacis
1601 4435 1807 4511 observamus,
1829 4454 1955 4516 quarum

589 4539 671 4602 nulla
693 4541 841 4623 integram
863 4540 908 4601 rei
932 4539 1123 4603 mutationem
1145 4558 1205 4602 non
1228 4538 1393 4622 significan
1422 4538 1448 4599 si
1475 4538 1593 4599 unicam
1620 4536 1785 4614 excipimus
1807 4543 1955 4615 quaeest

590 4651 665 4706 tttt'tt
688 4639 920 4719 respondentem
943 4638 1077 4704 Graecae
1100 4628 1278 4716 ἀναδεῖξαι.
1322 4637 1410 4699 lstam
1440 4652 1534 4717 porro
1563 4635 1642 4697 idem
1664 4633 1836 4717 significare
1858 4652 1894 4695 ac
1914 4622 1954 4696 cd

589 4739 696 4801 ποιεῖν
717 4740 875 4819 probatum
898 4748 954 4818 est,
978 4747 1067 4821 atque
1091 4739 1168 4802 adeo
1190 4756 1252 4800 vox
1264 4735 1388 4817 Syriaca
1405 4734 1512 4797 eodem
1534 4732 1623 4796 modo
1646 4733 1871 4813 interpretanda
1894 4740 1952 4812 est,

588 4845 621 4899 ut
643 4839 814 4919 complures
837 4840 912 4902 aliae
936 4839 1070 4902 Graecae
1093 4837 1229 4919 originis,
1256 4853 1316 4897 non
1338 4834 1426 4896 modo
1450 4833 1479 4894 in
1501 4832 1571 4895 stilo
1592 4831 1822 4911 Ecclesiastico,
1846 4831 1952 4894 sedin

589 4938 723 4999 omnibus
745 4956 843 5020 prope
865 4940 1040 5021 disciplinis,
1063 4955 1138 5019 quas
1157 4932 1225 5015 Syri
1247 4952 1302 4996 sua
1323 4932 1426 5014 lingua
1449 4930 1685 5012 explicaverunt.
1730 4931 1832 4993 Verba
1854 4938 1952 4991 autem

589 5036 695 5116 quibus
717 5044 839 5100 utuntur
861 5039 900 5101 ad
922 5037 1146 5120 significandam
1174 5034 1467 5109 transmutationem,
1497 5029 1591 5111 vulgo
1621 5027 1806 5109 respondent
1833 5029 1951 5091 Graeco

586 5122 710 5220 ποιήσῃ
728 5137 838 5216 faciet,
860 5137 989 5219 efficiet:
1012 5133 1170 5216 aliquando
1190 5117 1350 5215 τελειώσῃ
1367 5132 1524 5211 perficiat:
1551 5128 1582 5190 in
1604 5128 1755 5192 nonnullis
1777 5135 1809 5189 ut
1831 5128 1861 5189 in
1883 5126 1951 5204 ista,

588 5234 658 5314 quid
680 5253 738 5317 per
760 5254 796 5298 ea
817 5235 911 5298 verba
933 5234 1157 5316 intelligendum
1179 5232 1219 5294 sit
1239 5231 1411 5313 exprimunt
1432 5247 1488 5310 per
1509 5209 1606 5316 qbnnt
1633 5246 1712 5309 quae
1734 5244 1797 5289 vox
1817 5242 1952 5306 respon-

588 5332 639 5398 det
661 5332 796 5405 Graecae
817 5324 1048 5417 μεταβάλλειν.
1092 5332 1137 5399 Ea
1159 5331 1293 5396 occurrit
1322 5328 1439 5394 insola
1463 5347 1503 5392 ex
1525 5326 1662 5409 Graecis,
1690 5325 1827 5409 liturgia
1849 5321 1951 5404 Chry,-
