5150 6534
864 835 1043 917 lGNblll
1075 836 1395 913 Pnuutlnculu
1427 836 1723 914 lntlocuuut
1903 841 1974 915 531

605 1044 726 1119 prope,
743 1027 875 1119 'quique
900 1021 1002 1114 longe
1028 1026 1128 1117 positi
1155 1033 1247 1109 sunt,
1275 1026 1308 1093 in
1336 1026 1424 1094 omni
1450 1024 1529 1097 loco
1557 1033 1613 1094 aut
1634 1026 1786 1111 civitate,
1814 1034 1847 1096 et
1868 1049 1978 1121 quae-

605 1148 684 1211 runt
707 1162 831 1212 nomeu
855 1150 956 1212 tuum.
1010 1138 1177 1210 Memento
1205 1161 1321 1210 eorum
1350 1139 1392 1209 ad
1419 1139 1525 1211 altare
1558 1150 1665 1227 tuum,
1703 1140 1791 1235 quod
1827 1143 1978 1217 manibus

605 1253 729 1326 facturn
754 1276 822 1326 non
850 1264 917 1341 est,
946 1262 980 1324 et
1005 1252 1047 1324 ab
1075 1252 1227 1325 omnibus
1255 1252 1501 1343 absconditum3
1535 1256 1658 1347 adjuva
1686 1259 1784 1327 etiam
1811 1281 1872 1353 per
1900 1263 1979 1331 vir-

605 1380 709 1444 tutem
737 1382 825 1443 tuam
852 1392 968 1443 omues
996 1374 1050 1466 qui
1078 1380 1111 1441 te
1138 1374 1314 1460 invocant,
1350 1373 1383 1440 in
1409 1376 1509 1460 mari,
1546 1376 1579 1441 iu
1606 1382 1716 1460 terra,
1752 1376 1783 1443 in
1820 1374 1909 1446 bello
1945 1386 1979 1447 et

604 1509 701 1584 pace,
729 1491 762 1558 in
789 1488 934 1576 arcibus,
961 1489 994 1557 iu
1020 1486 1147 1574 insulis,
1174 1489 1207 1557 iu
1235 1486 1409 1574 columnis,
1435 1490 1467 1557 iu
1495 1485 1672 1576 montibus,
1700 1490 1732 1557 iu
1758 1489 1924 1584 speluncis
1945 1500 1979 1562 et

605 1606 777 1676 cavernis:
806 1605 913 1700 daque
941 1603 1002 1673 illis
1030 1613 1065 1674 ut
1090 1602 1262 1697 perficiant
1294 1613 1447 1673 exactam
1482 1603 1631 1694 regulam
1663 1607 1861 1676 monitorum
1894 1617 1976 1678 tuo-

604 1742 677 1792 rum
692 1720 991 1814 Evaugelicorum:
1018 1718 1203 1808 famelicos,
1231 1722 1451 1810 angustiatos,
1479 1740 1607 1810 egenos
1627 1731 1660 1790 et
1678 1742 1843 1813 pauperes
1860 1745 1976 1817 pasce,

592 1845 641 1907 vct
665 1837 868 1907 necessariis
896 1835 938 1905 ad
964 1839 1067 1906 vitam
1092 1835 1194 1907 rebus
1213 1840 1353 1907 instrue:
1381 1834 1539 1922 advenas,
1568 1833 1787 1925 alienigenas,
1815 1841 1976 1928 viatoreS,

602 1960 674 2023 tam
701 1959 792 2021 terra
819 1972 916 2044 quum
943 1955 1038 2041 mari,
1064 1951 1167 2023 reduc
1194 1952 1226 2021 iu
1253 1953 1398 2044 propria.
1451 1948 1582 2037 Nudos,
1611 1954 1757 2043 ejectos,
1786 1951 1977 2025 discalcea-

605 2075 672 2157 tos,
699 2075 755 2137 aut
780 2064 869 2137 nudo
898 2070 1006 2161 capite
1031 2071 1120 2139 vesti
1147 2075 1181 2137 et
1208 2069 1312 2160 operi.
1365 2067 1514 2157 Aegros,
1542 2064 1713 2137 doloribus
1741 2078 1897 2157 vexatos,
1917 2075 1974 2140 iu-

604 2179 718 2254 firmos
746 2191 780 2253 et
806 2204 866 2253 eos
894 2186 948 2277 qui
975 2181 1208 2253 tentationibus
1237 2180 1475 2268 conflictantur,
1502 2180 1607 2252 libera
1635 2192 1667 2252 et
1694 2202 1787 2255 sana.
1823 2183 1894 2259 Eos
1922 2190 1978 2282 qui

604 2300 871 2394 persecutionem
898 2301 1074 2394 patiuntur,
1103 2301 1216 2392 quiin
1244 2296 1436 2368 carceribus
1463 2307 1519 2368 aut
1544 2296 1698 2386 vincubs,
1726 2309 1783 2369 aut
1805 2304 1976 2374 tormentis

605 2423 700 2501 sunt,
727 2413 824 2486 salva
851 2422 885 2483 et
910 2414 1034 2504 libera,
1067 2412 1230 2507 nobisque
1258 2411 1410 2484 omnibus
1438 2414 1548 2484 servis
1575 2416 1639 2483 tuis
1667 2415 1848 2486 secuudum
1872 2439 1976 2490 veras

605 2532 847 2624 promissiones
874 2536 960 2616 tuas,
987 2532 1173 2624 iniquitates
1199 2539 1334 2601 nostras
1362 2527 1485 2600 dimitte
1513 2538 1547 2599 et
1569 2528 1740 2602 condona:
1769 2535 1845 2627 quia
1866 2536 1976 2605 omnia

603 2647 637 2715 in
664 2643 816 2715 manibus
843 2647 906 2713 tuis
933 2655 1029 2733 sunt,
1061 2654 1094 2716 et
1120 2643 1272 2717 omuibus
1299 2649 1455 2715 virtutem
1481 2643 1642 2739 praebes,
1675 2645 1800 2739 tibique
1834 2648 1976 2740 gloriam

605 2770 639 2832 et
663 2760 796 2833 landem
816 2758 1003 2847 referimus,
1029 2763 1266 2855 unigenitoque
1280 2760 1366 2832 Filio
1384 2769 1450 2846 tuo,
1479 2769 1513 2830 et
1528 2758 1664 2855 Spiritui
1681 2768 1738 2832 tuo'
1755 2766 1975 2837 sanctissimo.

707 2874 883 2946 Sacerdos
907 2876 1100 2946 inclinatus.
1141 2877 1291 2969 Diguare
1319 2866 1462 2948 Domine
1484 2878 1674 2949 meminisse
1695 2877 1826 2971 Regum
1850 2875 1866 2912 ⁴
1885 2880 1975 2951 fide-

605 2990 684 3063 lium
717 3001 752 3062 ct
785 2989 1075 3079 Ortbodoxorum,
1108 2992 1378 3089 Regiuarumque
1415 2990 1692 3079 Christianarum,
1725 2996 1907 3090 principum
1943 3006 1976 3067 et

604 3109 760 3195 omnium,
788 3110 842 3201 qui
869 3115 1035 3202 potestate
1062 3112 1156 3198 regia
1184 3109 1325 3203 aliquam
1354 3111 1563 3179 autoritatem
1592 3106 1752 3197 obtinent,
1780 3114 1834 3205 qui
1860 3134 1974 3183 curam

602 3224 726 3296 babent
750 3223 927 3295 Ecclesiae
953 3233 1041 3312 tuae,
1069 3232 1103 3295 et
1128 3247 1257 3296 manum
1285 3221 1449 3320 praebent
1474 3246 1622 3316 pascuae
1649 3235 1745 3314 tuae,
1773 3232 1871 3320 atque
1898 3226 1974 3297 cle-

601 3348 731 3410 menter
764 3348 796 3409 et
824 3342 914 3432 juste
946 3339 1095 3429 judicant
1120 3362 1261 3431 gregem
1288 3351 1393 3411 tuum:
1421 3342 1476 3433 qui
1504 3338 1607 3411 oculis
1634 3341 1730 3412 laetis
1759 3351 1792 3412 et
1818 3339 1973 3434 benignis

604 3457 808 3551 prospiciunt
833 3453 956 3550 populo
986 3466 1051 3527 tuo.
1103 3455 1156 3527 Da
1183 3454 1247 3527 illis
1274 3458 1447 3527 victoriam
1475 3465 1509 3526 et
1536 3456 1730 3551 triumphum
1758 3456 1800 3528 de
1826 3456 1890 3530 illis
1919 3461 1975 3553 qni

602 3592 665 3643 eos
692 3570 849 3659 oderunt3
877 3570 1089 3666 apprehende
1117 3595 1209 3643 arma
1236 3582 1268 3643 et
1298 3582 1443 3662 scutum,
1477 3581 1510 3643 et
1544 3593 1675 3663 exurge
1707 3575 1739 3643 iu
1774 3572 1973 3665 adjutorium

603 3707 736 3760 eorum:
761 3685 906 3757 extende
932 3687 1076 3778 gladium
1104 3698 1137 3758 et
1163 3688 1294 3779 bulgum
1322 3689 1485 3760 adversus
1513 3690 1661 3758 inimicos
1680 3710 1810 3760 eorum:
1837 3692 1974 3762 immitte

603 3825 721 3899 pacem
748 3801 904 3875 cordibus
933 3825 1060 3891 eorum,
1088 3814 1123 3874 ut
1148 3826 1222 3874 cum
1249 3807 1368 3876 timore
1395 3816 1428 3875 et
1455 3807 1596 3900 puritate
1622 3801 1811 3895 gubernent
1833 3826 1973 3897 gregem

601 3929 702 3990 tuum.

707 4034 867 4127 Populus.
920 4034 1026 4130 llyrie
1056 4032 1194 4105 eleison.

706 4149 881 4221 Sacerdos
922 4151 1059 4220 elecctos
1101 4171 1226 4220 vocem.
1289 4150 1374 4235 Quia
1415 4172 1554 4241 regnum
1596 4163 1701 4241 tuum,
1743 4175 1883 4245 reguum
1920 4162 1973 4223 est

606 4270 751 4339 omnium
779 4266 1007 4355 saeculorum,
1040 4275 1072 4336 et
1104 4273 1254 4358 potestas
1287 4263 1463 4336 divinitatis
1497 4276 1573 4338 tuae
1603 4271 1636 4338 in
1670 4272 1906 4365 generationes
1939 4278 1973 4339 et

605 4385 854 4474 generationes.
908 4384 941 4454 A
974 4393 1007 4452 te
1038 4404 1153 4454 omnes
1180 4380 1296 4472 Reges
1329 4384 1554 4469 instituuntur,
1591 4392 1625 4453 et
1658 4407 1774 4458 omues
1807 4386 1972 4480 principes

602 4498 791 4595 spirituales
819 4508 852 4569 et
885 4497 1062 4569 sensibiles
1094 4506 1127 4568 te
1154 4495 1303 4569 adorant.
1351 4498 1533 4593 Propterea
1560 4501 1700 4593 petimus
1728 4524 1747 4571 a
1775 4511 1809 4571 te
1827 4500 1970 4571 Domine

601 4611 760 4686 Salvator
786 4623 820 4683 et
844 4612 1004 4686 liberator
1030 4636 1050 4683 a
1077 4612 1207 4708 populis
1234 4611 1371 4702 invidis,
1399 4620 1432 4684 et
1458 4636 1478 4683 a
1506 4613 1646 4686 dominis
1674 4618 1805 4703 saevis,
1833 4612 1873 4684 ab
1901 4615 1969 4682 im-

600 4728 733 4801 mitibus
760 4726 959 4823 raptoribus,
988 4752 1007 4800 a
1035 4728 1185 4800 manibus
1212 4727 1379 4814 violentis,
1406 4738 1440 4799 ct
1467 4751 1486 4798 a
1513 4728 1653 4825 pedibus
1680 4731 1807 4817 alienis,
1835 4738 1870 4800 nt
1891 4727 1969 4799 Re-

601 4844 699 4937 gibus
733 4846 909 4916 veritatem
941 4855 1029 4916 tuam
1063 4844 1295 4928 retinentibus,
1332 4844 1390 4914 des
1422 4847 1596 4916 victoriam
1632 4857 1665 4918 et
1697 4845 1892 4941 triumphum
1927 4843 1969 4915 de

600 4962 740 5032 inimicis
777 4982 892 5031 eorum
928 4963 1068 5031 secretis
1100 4970 1133 5030 et
1166 4960 1366 5047 manifestim
1403 4971 1540 5032 contere
1574 4959 1648 5032 ibes
1681 4965 1713 5032 in
1749 4965 1798 5033 ira
1832 4971 1903 5049 tua,
1936 4969 1970 5030 et

600 5078 702 5147 etiam
734 5095 795 5147 eos
832 5099 851 5146 a
886 5073 1002 5168 quibus
1038 5074 1196 5147 auxilium
1229 5077 1394 5171 accipiunt
1419 5074 1583 5148 adversus
1610 5075 1766 5171 populum
1792 5088 1899 5161 tuum,
1933 5082 1969 5144 ut

600 5191 690 5275 illum
717 5189 879 5283 affligant:
906 5189 1060 5284 paulatim
1089 5190 1206 5263 obtere
1233 5191 1308 5264 illos
1334 5194 1366 5263 in
1392 5191 1507 5263 furore
1533 5201 1600 5262 tuo.
1628 5189 1699 5297 Eos
1726 5195 1824 5264 etiam
1853 5191 1967 5287 quiin

602 5306 704 5379 corde
730 5316 764 5378 et
789 5305 893 5377 corde
918 5304 1105 5401 loquuntur,
1130 5307 1236 5403 perde
1261 5329 1322 5404 per
1347 5309 1604 5403 increpationem
1627 5316 1728 5395 mam,
1755 5306 1849 5380 etde
1870 5306 1968 5379 nobis
2060 5380 2062 5386 s

640 5445 727 5488 tomus
740 5444 765 5494 u.
1714 5425 1763 5499 70
