5150 6534
752 835 810 942 52,
1126 835 1744 916 ossanrxrroaas

750 1038 810 1100 spuo
834 1021 911 1101 apnd
940 1039 995 1082 nos
1027 1021 1055 1081 in
1087 1038 1143 1082 asu
1172 1030 1250 1083 sant.
1297 1021 1418 1083 Scilicet
1446 1022 1552 1084 diebus
1582 1021 1743 1102 protestis,
1767 1025 1927 1105 alirprando
1957 1024 2022 1086 illas
2053 1045 2122 1089 cmn

750 1121 857 1182 rninori
880 1129 1025 1200 apparatu
1050 1120 1216 1197 celebrant,
1240 1139 1329 1200 tprmn
1352 1121 1516 1182 Dominicis
1540 1131 1570 1182 et
1593 1121 1694 1199 lestis,
1718 1131 1749 1184 ut
1774 1143 1840 1184 cnm
1870 1122 2039 1203 Baptismus
2064 1127 2122 1187 ad-

749 1220 942 1294 ministratur,
966 1221 1035 1280 dnm
1057 1219 1208 1299 sponsalia
1234 1219 1438 1298 celebrantur,
1461 1230 1511 1282 ant
1534 1221 1669 1282 Obiciam
1692 1221 1860 1301 Lornpodis
1882 1224 1947 1284 sire
1960 1223 2123 1286 Extremae

749 1318 923 1392 Unctionis;
946 1337 1014 1379 nam
1039 1319 1250 1380 Ordinationes
1274 1321 1359 1380 statis
1391 1327 1419 1380 et
1443 1321 1626 1382 solemnibus
1658 1319 1765 1383 diebus
1790 1321 1877 1382 bunt:
1910 1321 2047 1400 privatim
2070 1323 2125 1384 rix

750 1417 909 1498 aliqnando
933 1418 1030 1478 iactae
1054 1418 1257 1497 reperiuntur.
1303 1419 1335 1479 ln
1358 1419 1505 1480 Ecclesiis
1529 1437 1650 1498 (ruitque
1675 1420 1771 1480 onmia
1796 1420 2026 1482 sacramentalia
2050 1421 2126 1483 otti-

750 1518 796 1578 cia
819 1517 935 1596 perlici,
960 1525 1101 1578 constans
1126 1517 1320 1578 Orientalium
1345 1517 1499 1596 disciplina
1524 1526 1589 1578 est:
1614 1518 1730 1597 prirata
1760 1520 1837 1579 enim
1861 1519 1966 1580 altaria
1990 1521 2065 1598 sire,
2090 1528 2124 1582 ul

748 1616 841 1697 ralgo
866 1615 1000 1692 dicinnrs,
1025 1615 1166 1695 Capellae
1188 1617 1371 1678 darnesticos
1393 1619 1545 1698 ignorant,
1569 1636 1668 1696 ritune
1691 1619 1717 1677 si
1748 1619 1776 1678 id
1799 1636 1854 1698 per
1883 1617 2003 1679 illorum
2036 1618 2125 1701 leges

748 1715 979 1776 Ecclesiasticus
1004 1714 1154 1789 licuisset,
1174 1716 1236 1794 jam
1259 1723 1416 1794 pateretur
1438 1717 1627 1778 oilliotissima
1657 1714 1895 1778 Christianorum
1927 1717 1982 1778 sab
2014 1717 2127 1780 inside-

748 1813 826 1875 libns
859 1814 1046 1894 principibus
1085 1814 1231 1874 corditio:
1256 1832 1322 1874 cam
1358 1821 1493 1875 retostus
1520 1815 1674 1877 Ecclesias
1705 1817 1783 1876 tueri
1820 1816 1872 1875 rix
1902 1817 2028 1895 possint.
2063 1819 2126 1898 Sy-

748 1931 852 1974 rorum
884 1914 920 1974 ab
950 1914 1035 1974 arinis
1065 1921 1096 1974 nt
1125 1914 1274 1974 minimum
1305 1915 1458 1974 sexcentis
1489 1913 1675 1974 consuetudo
1699 1922 1763 1989 est,
1787 1915 1872 1994 cujas
1895 1916 2026 1977 meminit
2046 1915 2128 1978 Bm·-

749 2011 853 2088 salibi,
889 2020 921 2073 ut
949 2012 1118 2093 singulares
1150 2029 1204 2091 pro
1235 2014 1449 2090 poenitentiam
1477 2014 1635 2094 agentibus
1667 2014 1820 2095 Litnrgiae
1857 2014 2060 2093 celebrentur,
2095 2023 2127 2078 ct

748 2111 834 2172 simul
859 2113 1049 2190 imponantur
1072 2111 1130 2171 illis
1154 2128 1275 2184 liranum
1307 2113 1470 2191 variaeque
1500 2131 1555 2192 pro
1586 2120 1779 2192 peccatoram
1802 2113 1945 2192 qualitate
1969 2114 2125 2177 orationes

748 2228 843 2289 super
865 2209 932 2271 illos
963 2211 1140 2271 recitentur.
1186 2210 1298 2270 Veram
1322 2209 1390 2272 illae
1422 2212 1615 2273 celebrantur
1644 2214 1674 2273 in
1702 2211 1848 2273 Ecclesiis
1879 2219 1909 2273 et
1937 2213 2125 2274 ministrante

748 2309 894 2384 lliacono,
918 2328 973 2370 nec
998 2309 1062 2369 sine
1087 2308 1174 2369 tburc
1197 2318 1227 2369 et
1251 2316 1349 2369 cantu.

836 2409 1026 2468 tlbserratnr
1049 2409 1077 2468 in
1100 2409 1190 2468 xeniis
1206 2406 1370 2469 Codicibns
1395 2408 1468 2470 loris
1493 2411 1521 2469 in
1535 2408 1713 2487 quibusdam
1737 2409 1794 2471 illis
1818 2409 2004 2470 orationibus
2028 2429 2124 2489 prac-

750 2509 908 2588 paratoriis
932 2507 1091 2568 diversitas
1114 2508 1224 2586 aliqua,
1260 2508 1314 2567 sed
1339 2509 1368 2567 in
1391 2509 1548 2569 sententiis
1578 2508 1672 2580 nalla;
1704 2509 1782 2569 unde
1813 2509 1879 2570 illas
1904 2509 1968 2570 aliis
1992 2509 2124 2590 conjun-

748 2625 825 2690 gere
849 2606 952 2669 inutile
976 2606 1064 2686 plane
1088 2605 1176 2667 soret.

459 2935 495 2988 it.
513 2938 530 2988 l.
550 2939 592 2990 12.

1193 2954 1367 3044 lnpresmrs
1394 2955 1439 3022 od
1466 2953 1587 3040 nlicere,
1617 2960 1681 3022 cic.

2010 3093 2016 3118 l

459 3194 653 3250 Debitoribus.
856 3177 891 3254 ln
915 3187 1051 3264 Oriente,
1075 3195 1106 3248 ut
1130 3187 1159 3247 in
1183 3186 1328 3247 Ecclesiis
1352 3185 1520 3266 insignibus
1544 3185 1681 3260 vetustis,
1705 3185 1885 3264 praesertim
1907 3204 1983 3265 (pirae
2007 3187 2038 3246 in
2055 3186 2121 3250 Oc-

749 3293 867 3355 cidente
891 3300 1065 3370 supersunt,
1089 3291 1194 3351 altaria
1218 3291 1257 3350 ita
1281 3291 1442 3350 constituta
1465 3295 1544 3364 sunt,
1568 3295 1599 3348 nt
1623 3287 1773 3348 circumiri
1790 3289 1917 3367 possint,
1942 3307 2039 3370 ireque
2062 3309 2122 3372 pa-

748 3391 871 3452 rietibus
895 3392 1086 3452 adbaereant.
1131 3391 1230 3450 bocas
1252 3388 1411 3448 Ecclesiae
1433 3389 1585 3467 superior,
1609 3388 1638 3449 in
1662 3405 1721 3465 qao
1746 3387 1840 3449 aliare
1856 3396 1935 3466 est,
1966 3389 2123 3451 Sorwiuo-

748 3493 825 3549 rirnn
848 3491 971 3568 prrrprie
995 3489 1114 3562 dicitnr,
1137 3486 1268 3547 Arabico
1292 3487 1497 3566 utplurimum
1521 3487 1599 3546 inter
1615 3484 1802 3546 Christianos
1826 3485 1930 3548 lleilrel
1949 3471 2023 3555 'batn
2042 3469 2121 3570 quac

749 3605 809 3648 rox
834 3607 875 3648 ex
899 3588 1047 3649 llebrmco
1072 3586 1153 3647 sonte
1177 3586 1324 3661 cleritatu,
1348 3587 1484 3664 templana
1506 3586 1648 3665 primario
1671 3584 1837 3667 significat:
1868 3605 1907 3646 cx
1930 3604 1986 3648 usu
2008 3587 2122 3650 Eccle-

750 3687 884 3762 siastico,
910 3693 1024 3765 ptmem
1047 3684 1127 3744 illam
1150 3686 1354 3765 angustiorem
1379 3685 1491 3765 templi,
1516 3687 1543 3745 in
1568 3703 1626 3765 tpua
1650 3683 1744 3744 altare
1768 3692 1831 3760 est,
1862 3693 1893 3745 et
1916 3685 1945 3745 in
1969 3705 2027 3767 qna
2050 3686 2121 3749 dum

748 3787 884 3868 Lilnrgia
916 3784 1098 3860 celebratur,
1122 3783 1180 3845 soli
1211 3785 1378 3845 consistant
1408 3784 1567 3863 Episcopi,
1601 3783 1783 3846 Sacerdotes
1814 3793 1843 3845 et
1870 3785 2012 3848 lliaconi:
2041 3805 2119 3866 quac

750 3884 892 3946 cancellis
916 3890 946 3945 el
969 3883 1048 3959 velo,
1071 3903 1087 3945 a
1112 3903 1200 3959 aare,
1225 3884 1255 3944 in
1277 3903 1334 3963 qua
1358 3884 1440 3944 laici
1463 3892 1542 3958 sunt,
1565 3890 1731 3962 separatur.
1756 3883 1872 3944 Vocant
1896 3885 1984 3946 etiarn
2012 3883 2120 3966 Βίμα,

749 3985 869 4044 ntmrinc
892 4002 909 4044 a
933 3984 1058 4045 Graecis
1082 3991 1220 4062 accepto,
1244 3992 1275 4044 nt
1290 3984 1377 4044 etiam
1400 3982 1549 4059 dindina,
1574 3982 1631 4042 boc
1655 3989 1701 4043 est
1721 3972 1904 4065 ‘Ieporeion
1929 3985 2035 4062 qnibus
2059 4003 2121 4049 ro-

749 4080 833 4142 cibns
857 4081 925 4162 Syri
948 4081 1079 4142 Arabico
1102 4082 1270 4143 scribentes
1303 4099 1362 4143 non
1389 4084 1485 4143 inians
1514 4088 1653 4158 ittuntur,
1684 4099 1771 4158 auam
1794 4081 1948 4164 Aegyptii.
1994 4083 2034 4144 At
2058 4083 2121 4165 Sy-

749 4183 831 4242 riaco
854 4181 946 4261 vulgo
973 4193 1090 4246 murm
1117 4189 1272 4260 usurpant,
1297 4201 1373 4260 (puae
1397 4201 1458 4243 rex
1482 4183 1604 4260 proprie
1636 4181 1734 4240 ‹tltorc
1757 4180 1915 4262 significat,
1941 4198 1998 4261 qua
2022 4183 2122 4265 signi-

749 4279 888 4342 ficationc
911 4281 939 4340 in
963 4280 1094 4341 Arabica
1117 4281 1218 4362 lingna
1241 4299 1334 4360 saepe
1358 4283 1503 4360 accipitur
1527 4298 1646 4358 qttoqae
1669 4298 1725 4359 pro
1749 4280 1929 4340 sanctuario.

442 4395 576 4454 oaoraodo
595 4393 736 4448 abtinen-
834 4379 868 4439 ln
892 4381 994 4440 Obicio
1018 4381 1097 4460 qaod
1123 4379 1213 4441 edidit
1237 4379 1441 4452 lloderianas,
1474 4378 1605 4439 (accurrit
1627 4397 1688 4438 rox
1712 4377 1827 4439 Graeca
1861 4364 2000 4460 Θρόιός,
2030 4396 2119 4457 qnam

427 4481 614 4533 talitali-ocari
627 4481 735 4535 soleant.
748 4480 900 4558 interpres
930 4498 990 4540 mm
1021 4479 1188 4558 explicans,
1213 4479 1376 4541 lectoribus
1405 4476 1617 4539 ollemlieulum
1646 4477 1777 4556 reliquit.
1823 4476 1865 4537 lta
1890 4477 1967 4537 enim
1991 4486 2120 4540 uocatur

747 4579 835 4640 eiiam
858 4577 949 4639 sedes
970 4577 1171 4657 Episcopalis,
1195 4596 1272 4657 quare
1296 4579 1373 4640 intra
1397 4577 1596 4638 sanctuarium
1620 4593 1673 4636 sen
1703 4573 1796 4658 Bppo
1819 4576 2005 4653 collocatur,
2030 4594 2118 4656 qnam

747 4677 887 4758 Coptitac
911 4677 939 4736 in
963 4676 1126 4737 Pantilicali
1147 4676 1349 4738 ordinationis
1374 4676 1563 4738 Patriarcbae
1577 4675 1783 4751 Alexandrini,
1808 4662 1995 4759 Edrdporoc
2018 4676 2118 4752 ctiam,

746 4784 779 4838 at
802 4774 921 4852 Graeci,
945 4783 1063 4837 vocant.
1109 4775 1163 4836 llic
1187 4795 1262 4838 rcro
1286 4776 1323 4838 de
1347 4776 1443 4838 Altari
1467 4777 1575 4857 agitur,
1600 4775 1680 4854 quod
1705 4775 1864 4854 aliqnando
1889 4775 2036 4835 llrroaam
2059 4792 2119 4855 ap-

746 4875 871 4955 pellant,
895 4875 964 4954 qaia
987 4875 1017 4935 in
1041 4893 1079 4935 eo
1104 4882 1150 4935 est
1173 4877 1298 4937 tlnomrs
1320 4877 1386 4952 Dei,
1411 4893 1478 4936 cani
1501 4876 1531 4934 in
1554 4875 1605 4936 illo
1629 4893 1740 4955 corpas
1764 4874 1874 4936 Cbristi
1901 4869 2118 4952 redsropc'ror,

747 4983 777 5036 ul
801 4994 867 5037 cam
891 4973 1006 5055 cyrillo
1029 4974 1235 5036 Alexandrino
1258 4976 1369 5048 dicunt,
1393 4980 1599 5053 consecretur,
1629 4983 1659 5035 ct
1683 4973 1719 5035 ad
1743 4974 1830 5035 linem
1860 4992 1956 5052 usqne
1979 4973 2119 5036 sacrificii

745 5074 928 5136 immolatum
957 5083 1140 5154 permaneat.
1193 5075 1373 5136 decennius
1411 5083 1507 5135 tmncn
1534 5073 1685 5152 lotprendo
1718 5073 1882 5150 Tlnonron,
1918 5080 1948 5133 et
1986 5073 2117 5136 Arabice

747 5173 827 5253 ‹puod
855 5174 933 5235 idern
964 5184 1011 5236 est
1033 5185 1113 5240 'D'tz
1141 5174 1236 5234 lt'ursi
1258 5174 1410 5253 appellant
1433 5172 1551 5235 drabes
1575 5172 1754 5248 Christiani,
1784 5171 1887 5234 altaris
1917 5172 2061 5250 medinm,
2087 5173 2118 5234 in

746 5290 806 5352 qno
830 5274 930 5337 discus
953 5293 1041 5337 sacer
1064 5283 1095 5337 ct
1118 5273 1195 5336 calix
1218 5273 1412 5352 collocantur,
1436 5282 1505 5336 ante
1529 5281 1559 5334 ct
1582 5281 1649 5353 post
1673 5273 1943 5335 consecrationem.
