5150 6534
590 808 665 884 100
925 808 1622 888 ttuuuotututtltt

689 994 876 1067 Sacerdos.
928 996 1013 1067 Pax.
1220 990 1383 1089 Populos.
1435 995 1480 1071 m
1505 1018 1591 1068 cum

689 1110 879 1183 Diaconos.
931 1111 1053 1183 lterum
1081 1120 1182 1206 atque
1207 1113 1336 1182 itemm.
1669 1203 1674 1208 .

692 1226 878 1297 Sacerdos.
932 1225 1097 1317 Demitte,
1131 1225 1290 1313 Domine,
1325 1248 1458 1299 menum
1484 1238 1587 1313 tuem,
1621 1234 1655 1297 et
1680 1222 1823 1297 tenedo
1847 1228 1960 1301 servis

587 1344 652 1412 tuis
678 1340 760 1428 illis,
788 1343 842 1435 qui
869 1340 921 1412 bic
947 1343 1148 1433 cougregati
1174 1349 1269 1429 sunt,
1296 1340 1426 1414 custodi
1452 1363 1514 1415 eos
1541 1344 1640 1433 signo
1666 1343 1775 1414 crucis
1800 1348 1900 1429 tuae,
1925 1350 1962 1413 et

587 1465 662 1529 esto
696 1459 747 1528 eie
780 1442 969 1543 bibulum,
1004 1465 1038 1528 et
1071 1454 1238 1548 refugium
1274 1454 1316 1526 ab
1350 1460 1517 1531 universis
1549 1455 1700 1530 hostibus
1732 1454 1891 1551 publicis,
1925 1464 1962 1528 et

588 1570 744 1658 occultis,
779 1581 814 1642 et
839 1571 965 1667 pertice
991 1593 1052 1644 eos
1079 1571 1192 1644 effusis
1218 1572 1504 1647 benedictionibus
1529 1576 1612 1662 tuis,
1639 1583 1681 1645 <ut
1712 1592 1793 1661 uos,
1825 1580 1865 1645 st-
1889 1573 1959 1667 ipat

587 1686 774 1759 referamus
801 1685 859 1758 tibi
885 1685 1038 1779 gloriam.
1246 1687 1409 1781 Populus.
1460 1691 1580 1765 Amen.
1951 1715 1954 1717 ’

692 1800 881 1873 Diaconos.
933 1801 1081 1874 Benedic
1096 1801 1260 1888 Domine.

677 1906 875 1990 Sacerdos.
927 1916 1075 1990 Benedic
1102 1916 1266 2008 omnibus.

691 2031 880 2105 Diaconos.
932 2032 1145 2106 Benedicam.

999 2303 1550 2353 &m—

748 2699 828 2789 nu
879 2699 1383 2793 nuuuncunn
1435 2700 1696 2792 runnu
1744 2698 1794 2791 11.

1141 2859 1471 2992 'norun‘
1565 2957 1570 2968 -
1861 2879 1868 2895 ‘

1184 3137 1219 3209 1.
1252 3136 1363 3208 Petri.
1413 3110 1416 3115 ⁸

677 3343 769 3437 Qube
791 3354 829 3418 ad
851 3357 985 3439 priorem
999 3357 1164 3439 liturgiam
1188 3355 1267 3419 dicta
1290 3361 1359 3418 sunt
1382 3353 1420 3417 de
1444 3352 1541 3432 titulo,
1564 3371 1632 3415 cum
1642 3351 1724 3415 Patri
1745 3352 1879 3429 nomine,
1900 3368 1960 3417 nou

585 3458 681 3521 minus
704 3458 742 3519 ad
763 3460 848 3520 istam
868 3457 1033 3541 pertinent.
1080 3458 1168 3532 Quod
1190 3458 1294 3540 plures
1310 3458 1391 3521 Petri
1412 3456 1533 3520 nomine
1545 3455 1704 3518 lacebitae
1715 3454 1862 3535 babeant,
1885 3454 1959 3519 lecit

584 3574 645 3619 non
668 3554 757 3620 modo
780 3556 997 3637 Apostolorum
1027 3559 1171 3640 principis
1201 3556 1347 3641 dignitas,
1377 3556 1432 3619 sed
1455 3555 1536 3636 quod
1559 3554 1767 3618 Antiochense
1789 3554 1960 3634 Ecclesiae,

584 3657 670 3736 cujus
701 3654 881 3736 amplissima
909 3657 1066 3721 Dioecesis
1097 3658 1213 3739 Syriam
1243 3663 1274 3718 et
1304 3655 1377 3718 alias
1406 3655 1593 3737 provincias,
1623 3654 1676 3716 ubi
1703 3650 1830 3734 Syriaca
1856 3652 1962 3734 ttngm

584 3753 708 3835 vigebat
738 3753 1011 3835 complectebatur,
1054 3758 1160 3820 Petrus
1197 3755 1337 3819 fundator
1360 3754 1467 3818 fuerat.
1520 3751 1594 3815 Cum
1616 3760 1717 3815 tamen
1737 3744 1864 3833 praeter
1885 3751 1961 3814 dues

586 3870 664 3932 quae
686 3853 741 3915 sub
765 3853 831 3932 ejus
853 3855 973 3916 nomine
995 3854 1094 3918 editae
1117 3861 1186 3917 sunt
1207 3853 1378 3934 liturgias,
1406 3852 1480 3914 alias
1508 3850 1638 3914 babeant
1666 3851 1864 3928 eonomine,
1893 3848 1962 3912 lieri

582 3950 681 4031 potuit
702 3960 735 4014 ut
757 3968 818 4014 uon
840 3952 1022 4034 Apostolum
1045 3954 1257 4038 desigtmreut,
1279 3952 1335 4014 sed
1358 3949 1562 4033 Gnnpbaeum,
1584 3948 1770 4012 Jncobiticae
1792 3948 1961 4012 haereseos

527 4043 537 4072 ⁰
585 4050 855 4129 pertinacissimum
877 4062 1145 4135 propugnatorem.
1191 4052 1276 4114 lllum
1304 4052 1383 4113 enim
1410 4058 1443 4112 ut
1474 4058 1505 4112 et
1532 4051 1652 4112 Petrum
1679 4045 1838 4129 quemdam
1860 4046 1962 4126 alium,

585 4145 798 4227 Apamiensem
821 4149 976 4229 fortassis,
1006 4152 1037 4232 in
1059 4150 1218 4232 Diptycbis
1241 4169 1308 4212 eum
1330 4148 1447 4212 bonore
1470 4148 1712 4211 collocaverunt:
1742 4152 1774 4208 et
1802 4146 1963 4208 intereos

586 4263 713 4325 quorum
736 4246 901 4310 doctrinam
924 4251 1011 4330 sequi
1034 4268 1069 4312 se
1091 4249 1282 4330 profitentur,
1306 4256 1375 4311 anto
1393 4237 1619 4310 Ordinationem
1635 4243 1816 4309 Sacerdotes
1838 4250 1870 4306 et
1883 4243 1965 4325 upt-

585 4346 683 4425 scopi,
706 4346 756 4407 isti
780 4356 982 4410 numerantur.

1001 4640 1037 4710 2.
1079 4642 1242 4735 Accipite
1267 4645 1303 4709 et
1327 4639 1539 4708 manducate.

704 4827 740 4905 lu
767 4840 922 4922 plerisque
952 4839 1040 4922 buJus
1068 4842 1224 4925 liturgiae
1251 4841 1413 4905 Codicibus
1436 4840 1509 4904 blss.
1537 4846 1595 4902 tam
1618 4838 1677 4900 illis
1700 4856 1777 4920 quos
1800 4837 1966 4906 babuimus

585 4959 625 5003 ex
644 4941 838 5006 bibliothecis
863 4943 1059 5024 Seguieriane
1083 4952 1114 5006 et
1136 4945 1321 5024 colbertina,
1344 4961 1432 5024 quam
1454 4944 1484 5005 in
1507 4942 1566 5005 iltis
1589 4958 1666 5022 quos
1688 4939 1807 5003 viderat
1828 4942 1967 5008 sanstus

583 5039 745 5118 Nairouus,
770 5041 865 5103 iorma
887 5041 1050 5105 verborum
1073 5041 1184 5105 Christi
1205 5044 1245 5104 ita
1268 5046 1453 5126 concipitur:
1497 5041 1634 5121 Accipite
1656 5049 1686 5102 et
1705 5040 1906 5117 manducate,
1923 5041 1975 5105 iss

583 5139 791 5201 rescissionem
810 5147 1006 5218 peccatorum
1028 5147 1059 5201 et
1079 5143 1173 5202 citom
1194 5150 1358 5205 aetermam.
1394 5142 1433 5204 Et
1452 5141 1482 5202 iu
1505 5136 1600 5204 sonno
1623 5138 1724 5203 calicis
1746 5137 1968 5207 benedicendi.

582 5232 719 5315 Accipite
741 5245 770 5298 et
791 5237 882 5300 bibite
903 5259 945 5300 ec
967 5257 1003 5300 eo
1024 5256 1081 5299 oos
1095 5257 1207 5320 omnes,
1230 5242 1479 5303 inremissionem
1488 5246 1686 5319 peccatorum
1700 5241 1838 5302 etoitum
1853 5245 1969 5301 aem*
