5150 6534
874 837 904 915 S.
929 837 1129 915 EUSTATHII
1153 838 1416 918 Plllllllllldllbll
1442 842 1682 920 blillOGllllM.
1741 885 1755 913 ·
1884 840 1962 917 237
2047 880 2051 889 ·

601 1034 709 1095 ctam:
735 1034 771 1095 ιιι
797 1021 838 1096 ab
866 1022 1016 1097 omnibus
1042 1024 1261 1117 glorificeris,
1287 1050 1362 1099 cum
1387 1031 1555 1121 unigenito
1574 1028 1660 1103 Filio
1688 1041 1756 1118 tuo,
1785 1040 1818 1102 et
1836 1027 1960 1126 Spiritu

601 1149 658 1213 tuo
685 1151 820 1228 sancto,
848 1148 910 1212 etc.

705 1255 865 1350 Populus.
917 1256 1037 1327 Arnen.

704 1371 887 1445 Sacerdos.
942 1369 1072 1445 coerce
1098 1382 1132 1444 et
1157 1371 1253 1444 uniar
1279 1396 1300 1444 a
1325 1371 1421 1446 nobis
1446 1372 1610 1464 Domine,
1645 1396 1775 1446 omnem
1806 1384 1963 1471 potesta·
2010 1433 2017 1449 .

601 1497 669 1559 tem
693 1490 856 1561 inimicam
881 1497 1083 1586 pugnantem
1109 1488 1273 1560 adversus
1299 1511 1372 1562 nos.

705 1604 855 1676 Ειειιαιιιι
879 1626 1005 1676 coccea.
1057 1603 1101 1675 Et
1126 1603 1275 1675 concede
1300 1604 1441 1676 Domine
1467 1603 1696 1677 liberationem
1726 1606 1908 1703 perfectam
1943 1633 1963 1681 a

601 1716 709 1809 bellis,
749 1719 955 1806 tumultibus,
997 1727 1031 1790 ct
1067 1718 1310 1792 incursionibus
1346 1716 1583 1811 barbarorum,
1610 1720 1734 1817 populo
1767 1733 1825 1796 tuo
1859 1722 1963 1797 iideli:

603 1845 703 1931 atque
729 1840 762 1906 in
789 1858 895 1931 pace,
922 1856 1007 1929 quae
1034 1858 1054 1906 a
1080 1844 1115 1906 te
1147 1845 1215 1923 est,
1248 1856 1416 1907 conserva
1449 1857 1579 1908 omnem
1613 1858 1755 1931 gregem
1784 1848 1893 1929 tunnm
1929 1851 1965 1912 ut

603 1950 737 2023 assidue
763 1950 985 2042 glorificemus
1012 1959 1058 2041 te,
1083 1952 1351 2045 unigenitumque
1372 1949 1489 2023 Filium
1515 1960 1616 2042 ιιιιιιιι,
1643 1962 1677 2024 et
1693 1952 1851 2048 Spiritum
1877 1979 1963 2030 san-

602 2068 793 2139 ctissimum.

706 2181 867 2275 Populos.
919 2180 1039 2255 Amen.

706 2297 881 2369 Sacerdos
906 2296 1098 2367 inclinatae.
1150 2295 1319 2367 Memento
1353 2294 1496 2368 Domino
1529 2309 1665 2370 sauctae
1700 2297 1875 2374 Genitricis
1900 2305 1964 2376 Dei

602 2414 749 2504 Mariae,
775 2423 809 2485 et
835 2423 1022 2485 sanctorum
1048 2409 1288 2507 Apostolorum
1315 2421 1454 2502 morum,
1481 2424 1516 2486 ut
1542 2417 1641 2486 etium
1656 2413 1786 2488 illorum
1812 2419 1964 2511 quiinter

603 2554 663 2605 eos
688 2532 859 2603 recenseri
884 2536 1083 2599 meruerunt.

704 2647 853 2717 Eleoaas
878 2665 1003 2714 vocem.
1055 2642 1127 2715 Nos
1154 2644 1252 2714 etiam
1277 2641 1422 2733 robora,
1457 2655 1493 2716 ut
1517 2645 1666 2737 gloriose
1693 2648 1902 2744 perficiamur
1927 2653 1962 2722 in

602 2765 739 2838 scientia
771 2783 874 2847 vera,
901 2770 941 2830 'et
973 2760 1175 2831 conscientia
1207 2760 1353 2830 sincera:
1391 2770 1426 2831 ut
1458 2783 1500 2832 ea
1534 2764 1664 2834 ratione
1695 2763 1820 2838 similes
1853 2767 1964 2838 effecti

602 2882 725 2954 sanctis
750 2883 830 2967 uus,
858 2880 914 2973 quui
939 2874 998 2947 tibi
1023 2879 1157 2964 vivunt,
1185 2884 1218 2945 et
1244 2875 1331 2971 apud
1357 2884 1390 2947 te
1416 2875 1580 2968 custoditi,
1607 2900 1681 2950 cnm
1695 2877 1760 2952 illis
1775 2877 1960 2955 referamus

601 2994 660 3069 tibi
685 2994 844 3088 gloriam,
872 3002 934 3076 etc.

704 3111 865 3210 Populos.
917 3110 1036 3180 Amen.

706 3226 880 3299 Sacerdos
913 3223 1104 3296 inclinatas.
1162 3222 1330 3296 Memento
1363 3214 1505 3296 Domine
1540 3225 1673 3296 Patrum
1707 3237 1896 3299 sanctorum
1929 3236 1964 3299 et

601 3341 795 3433 beatorum,
822 3345 876 3437 qui
902 3340 1114 3438 spiritualiter
1138 3363 1202 3414 nos
1228 3349 1430 3433 genuemut‚
1457 3339 1702 3430 educaverunt,
1735 3352 1769 3413 et
1803 3340 1963 3432 aluerunt,

600 3462 750 3533 inomni
777 3462 895 3531 timore
921 3458 996 3529 Dei.
1674 3520 1676 3524 .

704 3576 853 3646 Maenas
878 3596 1002 3644 vocem.
1054 3573 1179 3646 Eorum
1218 3575 1273 3669 qui
1307 3571 1465 3645 doctores
1510 3574 1584 3644 veri
1624 3570 1755 3644 buerunt
1786 3572 1963 3647 Ecclesiae

601 3702 679 3764 tuae
706 3702 857 3778 sancme,
885 3701 919 3762 et
945 3712 965 3761 a
991 3688 1236 3762 seductionibus
1263 3690 1405 3777 erroris,
1431 3709 1506 3759 eam
1539 3697 1803 3778 converterunt,
1823 3700 1856 3762 et
1888 3693 1961 3764 vias

601 3817 712 3880 rectas
739 3806 909 3879 advitam
935 3804 1167 3893 immortalem,
1202 3804 1248 3876 illi
1283 3802 1606 3875 demonstraverunt:
1638 3814 1828 3877 numeratos
1861 3807 1961 3897 igitur

600 3927 688 3996 inter
714 3922 846 3996 ordines
873 3944 988 3993 eorum
1019 3919 1074 3991 iac
1108 3942 1189 4011 nos,
1228 3928 1263 3991 ut
1288 3919 1459 3993 cumillis
1494 3931 1527 3992 et
1552 3923 1636 3992 inter
1667 3921 1742 3994 illos
1775 3920 1960 3994 referamus

600 4040 658 4114 tibi
684 4041 843 4133 gloriam,
872 4048 933 4110 etc.

706 4154 865 4248 Populos.
918 4154 1037 4225 Amen.

704 4271 877 4343 Sacerdos
903 4269 1093 4340 inclinatas.
1145 4266 1308 4339 Miserere
1334 4276 1370 4337 ct
1394 4289 1496 4362 parce
1522 4266 1663 4337 Domine
1690 4288 1752 4362 per
1770 4267 1960 4340 bocsacri-

602 4386 727 4475 licium‚
756 4385 905 4459 omuibus
933 4384 1094 4456 defunctis
1120 4382 1290 4473 fidebbus,
1316 4386 1371 4477 qui
1397 4382 1523 4478 pridem
1540 4380 1778 4473 decubuerunt,
1804 4407 1880 4455 cnm
1899 4405 1961 4480 spe
2069 4407 2071 4415 ⁴

604 4512 677 4593 tua,
704 4506 738 4573 in
762 4502 827 4573 lide
855 4501 1059 4574 Ortbodoxa.

710 4618 859 4689 Eteonos
884 4640 1007 4688 ccccm.
1060 4614 1183 4686 Omnes
1217 4618 1383 4710 aspiciens
1418 4637 1491 4686 curn
1528 4613 1772 4704 misericordia,
1806 4626 1960 4709 tanquam

602 4734 754 4806 conditor
780 4738 961 4807 animarum
987 4744 1021 4832 et
1046 4753 1221 4825 corporum
1248 4729 1386 4803 illorum.
1439 4731 1608 4827 Acceptas
1634 4734 1733 4822 igitur
1766 4727 1852 4800 habe
1878 4733 1959 4801 istas

603 4850 801 4939 oblationes,
828 4873 913 4946 quae
939 4871 1001 4945 pro
1028 4847 1091 4918 illis
1118 4847 1176 4919 tibi
1203 4847 1397 4920 offeruntur:
1434 4856 1469 4918 et
1493 4857 1627 4943 praesta
1659 4846 1722 4918 illis
1748 4843 1837 4918 bona
1871 4868 1959 4942 pro-

601 4970 704 5041 missa
730 4967 939 5060 diligentibus
967 4965 1131 5038 Christum
1158 4972 1266 5052 tuum3
1292 4986 1354 5060 per
1380 4987 1487 5059 quem,
1515 4974 1646 5036 etcum
1674 4985 1739 5057 quo
1762 4963 1959 5034 misericor-

602 5082 688 5156 diam
715 5087 874 5177 consequi
907 5103 1097 5178 speramus,
1130 5088 1163 5151 et
1194 5082 1423 5153 remissionem
1454 5090 1667 5176 peccatorum
1705 5100 1791 5174 quae
1823 5085 1960 5175 propter

603 5221 678 5271 eum
705 5210 773 5289 est,
799 5209 832 5270 et
857 5197 953 5270 nobis
980 5208 1016 5269 et
1041 5194 1113 5268 illis.
1840 5223 1842 5226 ·

706 5314 866 5408 Populos.
920 5315 1069 5401 Quietem
1095 5318 1239 5408 praesta.

1527 5370 1530 5377 ⁵
1669 5426 1752 5502 aa*
