5150 6534
718 849 1673 942 s.l0lurtls‘o-Huisosroltl.
1803 849 1877 942 251

515 1051 645 1140 gratiae
669 1060 764 1140 tuae,
791 1072 896 1145 usque
922 1049 965 1121 ad
991 1050 1133 1142 gloriam
1160 1050 1234 1122 solii
1251 1052 1347 1141 regni
1362 1052 1420 1136 tui,
1446 1071 1611 1145 pureque,
1639 1052 1881 1142 eunomianis

515 1166 683 1257 revelata,
710 1176 744 1239 et
769 1189 842 1238 cum
867 1164 986 1238 fiducia
1012 1169 1045 1237 iu
1071 1176 1106 1238 te
1131 1175 1256 1238 stemus
1282 1187 1397 1238 coram
1424 1175 1473 1250 te.
1508 1176 1542 1237 et
1568 1166 1791 1258 glorificemus
1824 1179 1879 1241 te:

516 1291 615 1375 atque
640 1282 760 1374 linguis
788 1281 992 1354 exultatione
1019 1291 1052 1354 et
1077 1281 1200 1373 gaudio
1232 1280 1356 1375 plenis,
1389 1284 1572 1354 orationem
1604 1282 1691 1353 illam
1725 1307 1878 1378 magnam

516 1405 552 1468 et
576 1397 788 1487 dominicam,
824 1422 922 1494 quam
954 1401 1141 1491 unigenitus
1167 1397 1269 1499 Filius
1303 1407 1377 1469 tuus
1411 1398 1596 1494 Apostolos
1629 1418 1709 1471 suos
1743 1408 1879 1472 sanctis

516 1510 643 1597 docuit,
669 1516 846 1587 recitemus
873 1523 909 1585 et
932 1514 1089 1586 dicamus.
1141 1512 1243 1585 Pater
1267 1523 1383 1585 noster
1409 1518 1464 1609 qui
1491 1536 1529 1588 cs
1555 1516 1588 1586 in
1614 1513 1729 1585 coelis.

555 1628 778 1722 ¹‘Populus
830 1629 1077 1718 Sanctificetur,
1105 1640 1167 1702 etc.

561 1763 562 1768 ’
617 1743 800 1817 Sacerdos.
853 1747 995 1829 Domine
1021 1748 1211 1818 misericors
1237 1765 1394 1838 rogamus
1421 1756 1455 1818 te
1490 1756 1524 1817 et
1557 1745 1777 1841 deprecamur
1809 1748 1878 1816 mi-

513 1860 729 1933 sericordiam
744 1871 860 1944 vtuam:
887 1870 1025 1956 praesta
1048 1860 1144 1944 nobis
1181 1860 1332 1935 omnibus
1367 1884 1429 1956 per
1461 1865 1602 1953 gratiam
1628 1872 1735 1949 tuam,
1774 1871 1810 1933 ut
1843 1864 1879 1934 ia

512 1973 612 2052 nobis
651 1976 768 2050 infimis
811 1987 844 2048 et
876 1980 1031 2064 terronis,
1074 1975 1297 2050 sanctificetur
1337 1998 1459 2050 nomen
1500 1985 1589 2049 trum
1628 1976 1828 2069 gloriosum
1844 1985 1878 2047 et

512 2096 678 2166 mucium:
705 2102 740 2164 et
764 2097 878 2164 veniat
901 2114 1041 2186 reguum
1077 2103 1184 2183 tuum,
1224 2094 1267 2165 ad
1302 2093 1458 2165 auxilium
1491 2093 1683 2164 infirmitatis
1718 2100 1877 2178 nostrae3

511 2212 765 2304 requiescatque
790 2209 942 2282 voluntas
968 2218 1024 2282 tua
1051 2220 1085 2281 et
1109 2220 1303 2304 permaneat
1328 2213 1360 2280 iu
1387 2208 1559 2292 animabus
1586 2211 1724 2292 nostris,
1752 2231 1876 2303 quem-

513 2321 689 2398 admodum
726 2328 760 2396 in
797 2323 999 2399 exercitibus
1032 2330 1154 2398 sanctis
1190 2334 1224 2396 et
1257 2324 1477 2398 coelestibus.
1521 2324 1642 2398 Libera
1678 2327 1779 2397 etiam
1812 2344 1875 2409 nos

511 2438 673 2529 Domine,
714 2440 755 2513 ab
789 2440 939 2514 omnibus
974 2442 1207 2515 tentationibus
1241 2438 1471 2531 gravioribus,
1498 2463 1584 2535 quae
1616 2444 1709 2513 vires
1742 2446 1875 2510 nostras

511 2566 682 2651 superent:
716 2567 749 2628 et
775 2560 868 2652 eripe
895 2557 1090 2630 adoratores
1125 2568 1198 2629 tuos
1233 2554 1274 2627 ab
1309 2556 1459 2629 omnibus
1491 2555 1712 2631 molitionibus
1746 2565 1781 2627 et
1815 2557 1873 2625 in-

511 2669 604 2745 sidiis
631 2675 828 2767 perniciosis
855 2671 992 2745 diaboli:
1020 2674 1095 2767 quia
1122 2683 1211 2744 tuum
1238 2682 1290 2745 est
1314 2694 1474 2765 regnum,
1502 2684 1535 2745 et
1559 2682 1708 2766 potestas
1735 2682 1769 2744 et
1794 2672 1873 2743 lau-

511 2786 617 2876 dutio,
644 2789 803 2883 simulque
828 2792 987 2880 unigeniti
1013 2788 1086 2860 Filii
1112 2792 1175 2876 tui,
1203 2799 1236 2860 et
1263 2792 1396 2885 spiritus
1423 2792 1468 2861 tui
1495 2791 1700 2861 sanctissimi.
1739 2884 1741 2888 .

533 2909 537 2920 “
614 2903 774 2997 Papam.
826 2905 945 2977 Amen.

615 3017 800 3091 Sacerdos.
854 3021 937 3092 Pax.

614 3134 773 3228 Populea.
799 3135 941 3208 Etcum
969 3139 1083 3232 spiritu
1111 3146 1177 3207 tuo.

613 3251 800 3323 Diaconos.
853 3253 996 3324 Domino
1023 3254 1132 3348 capito
1158 3260 1272 3324 nostra
1299 3249 1504 3324 inclinemus.

617 3368 776 3461 Papulas.
830 3367 951 3441 Coram
980 3378 1021 3439 te.

610 3483 793 3556 Sacerdos.
846 3483 987 3565 Domine
1013 3483 1105 3555 Deus
1136 3483 1225 3556 bone
1259 3493 1294 3555 et
1326 3493 1453 3554 amator
1485 3483 1666 3570 hominum,
1707 3487 1868 3579 propitius

508 3611 542 3673 et
568 3599 976 3689 mulmemiserioordiae,
1004 3604 1135 3694 respice
1161 3598 1236 3670 illos
1264 3621 1380 3671 omnes
1407 3602 1462 3693 qui
1494 3599 1734 3671 inclinavenmt
1759 3603 1867 3697 capita

506 3738 569 3790 sua
602 3737 714 3788 coram
740 3718 914 3807 majestate
943 3725 1017 3803 tua,
1044 3724 1079 3786 ct
1108 3714 1247 3787 benedic
1272 3718 1314 3786 iis
1347 3714 1579 3787 benedictione
1610 3724 1664 3786 tua
1697 3715 1867 3810 spirituali,

507 3842 542 3909 ei
581 3830 786 3904 manieribili.
845 3831 963 3927 Neque
1003 3830 1147 3926 repellas
1183 3852 1246 3903 nos
1280 3831 1441 3920 Domine,
1482 3854 1555 3901 cum
1590 3831 1779 3904 accedimus
1823 3833 1865 3904 at

507 3947 902 4029 meminationes
932 3944 1142 4017 immortalia:
1177 3967 1286 4040 neque
1319 3949 1419 4019 simus
1451 3950 1500 4018 rei
1533 3951 1683 4043 corporis
1715 3958 1750 4019 et
1781 3970 1866 4020 san-

505 4066 615 4155 guinis
639 4067 798 4156 unigeniti
823 4062 899 4135 Filii
924 4065 969 4136 tui
995 4084 1055 4156 per
1081 4064 1302 4153 cogitationes
1329 4063 1464 4135 odiosas
1492 4064 1639 4136 cordium
1659 4074 1864 4153 nostrorom3

505 4177 567 4252 scd
592 4201 667 4251 cam
692 4182 845 4275 puritate,
872 4188 905 4249 et
930 4176 1057 4274 absque
1075 4177 1203 4250 macula
1223 4176 1342 4270 dignos
1368 4178 1421 4250 iac
1447 4179 1707 4252 communicandi
1731 4188 1865 4275 myste-

503 4297 564 4372 riis
590 4298 654 4368 tuis
680 4299 820 4383 sanctis,
847 4293 1065 4383 coelestibus,
1091 4293 1234 4366 vivificis
1267 4304 1301 4366 ct
1333 4293 1548 4368 terribilibus:
1581 4307 1679 4390 atque
1711 4316 1772 4389 per
1809 4294 1864 4367 illa

504 4431 671 4485 consecra
699 4416 824 4483 animas
850 4420 983 4482 nostras
1010 4420 1044 4481 et
1070 4432 1215 4506 corpora
1241 4420 1356 4484 nostra
1382 4415 1416 4482 iu
1442 4409 1658 4484 babitaculum
1685 4411 1863 4483 divinitatis

502 4537 599 4619 tuae,
625 4539 659 4600 et
681 4527 868 4600 'referemus
894 4525 952 4597 tibi
978 4526 1129 4619 gloriam.

545 4707 547 4715 .
607 4642 766 4736 Populea.
818 4644 936 4715 Amen.

608 4757 791 4830 Sacerdos.
818 4759 901 4829 Pax.

608 4873 767 4966 Populos.
793 4960 796 4964 ι
819 4872 864 4945 Et
888 4897 961 4945 cum
988 4876 1103 4968 spiritu
1128 4883 1195 4946 tuo.

607 4988 790 5061 Sacerdos.
842 4989 1113 5062 Miscericordiae
1139 4991 1212 5062 Dei.

607 5089 766 5198 Populus.
791 5103 936 5177 Etcum
962 5107 1075 5200 spiritu
1101 5117 1168 5178 tuo.

606 5221 792 5294 Diaconos.
846 5221 929 5295 Cum
962 5223 1089 5294 timore.

539 5359 627 5404 m
637 5358 662 5403 ll.
