5150 6534
1074 1377 1570 1557 LITURGIA

891 1714 934 1830 S.
969 1712 1263 1830 istaut
1300 1729 1323 1793 ¹·
1365 1710 1745 1828 EPISGOPI

632 1945 893 2027 uomiturus
919 1951 968 2025 ET
995 1949 1240 2028 surtarias,
1274 1947 1449 2024 smouuu
1484 1948 1686 2044 uterum,
1722 1951 1788 2039 Qut
1819 1949 2000 2030 uramur

1150 2083 1269 2159 mut
1296 2081 1485 2159 totum

1030 2355 1182 2425 Primum
1210 2354 1333 2426 Oratio
1360 2362 1441 2426 aute
1467 2355 1605 2425 Pacem.

700 2551 817 2655 Dus
843 2577 944 2649 Pater
971 2580 1026 2670 qui
1057 2600 1096 2648 es
1132 2576 1349 2671 tranquillitas
1383 2580 1556 2650 temrinum
1588 2600 1656 2651 uon
1684 2577 1829 2668 habens,
1863 2590 1897 2652 et
1932 2603 1998 2680 pax

630 2697 838 2769 iudeficiens:
865 2696 1051 2788 caritasque
1078 2691 1330 2789 inseparabilis;
1358 2698 1412 2789 qui
1439 2716 1500 2789 per
1527 2692 1758 2766 abundantiam
1780 2700 1914 2790 gratiae
1928 2705 1999 2770 tuae

630 2816 752 2884 creasti
778 2811 942 2882 homiuem
977 2809 1019 2881 ad
1054 2808 1412 2905 incorruptibilitatem:
1451 2808 1505 2880 ille
1540 2822 1649 2881 tamen
1685 2833 1726 2883 eo
1761 2811 1850 2906 quod
1886 2824 1999 2896 traus-

629 2951 769 3021 gressus
797 2936 889 2998 esset
914 2937 1149 3021 praeceptum,
1176 2948 1254 2996 reus
1280 2928 1396 2998 mortis
1422 2923 1528 2996 factus
1555 2936 1606 2998 est
1632 2949 1694 3022 per
1720 2927 1878 3001 iuvidiam
1912 2931 1998 3004 uu-

628 3045 717 3132 holi;
743 3067 805 3140 per
831 3043 1010 3115 adveutum
1038 3052 1147 3113 autem
1173 3043 1334 3133 unigeniti
1361 3040 1436 3112 Filii
1472 3044 1516 3112 tui
1550 3041 1685 3113 Domini
1719 3053 1753 3113 et
1785 3043 1852 3116 Dei
1884 3049 1998 3132 nostri,

627 3184 714 3257 pace
741 3185 761 3232 e
788 3160 886 3232 coeio
915 3158 1060 3229 demissa
1087 3168 1208 3228 terram
1235 3157 1428 3252 replevisti3
1457 3155 1546 3250 quod
1581 3160 1679 3229 etiam
1716 3163 1888 3232 exercitus
1921 3161 1999 3233 Au-

627 3278 782 3369 gelomm
806 3275 938 3371 hymnis
965 3272 1243 3362 celebraremnt‚
1269 3269 1437 3344 dicentes:
1472 3272 1594 3342 Gloria
1627 3276 1661 3342 iu
1688 3273 1836 3344 execitia
1861 3273 1999 3348 Decet

627 3418 730 3486 saper
757 3401 885 3464 terrum
909 3415 1002 3484 pur,
1034 3396 1137 3483 utque
1169 3386 1358 3459 horreiuibus
1390 3387 1480 3458 boam
1516 3387 1687 3458 relicatas:
1722 3389 1821 3485 imple
1857 3389 2000 3464 Domine

628 3509 733 3581 corda
758 3517 872 3581 nostra
900 3505 988 3578 bona
1007 3506 1196 3577 uoluntate
1230 3512 1301 3592 tua,
1336 3526 1484 3599 purgans
1512 3526 1574 3576 uos
1602 3505 1643 3577 ab
1672 3509 1760 3578 omui
1787 3507 1942 3594 macula,
1968 3517 2001 3580 et

627 3624 773 3695 liberans
799 3647 862 3694 uos
890 3620 932 3693 ab
960 3620 1171 3708 numidam,
1199 3620 1276 3691 odio
1305 3620 1495 3707 ururtiierm
1529 3631 1561 3691 et
1590 3620 1631 3690 ab
1660 3624 1748 3694 omui
1773 3627 2001 3718 peruersitate

628 3753 661 3809 et
689 3742 817 3809 astutia.
871 3739 1009 3808 Praesta
1038 3740 1136 3807 etiam
1163 3747 1197 3807 ut
1225 3735 1339 3806 demus
1366 3758 1483 3830 pacem
1519 3734 1616 3807 uobis
1644 3740 1786 3809 inuicem
1815 3740 1847 3807 iu
1882 3739 2001 3813 osculo

628 3866 764 3926 sanctu:
791 3865 825 3925 et
852 3851 978 3948 absque
1010 3851 1078 3922 ulie
1105 3854 1242 3923 crimine
1269 3855 1449 3946 participes
1477 3852 1654 3924 efficiamur
1681 3852 1758 3926 doni
1777 3855 1822 3924 tui
1838 3855 2001 3928 coelestis

628 3982 663 4041 et
689 3969 963 4065 incorruptibiliS,
990 3972 1022 4039 in
1051 3965 1183 4040 Christo
1209 3968 1291 4039 Jesu
1318 3965 1462 4038 Domino
1488 3977 1623 4046 nostro,
1650 3992 1712 4064 per
1737 3992 1834 4063 quem
1863 3981 1900 4042 et
1928 3995 2003 4044 cum

629 4110 695 4180 quo
731 4100 764 4159 te
797 4087 893 4157 dccet
923 4083 1050 4176 gloria
1084 4082 1210 4172 honor,
1251 4092 1283 4154 et
1317 4086 1504 4178 imperium,
1540 4106 1614 4154 cum
1648 4085 1772 4181 Spiritu
1807 4099 1864 4159 tuo
1908 4091 2002 4183 uiro,

629 4214 745 4275 sancio
773 4212 807 4273 et
833 4202 932 4274 bauo.

731 4318 890 4410 Populus.
942 4317 1061 4387 Amen.

734 4434 917 4505 Sacerdos.
972 4434 1054 4503 Pax.

731 4551 890 4642 Populus.
943 4547 986 4618 Et
1013 4570 1087 4618 cum
1115 4551 1231 4642 spiritu
1258 4558 1323 4619 iu0.

731 4666 917 4736 Diaconus.
971 4665 1037 4736 Det
1061 4687 1179 4761 pacem
1207 4664 1441 4757 unusquisque.

730 4782 891 4875 Papulae.
943 4785 1099 4868 Praesta,
1127 4792 1189 4853 etc.

731 4898 918 4968 Diaconum
970 4897 1060 4971 Posi.

733 5012 915 5083 Sacerdos.
967 5010 1148 5085 Adorandc
1176 5014 1231 5105 qui
1257 5011 1299 5083 ab
1328 5008 1467 5102 Angelis
1493 5008 1711 5101 glorificare,
1748 5018 1780 5078 et
1808 5032 1828 5080 a
1856 5007 2001 5085 Cheru-

627 5129 695 5200 bim
720 5128 948 5214 benediceris,
976 5153 996 5199 a
1023 5127 1196 5222 Seraphim
1223 5127 1456 5213 sanctificaris,
1483 5125 1524 5196 ab
1552 5126 1664 5216 {greis
1684 5123 1841 5214 laudaris,
1871 5149 1893 5196 a
1920 5129 2000 5224 spi-

628 5241 797 5314 ritualibus
833 5243 1019 5330 extulleris,
1055 5254 1088 5314 et
1124 5267 1144 5313 a
1177 5241 1251 5313 filiis
1283 5241 1448 5314 huminum
1484 5241 1659 5329 exaltaris,
1693 5250 1726 5311 et
1761 5238 1804 5311 ab
1839 5244 1999 5316 omnibus

629 5363 790 5430 creaturis
816 5359 978 5448 laudaris,
1005 5362 1137 5453 respice
1162 5358 1305 5430 Domine
1331 5356 1472 5430 famulus
1491 5360 1632 5452 tuosqui
1648 5355 1892 5431 inclinaverim
1908 5359 2000 5432 coila
