5150 6534
886 805 1063 902 auronum
1076 801 1318 902 'sntrcromu
1343 822 1619 900 mosrocoam
1645 838 1696 900 a.
1906 832 1980 906 aas

613 1012 760 1081 caritatis
787 1020 878 1083 tuae:
906 1010 1105 1083 illuminatae
1132 1020 1206 1083 sunt
1233 1014 1363 1082 animae
1396 1021 1542 1097 nostrae,
1570 1034 1631 1107 per
1658 1017 1883 1107 cognitionem
1909 1042 1979 1091 ve-

613 1125 719 1195 ritatis
748 1136 839 1197 tuae:
868 1126 957 1220 digni
984 1128 1163 1199 efficiamur
1178 1127 1378 1222 suscipiendi
1395 1126 1691 1200 manifestationem
1718 1130 1828 1205 dilecti
1854 1139 1911 1225 tui,
1939 1136 1981 1208 de

611 1240 708 1311 coelo
737 1254 852 1313 sancto
882 1254 952 1315 tuo:
988 1243 1054 1314 illic
1081 1240 1309 1316 confitebimur
1335 1244 1408 1329 tihi,
1442 1252 1476 1313 et
1507 1246 1684 1336 (mterea)
1721 1248 1978 1340 glorificabimus

611 1365 644 1426 te
671 1355 895 1430 indesinenter
921 1366 953 1430 in
972 1359 1127 1431 Ecclesia
1155 1369 1208 1429 tua
1236 1370 1396 1430 coronata
1423 1370 1457 1429 et
1483 1359 1580 1455 plena
1610 1360 1760 1433 omnibus
1788 1365 1918 1437 auxiliis
1945 1377 1979 1439 et

612 1471 763 1543 omnibus
789 1474 900 1563 honis,
927 1480 1002 1571 quia
1031 1486 1063 1547 tu
1091 1500 1128 1548 cs
1155 1475 1315 1546 Dominus
1344 1485 1377 1545 et
1403 1486 1536 1547 creator
1563 1479 1706 1548 omnium
1733 1479 1841 1552 Pater.

717 1603 837 1674 Oratio
872 1608 1012 1677 incensi.
1072 1603 1270 1675 Referemus
1306 1602 1470 1703 lipsanum·
1498 1604 1649 1676 Trinitati
1684 1606 1760 1678 turae
1794 1608 1978 1702 gloriosae,

610 1721 722 1808 Pater,
748 1719 812 1793 Fili
839 1730 872 1790 et
898 1721 1039 1814 Spiritus
1067 1729 1191 1792 sancte.

603 1898 607 1906 ·
713 1849 845 1921 Diebus
861 1853 996 1942 jp‘unii.
1050 1849 1093 1920 m
1119 1856 1263 1944 propter.

712 1983 754 2054 ln
781 1987 1097 2055 commemoratione
1123 1981 1338 2054 Sanctorum.
1392 1983 1442 2054 Tu
1469 1984 1627 2071 Domine,
1654 2010 1737 2059 vere
1763 2013 1801 2062 es
1828 1997 1975 2068 suscita-

609 2109 663 2172 tor
688 2123 865 2196 corporum
894 2110 1098 2170 nostrorum:
1128 2109 1160 2170 tu
1187 2120 1225 2168 es
1252 2097 1412 2171 Salvator
1438 2097 1546 2173 bonus
1573 2104 1753 2175 animarum
1777 2086 1975 2201 nostrarum,

609 2227 643 2286 et
677 2226 900 2287 conservator
935 2237 1074 2287 securus
1106 2217 1197 2284 ritae
1229 2223 1383 2286 nostrae:
1421 2238 1550 2310 nosque
1584 2230 1716 2312 oportet
1750 2232 1783 2292 te
1814 2236 1975 2319 perpetuo

608 2330 768 2421 confiteri,
797 2332 939 2403 adorare
966 2341 999 2402 ct
1025 2331 1213 2423 glorificare
1240 2333 1384 2401 omnium
1410 2330 1562 2403 Domine.

709 2465 722 2498 ³
748 2466 808 2534 Ad
832 2465 1024 2534 Lectiones.
1078 2464 1233 2548 Sanctus,
1259 2465 1273 2496 ⁴
1298 2460 1494 2552 laudandus,
1520 2475 1654 2561 potens,
1680 2471 1892 2563 immortalis,
1919 2479 1975 2570 qui

606 2580 639 2649 in
666 2582 789 2651 sanctis
817 2579 958 2667 habitas,
987 2588 1020 2650 et
1046 2581 1227 2673 requiescit
1253 2582 1286 2649 in
1315 2582 1363 2650 eis
1390 2578 1545 2652 voluntas
1575 2591 1644 2654 tua:
1671 2589 1801 2680 respice
1820 2588 1973 2679 Domine,

606 2699 766 2790 propitius
802 2708 875 2767 esto
911 2707 944 2766 et
975 2698 1135 2766 miserere
1165 2698 1293 2785 nostri,
1337 2698 1422 2783 sicut
1457 2698 1490 2765 in
1527 2695 1678 2769 omnibus
1716 2702 1895 2778 auxiliator
1934 2728 1973 2779 es

607 2814 751 2882 omnium
776 2813 928 2884 Domine.

708 2929 767 3000 Ad
793 2928 1001 3020 Apostolum.
1054 2925 1202 2998 lllumina
1228 2926 1325 2999 nobis
1351 2928 1494 3000 Domine
1522 2940 1555 3000 et
1580 2932 1672 3003 Deus
1699 2944 1829 3021 noster,
1863 2947 1972 3011 motus

605 3047 843 3136 cogitationum
874 3054 1080 3129 nostrarum,
1120 3042 1160 3112 ad
1200 3027 1395 3115 audiendum
1433 3054 1466 3115 et
1503 3044 1750 3138 intelligendum
1783 3049 1969 3125 auditiones

606 3181 730 3233 suaves
757 3160 985 3232 mandatorum
1019 3169 1146 3230 tuorum
1183 3159 1419 3231 vivificantium
1455 3171 1489 3231 ct
1521 3160 1727 3235 divinorum:
1764 3173 1798 3235 et
1824 3167 1972 3240 concede

607 3273 705 3346 nohis
731 3297 793 3371 per
819 3279 959 3367 gratiam
987 3286 1021 3346 et
1047 3275 1306 3347 misericordiam
1343 3288 1429 3347 tuam
1463 3287 1497 3348 ut
1524 3299 1570 3347 ex
1596 3277 1659 3349 illis
1686 3278 1882 3372 colligamus
1909 3307 1971 3355 ar-

511 3471 515 3476 ,
607 3401 797 3482 gumentum
826 3391 1007 3463 dilectionis
1035 3401 1068 3462 et
1095 3394 1184 3485 spei3
1221 3390 1425 3486 salutemque
1459 3396 1589 3464 animae
1616 3403 1650 3465 et
1676 3400 1809 3491 corpori
1837 3420 1971 3471 conve-

603 3509 763 3578 nientem:
791 3530 1013 3603 canemusque
1041 3507 1098 3579 tibi
1123 3506 1265 3607 gloriam
1292 3517 1485 3604 perpetuam
1504 3508 1738 3600 indesinenter,
1765 3523 1798 3584 et
1825 3533 1970 3608 semper,

604 3627 748 3695 omnium
774 3622 927 3695 Domine.

705 3754 838 3827 Diebus
855 3761 989 3848 jejunii.
1043 3755 1118 3827 Tibi
1145 3754 1351 3848 gubernator
1377 3760 1520 3853 sapiens.

709 3889 929 3962 Descendens
954 3890 1117 3961 salutabit
1144 3892 1155 3924 ⁵
1182 3889 1412 3985 Euangelinm‚
1440 3890 1556 3962 dicens
1582 3891 1881 3966 macerationem
1904 3919 1969 3968 co-

602 4026 679 4074 ram
701 4005 816 4076 altari.
869 4006 920 4077 Te
935 4028 1074 4098 germen
1101 4006 1310 4099 praeclarum
1332 4006 1440 4077 Patris
1467 4009 1524 4096 tui,
1550 4018 1584 4079 et
1599 4010 1776 4101 imaginem
1802 4033 1970 4105 personae

602 4122 765 4211 genitoris
799 4127 861 4205 tui,
895 4125 949 4217 qui
982 4121 1152 4194 revelatus
1192 4143 1230 4192 es
1268 4125 1302 4191 in
1335 4143 1479 4216 corpore
1511 4121 1718 4197 humanitatis
1750 4137 1900 4219 nostrae,
1936 4137 1971 4200 et

602 4246 694 4307 ortus
721 4260 759 4307 es
786 4238 882 4311 nobis
912 4242 946 4310 in
978 4237 1100 4309 lumine
1135 4240 1388 4310 annuntiationis
1421 4248 1515 4328 tuae,
1541 4248 1574 4309 te
1601 4241 1812 4332 confitemur,
1840 4244 1968 4318 adora-

601 4372 696 4441 mus,
723 4364 785 4424 etc.

703 4482 751 4551 Et
773 4488 853 4573 post
877 4483 1187 4574 proclnnnutionem.
1241 4481 1292 4552 Te
1318 4483 1460 4554 Domine
1479 4484 1573 4555 Deus
1600 4494 1720 4580 potens
1746 4486 1965 4582 deprecamur

602 4604 636 4665 et
661 4618 836 4687 rogamus,
872 4598 995 4694 perfice
1029 4595 1201 4668 nobiscum
1233 4601 1375 4688 gratiam
1409 4607 1496 4670 tuam
1530 4609 1564 4670 et
1596 4600 1725 4673 aliunde
1756 4624 1817 4698 per
1848 4623 1965 4676 manus

599 4721 733 4783 nostras
760 4710 879 4784 donum
907 4726 1012 4802 tuum,
1039 4711 1317 4800 misericordiam,
1344 4723 1379 4784 et
1403 4716 1647 4788 miserationem
1675 4717 1853 4788 divinitatis
1879 4726 1965 4788 tuae.

601 4825 675 4896 Sint
699 4826 797 4899 nobis
824 4827 865 4899 ad
891 4833 1157 4925 propitiationem
1178 4827 1370 4903 delictorum
1397 4830 1511 4926 populi
1537 4836 1594 4922 tui,
1621 4842 1655 4904 et
1675 4832 1716 4903 ad
1734 4835 1965 4906 remissionem

599 4953 812 5036 peccatorum
841 4948 940 5017 totins
972 4949 1089 5038 gregis
1121 4967 1268 5042 pascuae
1304 4957 1400 5033 tuae,
1427 4969 1489 5042 per
1514 4952 1656 5039 gratiam
1682 4957 1771 5019 tuam
1797 4955 1832 5018 et
1855 4950 1964 5020 mise-

599 5062 746 5132 rationes
773 5069 857 5148 tuas‚
884 5059 974 5133 bone
1000 5073 1034 5134 et
1060 5072 1189 5135 amator
1214 5060 1393 5152 hominum,
1419 5063 1563 5136 Domine
1590 5065 1743 5135 omnium.

701 5176 856 5249 Diaconi
881 5179 1006 5249 dicant.
1058 5179 1218 5251 Inclinato
1243 5182 1353 5274 capita
1378 5189 1503 5252 vestra.

637 5312 759 5357 ramma.
1197 5321 1201 5331 ’
1707 5296 1756 5370 ’16
