<?xml version="1.0" encoding="UTF-8"?>
<!DOCTYPE html PUBLIC "-//W3C//DTD XHTML 1.0 Transitional//EN"
    "http://www.w3.org/TR/xhtml1/DTD/xhtml1-transitional.dtd">
<html xmlns="http://www.w3.org/1999/xhtml" xml:lang="en" lang="en">
 <head>
  <title>
</title>
<meta http-equiv="Content-Type" content="text/html;charset=utf-8" />
  <meta name='ocr-system' content='tesseract 3.04.00' />
  <meta name='ocr-capabilities' content='ocr_page ocr_carea ocr_par ocr_line ocrx_word'/>
</head>
<body>
  <div class='ocr_page' id='page_1' title='image "./liturgiarumorie00renagoog_0601.png"; bbox 0 0 5150 6534; ppageno 0'>
   <div class='ocr_carea' id='block_1_1' title="bbox 852 859 1911 936">
    <p class='ocr_par' dir='ltr' id='par_1_1' title="bbox 852 859 1911 936">
     <span class='ocr_line' id='line_1_1' title="bbox 852 859 1911 936; baseline -0.005 0"><span class='ocrx_word' id='word_1_1' title='bbox 852 862 906 935; x_wconf 84' lang='lat' dir='ltr'>DE</span> <span class='ocrx_word' id='word_1_2' title='bbox 933 859 1323 936; x_wconf 78' lang='lat' dir='ltr'>NES&#39;lOltlnllOliUll</span> <span class='ocrx_word' id='word_1_3' title='bbox 1357 859 1598 935; x_wconf 81' lang='lat' dir='ltr'>LlTUllGllS.</span> <span class='ocrx_word' id='word_1_4' title='bbox 1836 859 1911 931; x_wconf 79' lang='lat'>563</span> 
     </span>
    </p>
   </div>
   <div class='ocr_carea' id='block_1_2' title="bbox 489 1043 2234 5299">
    <p class='ocr_par' dir='ltr' id='par_1_2' title="bbox 489 1043 2234 5299">
     <span class='ocr_line' id='line_1_2' title="bbox 541 1043 1911 1139; baseline 0.001 -23"><span class='ocrx_word' id='word_1_5' title='bbox 541 1068 626 1139; x_wconf 90' lang='lat' dir='ltr'>quae</span> <span class='ocrx_word' id='word_1_6' title='bbox 653 1051 826 1121; x_wconf 81' lang='lat' dir='ltr'>uetustatis</span> <span class='ocrx_word' id='word_1_7' title='bbox 858 1071 925 1118; x_wconf 93' lang='lat' dir='ltr'>noa</span> <span class='ocrx_word' id='word_1_8' title='bbox 959 1044 1038 1116; x_wconf 85' lang='lat' dir='ltr'>leve</span> <span class='ocrx_word' id='word_1_9' title='bbox 1074 1047 1227 1116; x_wconf 90' lang='lat' dir='ltr'>indiciam</span> <span class='ocrx_word' id='word_1_10' title='bbox 1260 1054 1325 1117; x_wconf 91' lang='lat' dir='ltr'>est:</span> <span class='ocrx_word' id='word_1_11' title='bbox 1363 1046 1451 1138; x_wconf 93' lang='lat' dir='ltr'>qaod</span> <span class='ocrx_word' id='word_1_12' title='bbox 1485 1068 1551 1115; x_wconf 93' lang='lat' dir='ltr'>non</span> <span class='ocrx_word' id='word_1_13' title='bbox 1587 1046 1688 1117; x_wconf 93' lang='lat' dir='ltr'>modo</span> <span class='ocrx_word' id='word_1_14' title='bbox 1723 1047 1764 1116; x_wconf 93' lang='lat' dir='ltr'>de</span> <span class='ocrx_word' id='word_1_15' title='bbox 1796 1043 1911 1117; x_wconf 86' lang='lat' dir='ltr'>ritibus</span> 
     </span>
     <span class='ocr_line' id='line_1_3' title="bbox 539 1160 1911 1254; baseline 0.001 -25"><span class='ocrx_word' id='word_1_16' title='bbox 539 1161 676 1252; x_wconf 88' lang='lat' dir='ltr'>intelligi</span> <span class='ocrx_word' id='word_1_17' title='bbox 716 1164 833 1249; x_wconf 88' lang='lat' dir='ltr'>debet,</span> <span class='ocrx_word' id='word_1_18' title='bbox 873 1185 989 1232; x_wconf 84' lang='lat' dir='ltr'>reram</span> <span class='ocrx_word' id='word_1_19' title='bbox 1027 1165 1123 1231; x_wconf 88' lang='lat' dir='ltr'>etiarn</span> <span class='ocrx_word' id='word_1_20' title='bbox 1164 1162 1206 1232; x_wconf 91' lang='lat' dir='ltr'>de</span> <span class='ocrx_word' id='word_1_21' title='bbox 1240 1162 1454 1232; x_wconf 83' lang='lat' dir='ltr'>orationibus</span> <span class='ocrx_word' id='word_1_22' title='bbox 1518 1160 1594 1231; x_wconf 88' lang='lat' dir='ltr'>lllas</span> <span class='ocrx_word' id='word_1_23' title='bbox 1630 1161 1784 1244; x_wconf 89' lang='lat' dir='ltr'>dicimus,</span> <span class='ocrx_word' id='word_1_24' title='bbox 1825 1185 1911 1254; x_wconf 86' lang='lat' dir='ltr'>quae</span> 
     </span>
     <span class='ocr_line' id='line_1_4' title="bbox 539 1275 1910 1371; baseline 0.001 -26"><span class='ocrx_word' id='word_1_25' title='bbox 539 1282 736 1371; x_wconf 85' lang='lat' dir='ltr'>praecipuas</span> <span class='ocrx_word' id='word_1_26' title='bbox 764 1282 974 1370; x_wconf 86' lang='lat' dir='ltr'>maximeque</span> <span class='ocrx_word' id='word_1_27' title='bbox 1002 1277 1261 1348; x_wconf 74' lang='lat' dir='ltr'>sacramentales</span> <span class='ocrx_word' id='word_1_28' title='bbox 1291 1277 1395 1347; x_wconf 80' lang='lat' dir='ltr'>officit</span> <span class='ocrx_word' id='word_1_29' title='bbox 1428 1275 1646 1347; x_wconf 87' lang='lat' dir='ltr'>Euelraristiei</span> <span class='ocrx_word' id='word_1_30' title='bbox 1681 1289 1794 1371; x_wconf 87' lang='lat' dir='ltr'>partes</span> <span class='ocrx_word' id='word_1_31' title='bbox 1824 1299 1910 1371; x_wconf 92' lang='lat' dir='ltr'>spe-</span> 
     </span>
     <span class='ocr_line' id='line_1_5' title="bbox 540 1390 1909 1485; baseline 0.001 -26"><span class='ocrx_word' id='word_1_32' title='bbox 540 1400 643 1461; x_wconf 90' lang='lat' dir='ltr'>ctant:</span> <span class='ocrx_word' id='word_1_33' title='bbox 680 1392 765 1461; x_wconf 89' lang='lat' dir='ltr'>aliae</span> <span class='ocrx_word' id='word_1_34' title='bbox 801 1396 829 1462; x_wconf 89' lang='lat' dir='ltr'>si</span> <span class='ocrx_word' id='word_1_35' title='bbox 869 1392 999 1485; x_wconf 92' lang='lat' dir='ltr'>quidem</span> <span class='ocrx_word' id='word_1_36' title='bbox 1034 1390 1075 1461; x_wconf 92' lang='lat' dir='ltr'>ab</span> <span class='ocrx_word' id='word_1_37' title='bbox 1113 1415 1154 1462; x_wconf 89' lang='lat' dir='ltr'>ea</span> <span class='ocrx_word' id='word_1_38' title='bbox 1189 1395 1378 1485; x_wconf 71' lang='lat' dir='ltr'>antiquitate</span> <span class='ocrx_word' id='word_1_39' title='bbox 1415 1390 1537 1462; x_wconf 84' lang='lat' dir='ltr'>abesse</span> <span class='ocrx_word' id='word_1_40' title='bbox 1571 1390 1702 1483; x_wconf 88' lang='lat' dir='ltr'>longius</span> <span class='ocrx_word' id='word_1_41' title='bbox 1739 1393 1909 1463; x_wconf 85' lang='lat' dir='ltr'>uideatur:</span> 
     </span>
     <span class='ocr_line' id='line_1_6' title="bbox 540 1505 1910 1601; baseline 0.001 -27"><span class='ocrx_word' id='word_1_42' title='bbox 540 1505 802 1577; x_wconf 74' lang='lat' dir='ltr'>uerliosissiraae</span> <span class='ocrx_word' id='word_1_43' title='bbox 830 1512 915 1578; x_wconf 88' lang='lat' dir='ltr'>enirn</span> <span class='ocrx_word' id='word_1_44' title='bbox 944 1519 1033 1592; x_wconf 90' lang='lat' dir='ltr'>suat,</span> <span class='ocrx_word' id='word_1_45' title='bbox 1062 1518 1095 1577; x_wconf 91' lang='lat' dir='ltr'>et</span> <span class='ocrx_word' id='word_1_46' title='bbox 1120 1509 1229 1578; x_wconf 93' lang='lat' dir='ltr'>multis</span> <span class='ocrx_word' id='word_1_47' title='bbox 1257 1510 1471 1601; x_wconf 54' lang='lat' dir='ltr'>synonymis,</span> <span class='ocrx_word' id='word_1_48' title='bbox 1508 1507 1725 1601; x_wconf 85' lang='lat' dir='ltr'>epitlretisque</span> <span class='ocrx_word' id='word_1_49' title='bbox 1760 1507 1910 1577; x_wconf 89' lang='lat' dir='ltr'>inllaatar</span> 
     </span>
     <span class='ocr_line' id='line_1_7' title="bbox 542 1622 1909 1719; baseline 0.001 -29"><span class='ocrx_word' id='word_1_50' title='bbox 542 1644 627 1713; x_wconf 89' lang='lat' dir='ltr'>qaae</span> <span class='ocrx_word' id='word_1_51' title='bbox 655 1625 872 1719; x_wconf 82' lang='lat' dir='ltr'>posteriorum</span> <span class='ocrx_word' id='word_1_52' title='bbox 902 1622 1109 1693; x_wconf 88' lang='lat' dir='ltr'>saeculoram</span> <span class='ocrx_word' id='word_1_53' title='bbox 1138 1627 1255 1713; x_wconf 88' lang='lat' dir='ltr'>genias</span> <span class='ocrx_word' id='word_1_54' title='bbox 1284 1623 1420 1692; x_wconf 82' lang='lat' dir='ltr'>induxit.</span> <span class='ocrx_word' id='word_1_55' title='bbox 1473 1624 1525 1692; x_wconf 89' lang='lat' dir='ltr'>De</span> <span class='ocrx_word' id='word_1_56' title='bbox 1552 1622 1668 1692; x_wconf 87' lang='lat' dir='ltr'>ritibus</span> <span class='ocrx_word' id='word_1_57' title='bbox 1693 1626 1790 1693; x_wconf 87' lang='lat' dir='ltr'>etiarn</span> <span class='ocrx_word' id='word_1_58' title='bbox 1819 1631 1909 1693; x_wconf 90' lang='lat' dir='ltr'>certa</span> 
     </span>
     <span class='ocr_line' id='line_1_8' title="bbox 541 1737 1904 1832; baseline 0.004 -27"><span class='ocrx_word' id='word_1_59' title='bbox 541 1740 731 1827; x_wconf 89' lang='lat' dir='ltr'>conjectura</span> <span class='ocrx_word' id='word_1_60' title='bbox 760 1739 832 1808; x_wconf 91' lang='lat' dir='ltr'>daei</span> <span class='ocrx_word' id='word_1_61' title='bbox 859 1761 925 1808; x_wconf 94' lang='lat' dir='ltr'>non</span> <span class='ocrx_word' id='word_1_62' title='bbox 952 1747 1077 1831; x_wconf 88' lang='lat' dir='ltr'>potest:</span> <span class='ocrx_word' id='word_1_63' title='bbox 1106 1762 1179 1808; x_wconf 88' lang='lat' dir='ltr'>cura</span> <span class='ocrx_word' id='word_1_64' title='bbox 1208 1742 1239 1808; x_wconf 95' lang='lat' dir='ltr'>ia</span> <span class='ocrx_word' id='word_1_65' title='bbox 1267 1738 1435 1832; x_wconf 88' lang='lat' dir='ltr'>plerisque</span> <span class='ocrx_word' id='word_1_66' title='bbox 1453 1738 1643 1809; x_wconf 77' lang='lat' dir='ltr'>llissalilrus</span> <span class='ocrx_word' id='word_1_67' title='bbox 1671 1737 1762 1808; x_wconf 84' lang='lat' dir='ltr'>libris</span> <span class='ocrx_word' id='word_1_68' title='bbox 1791 1744 1904 1830; x_wconf 89' lang='lat' dir='ltr'>cujas-</span> 
     </span>
     <span class='ocr_line' id='line_1_9' title="bbox 541 1851 1910 1948; baseline 0.005 -29"><span class='ocrx_word' id='word_1_69' title='bbox 541 1875 680 1945; x_wconf 88' lang='lat' dir='ltr'>earnqae</span> <span class='ocrx_word' id='word_1_70' title='bbox 707 1851 860 1944; x_wconf 89' lang='lat' dir='ltr'>linguae,</span> <span class='ocrx_word' id='word_1_71' title='bbox 889 1877 954 1924; x_wconf 82' lang='lat' dir='ltr'>aori</span> <span class='ocrx_word' id='word_1_72' title='bbox 983 1877 1116 1947; x_wconf 79' lang='lat' dir='ltr'>seraper</span> <span class='ocrx_word' id='word_1_73' title='bbox 1144 1855 1299 1946; x_wconf 81' lang='lat' dir='ltr'>adscripti</span> <span class='ocrx_word' id='word_1_74' title='bbox 1328 1858 1409 1940; x_wconf 90' lang='lat' dir='ltr'>siat,</span> <span class='ocrx_word' id='word_1_75' title='bbox 1437 1877 1511 1923; x_wconf 89' lang='lat' dir='ltr'>narn</span> <span class='ocrx_word' id='word_1_76' title='bbox 1540 1853 1670 1923; x_wconf 83' lang='lat' dir='ltr'>aliunde</span> <span class='ocrx_word' id='word_1_77' title='bbox 1698 1858 1763 1948; x_wconf 89' lang='lat' dir='ltr'>peti</span> <span class='ocrx_word' id='word_1_78' title='bbox 1792 1854 1910 1928; x_wconf 86' lang='lat' dir='ltr'>solent.</span> 
     </span>
     <span class='ocr_line' id='line_1_10' title="bbox 539 1965 1910 2062; baseline 0.004 -26"><span class='ocrx_word' id='word_1_79' title='bbox 539 1965 681 2059; x_wconf 84' lang='lat' dir='ltr'>Aliquos</span> <span class='ocrx_word' id='word_1_80' title='bbox 710 1992 755 2039; x_wconf 78' lang='lat' dir='ltr'>ea·</span> <span class='ocrx_word' id='word_1_81' title='bbox 783 1970 854 2039; x_wconf 90' lang='lat' dir='ltr'>aliis</span> <span class='ocrx_word' id='word_1_82' title='bbox 882 1970 1128 2040; x_wconf 82' lang='lat' dir='ltr'>Ecclesiasticis</span> <span class='ocrx_word' id='word_1_83' title='bbox 1156 1973 1375 2041; x_wconf 88' lang='lat' dir='ltr'>memancatis</span> <span class='ocrx_word' id='word_1_84' title='bbox 1404 1973 1634 2059; x_wconf 81' lang='lat' dir='ltr'>agnoscimus,</span> <span class='ocrx_word' id='word_1_85' title='bbox 1668 1993 1805 2062; x_wconf 89' lang='lat' dir='ltr'>qaorum</span> <span class='ocrx_word' id='word_1_86' title='bbox 1836 1972 1910 2041; x_wconf 84' lang='lat' dir='ltr'>Co-</span> 
     </span>
     <span class='ocr_line' id='line_1_11' title="bbox 541 2082 1910 2179; baseline 0.004 -28"><span class='ocrx_word' id='word_1_87' title='bbox 541 2082 631 2152; x_wconf 85' lang='lat' dir='ltr'>dices</span> <span class='ocrx_word' id='word_1_88' title='bbox 659 2085 691 2153; x_wconf 94' lang='lat' dir='ltr'>ia</span> <span class='ocrx_word' id='word_1_89' title='bbox 719 2083 855 2155; x_wconf 88' lang='lat' dir='ltr'>Oriente</span> <span class='ocrx_word' id='word_1_90' title='bbox 882 2089 993 2179; x_wconf 87' lang='lat' dir='ltr'>scripti</span> <span class='ocrx_word' id='word_1_91' title='bbox 1022 2090 1221 2156; x_wconf 89' lang='lat' dir='ltr'>raeatioaem</span> <span class='ocrx_word' id='word_1_92' title='bbox 1249 2086 1370 2155; x_wconf 88' lang='lat' dir='ltr'>nullam</span> <span class='ocrx_word' id='word_1_93' title='bbox 1399 2085 1537 2171; x_wconf 88' lang='lat' dir='ltr'>laciaat,</span> <span class='ocrx_word' id='word_1_94' title='bbox 1575 2086 1615 2154; x_wconf 92' lang='lat' dir='ltr'>de</span> <span class='ocrx_word' id='word_1_95' title='bbox 1648 2084 1765 2179; x_wconf 88' lang='lat' dir='ltr'>quilnrs</span> <span class='ocrx_word' id='word_1_96' title='bbox 1802 2097 1910 2157; x_wconf 83' lang='lat' dir='ltr'>tarrrea</span> 
     </span>
     <span class='ocr_line' id='line_1_12' title="bbox 542 2198 1910 2295; baseline 0.004 -29"><span class='ocrx_word' id='word_1_97' title='bbox 542 2198 691 2268; x_wconf 89' lang='lat' dir='ltr'>dubitare</span> <span class='ocrx_word' id='word_1_98' title='bbox 727 2222 794 2271; x_wconf 95' lang='lat' dir='ltr'>noa</span> <span class='ocrx_word' id='word_1_99' title='bbox 830 2223 1026 2295; x_wconf 84' lang='lat' dir='ltr'>possumus,</span> <span class='ocrx_word' id='word_1_100' title='bbox 1061 2206 1212 2294; x_wconf 83' lang='lat' dir='ltr'>quamvis</span> <span class='ocrx_word' id='word_1_101' title='bbox 1247 2206 1361 2272; x_wconf 91' lang='lat' dir='ltr'>notitia</span> <span class='ocrx_word' id='word_1_102' title='bbox 1397 2201 1524 2271; x_wconf 89' lang='lat' dir='ltr'>illorum</span> <span class='ocrx_word' id='word_1_103' title='bbox 1560 2205 1641 2273; x_wconf 89' lang='lat' dir='ltr'>satis</span> <span class='ocrx_word' id='word_1_104' title='bbox 1679 2200 1821 2272; x_wconf 87' lang='lat' dir='ltr'>obscura</span> <span class='ocrx_word' id='word_1_105' title='bbox 1856 2204 1910 2291; x_wconf 89' lang='lat' dir='ltr'>sit,</span> 
     </span>
     <span class='ocr_line' id='line_1_13' title="bbox 543 2314 1908 2411; baseline 0.004 -29"><span class='ocrx_word' id='word_1_106' title='bbox 543 2318 617 2406; x_wconf 71' lang='lat' dir='ltr'>(pria</span> <span class='ocrx_word' id='word_1_107' title='bbox 644 2314 717 2384; x_wconf 85' lang='lat' dir='ltr'>libri</span> <span class='ocrx_word' id='word_1_108' title='bbox 746 2315 1019 2388; x_wconf 87' lang='lat' dir='ltr'>Nestoriaaorum</span> <span class='ocrx_word' id='word_1_109' title='bbox 1048 2340 1130 2411; x_wconf 91' lang='lat' dir='ltr'>prae</span> <span class='ocrx_word' id='word_1_110' title='bbox 1158 2320 1300 2388; x_wconf 88' lang='lat' dir='ltr'>caeteris</span> <span class='ocrx_word' id='word_1_111' title='bbox 1335 2320 1494 2387; x_wconf 87' lang='lat' dir='ltr'>rarissimi</span> <span class='ocrx_word' id='word_1_112' title='bbox 1531 2328 1613 2387; x_wconf 88' lang='lat' dir='ltr'>sant.</span> <span class='ocrx_word' id='word_1_113' title='bbox 1670 2317 1817 2387; x_wconf 83' lang='lat' dir='ltr'>Aliorum</span> <span class='ocrx_word' id='word_1_114' title='bbox 1846 2340 1908 2387; x_wconf 91' lang='lat' dir='ltr'>su-</span> 
     </span>
     <span class='ocr_line' id='line_1_14' title="bbox 542 2432 1911 2525; baseline 0.005 -28"><span class='ocrx_word' id='word_1_115' title='bbox 542 2441 678 2522; x_wconf 88' lang='lat' dir='ltr'>persunt</span> <span class='ocrx_word' id='word_1_116' title='bbox 712 2454 777 2501; x_wconf 94' lang='lat' dir='ltr'>aon</span> <span class='ocrx_word' id='word_1_117' title='bbox 813 2433 955 2504; x_wconf 87' lang='lat' dir='ltr'>obscura</span> <span class='ocrx_word' id='word_1_118' title='bbox 998 2437 1157 2522; x_wconf 75' lang='lat' dir='ltr'>vestigia,</span> <span class='ocrx_word' id='word_1_119' title='bbox 1196 2436 1227 2501; x_wconf 94' lang='lat' dir='ltr'>ia</span> <span class='ocrx_word' id='word_1_120' title='bbox 1264 2436 1336 2525; x_wconf 91' lang='lat' dir='ltr'>ipsa</span> <span class='ocrx_word' id='word_1_121' title='bbox 1376 2455 1472 2524; x_wconf 90' lang='lat' dir='ltr'>qaam</span> <span class='ocrx_word' id='word_1_122' title='bbox 1507 2433 1675 2503; x_wconf 88' lang='lat' dir='ltr'>llleaesias</span> <span class='ocrx_word' id='word_1_123' title='bbox 1717 2432 1911 2504; x_wconf 81' lang='lat' dir='ltr'>reformavit</span> 
     </span>
     <span class='ocr_line' id='line_1_15' title="bbox 489 2546 1909 2642; baseline 0.004 -31"><span class='ocrx_word' id='word_1_124' title='bbox 489 2601 494 2611; x_wconf 76' lang='grc'>.</span> <span class='ocrx_word' id='word_1_125' title='bbox 541 2546 699 2638; x_wconf 87' lang='lat' dir='ltr'>Litargia.</span> <span class='ocrx_word' id='word_1_126' title='bbox 754 2547 927 2640; x_wconf 79' lang='lat' dir='ltr'>ReliqaoS,</span> <span class='ocrx_word' id='word_1_127' title='bbox 956 2552 1008 2641; x_wconf 93' lang='lat' dir='ltr'>qui</span> <span class='ocrx_word' id='word_1_128' title='bbox 1038 2547 1078 2617; x_wconf 89' lang='lat' dir='ltr'>ab</span> <span class='ocrx_word' id='word_1_129' title='bbox 1108 2549 1246 2618; x_wconf 81' lang='lat' dir='ltr'>advenis</span> <span class='ocrx_word' id='word_1_130' title='bbox 1265 2548 1363 2642; x_wconf 70' lang='lat' dir='ltr'>Sqris</span> <span class='ocrx_word' id='word_1_131' title='bbox 1383 2547 1630 2634; x_wconf 79' lang='lat' dir='ltr'>describantur,</span> <span class='ocrx_word' id='word_1_132' title='bbox 1663 2553 1689 2617; x_wconf 92' lang='lat' dir='ltr'>si</span> <span class='ocrx_word' id='word_1_133' title='bbox 1718 2547 1849 2641; x_wconf 80' lang='lat' dir='ltr'>qruardo</span> <span class='ocrx_word' id='word_1_134' title='bbox 1878 2550 1909 2617; x_wconf 92' lang='lat' dir='ltr'>ia</span> 
     </span>
     <span class='ocr_line' id='line_1_16' title="bbox 541 2661 1908 2757; baseline 0.002 -27"><span class='ocrx_word' id='word_1_135' title='bbox 541 2661 710 2755; x_wconf 80' lang='lat' dir='ltr'>Europam</span> <span class='ocrx_word' id='word_1_136' title='bbox 739 2667 895 2749; x_wconf 81' lang='lat' dir='ltr'>ueniunt,</span> <span class='ocrx_word' id='word_1_137' title='bbox 924 2674 958 2733; x_wconf 90' lang='grc' dir='ltr'>ιιι</span> <span class='ocrx_word' id='word_1_138' title='bbox 986 2664 1176 2757; x_wconf 76' lang='lat' dir='ltr'>exemplar,</span> <span class='ocrx_word' id='word_1_139' title='bbox 1206 2664 1293 2757; x_wconf 92' lang='lat' dir='ltr'>qaod</span> <span class='ocrx_word' id='word_1_140' title='bbox 1328 2662 1487 2733; x_wconf 86' lang='lat' dir='ltr'>habemus</span> <span class='ocrx_word' id='word_1_141' title='bbox 1524 2666 1678 2757; x_wconf 88' lang='lat' dir='ltr'>scriptum</span> <span class='ocrx_word' id='word_1_142' title='bbox 1714 2686 1810 2733; x_wconf 86' lang='lat' dir='ltr'>rauna</span> <span class='ocrx_word' id='word_1_143' title='bbox 1843 2664 1908 2733; x_wconf 89' lang='lat' dir='ltr'>Jo-</span> 
     </span>
     <span class='ocr_line' id='line_1_17' title="bbox 541 2777 1909 2872; baseline 0.001 -24"><span class='ocrx_word' id='word_1_144' title='bbox 541 2777 633 2871; x_wconf 88' lang='lat' dir='ltr'>sephi</span> <span class='ocrx_word' id='word_1_145' title='bbox 661 2778 1008 2865; x_wconf 79' lang='lat' dir='ltr'>l&#39;at.riarcl1ae,nallo</span> <span class='ocrx_word' id='word_1_146' title='bbox 1037 2780 1112 2849; x_wconf 91' lang='lat' dir='ltr'>loco</span> <span class='ocrx_word' id='word_1_147' title='bbox 1141 2778 1254 2849; x_wconf 88' lang='lat' dir='ltr'>haberi</span> <span class='ocrx_word' id='word_1_148' title='bbox 1282 2789 1431 2872; x_wconf 89' lang='lat' dir='ltr'>oportet,</span> <span class='ocrx_word' id='word_1_149' title='bbox 1460 2801 1531 2849; x_wconf 92' lang='lat' dir='ltr'>cum</span> <span class='ocrx_word' id='word_1_150' title='bbox 1551 2777 1706 2848; x_wconf 85' lang='lat' dir='ltr'>aomrulla</span> <span class='ocrx_word' id='word_1_151' title='bbox 1724 2780 1909 2850; x_wconf 80' lang='lat' dir='ltr'>eallissali</span> 
     </span>
     <span class='ocr_line' id='line_1_18' title="bbox 539 2866 1909 2986; baseline 0.002 -26"><span class='ocrx_word' id='word_1_152' title='bbox 539 2889 736 2963; x_wconf 83' lang='lat' dir='ltr'>llaroaitico</span> <span class='ocrx_word' id='word_1_153' title='bbox 758 2892 998 2981; x_wconf 87' lang='lat' dir='ltr'>transtulerint,</span> <span class='ocrx_word' id='word_1_154' title='bbox 1025 2905 1060 2963; x_wconf 92' lang='lat' dir='ltr'>ut</span> <span class='ocrx_word' id='word_1_155' title='bbox 1076 2866 1219 2963; x_wconf 64' lang='lat' dir='ltr'>irradiare</span> <span class='ocrx_word' id='word_1_156' title='bbox 1237 2893 1423 2964; x_wconf 83' lang='lat' dir='ltr'>Ortlrodoxi</span> <span class='ocrx_word' id='word_1_157' title='bbox 1444 2894 1643 2964; x_wconf 85' lang='lat' dir='ltr'>viderentur.</span> <span class='ocrx_word' id='word_1_158' title='bbox 1697 2896 1909 2986; x_wconf 86' lang='lat' dir='ltr'>Aatiquitatis</span> 
     </span>
     <span class='ocr_line' id='line_1_19' title="bbox 542 3009 1909 3104; baseline 0.001 -29"><span class='ocrx_word' id='word_1_159' title='bbox 542 3010 641 3079; x_wconf 92' lang='lat' dir='ltr'>etiam</span> <span class='ocrx_word' id='word_1_160' title='bbox 668 3031 734 3080; x_wconf 95' lang='lat' dir='ltr'>aon</span> <span class='ocrx_word' id='word_1_161' title='bbox 761 3009 838 3078; x_wconf 90' lang='lat' dir='ltr'>leve</span> <span class='ocrx_word' id='word_1_162' title='bbox 873 3021 1100 3099; x_wconf 81' lang='lat' dir='ltr'>argumentum</span> <span class='ocrx_word' id='word_1_163' title='bbox 1129 3009 1269 3104; x_wconf 90' lang='lat' dir='ltr'>praebet</span> <span class='ocrx_word' id='word_1_164' title='bbox 1307 3033 1387 3081; x_wconf 91' lang='lat' dir='ltr'>usas</span> <span class='ocrx_word' id='word_1_165' title='bbox 1422 3011 1647 3080; x_wconf 86' lang='lat' dir='ltr'>Ecclesiarura</span> <span class='ocrx_word' id='word_1_166' title='bbox 1680 3010 1909 3081; x_wconf 83' lang='lat' dir='ltr'>llalabarica-</span> 
     </span>
     <span class='ocr_line' id='line_1_20' title="bbox 541 3125 1909 3215; baseline 0.001 -23"><span class='ocrx_word' id='word_1_167' title='bbox 541 3146 629 3211; x_wconf 91' lang='lat' dir='ltr'>ram,</span> <span class='ocrx_word' id='word_1_168' title='bbox 659 3148 740 3215; x_wconf 92' lang='lat' dir='ltr'>quas</span> <span class='ocrx_word' id='word_1_169' title='bbox 770 3135 892 3195; x_wconf 80' lang='lat' dir='ltr'>octavo</span> <span class='ocrx_word' id='word_1_170' title='bbox 922 3126 1037 3197; x_wconf 86' lang='lat' dir='ltr'>saltem</span> <span class='ocrx_word' id='word_1_171' title='bbox 1066 3126 1220 3213; x_wconf 88' lang='lat' dir='ltr'>saeculo,</span> <span class='ocrx_word' id='word_1_172' title='bbox 1249 3137 1305 3196; x_wconf 88' lang='lat' dir='ltr'>aut</span> <span class='ocrx_word' id='word_1_173' title='bbox 1331 3126 1426 3195; x_wconf 85' lang='lat' dir='ltr'>lidcra</span> <span class='ocrx_word' id='word_1_174' title='bbox 1445 3126 1681 3211; x_wconf 82' lang='lat' dir='ltr'>Christianam,</span> <span class='ocrx_word' id='word_1_175' title='bbox 1712 3136 1766 3196; x_wconf 90' lang='lat' dir='ltr'>aut</span> <span class='ocrx_word' id='word_1_176' title='bbox 1794 3125 1909 3195; x_wconf 84' lang='lat' dir='ltr'>saltem</span> 
     </span>
     <span class='ocr_line' id='line_1_21' title="bbox 541 3238 1909 3336; baseline 0.001 -29"><span class='ocrx_word' id='word_1_177' title='bbox 541 3238 695 3309; x_wconf 87' lang='lat' dir='ltr'>lraeresia</span> <span class='ocrx_word' id='word_1_178' title='bbox 723 3239 957 3311; x_wconf 86' lang='lat' dir='ltr'>Nestoriaaarn</span> <span class='ocrx_word' id='word_1_179' title='bbox 986 3240 1026 3311; x_wconf 90' lang='lat' dir='ltr'>ab</span> <span class='ocrx_word' id='word_1_180' title='bbox 1055 3240 1139 3310; x_wconf 93' lang='lat' dir='ltr'>illias</span> <span class='ocrx_word' id='word_1_181' title='bbox 1168 3253 1280 3312; x_wconf 88' lang='lat' dir='ltr'>sectae</span> <span class='ocrx_word' id='word_1_182' title='bbox 1307 3243 1516 3313; x_wconf 75' lang='lat' dir='ltr'>rlrrtistitibus</span> <span class='ocrx_word' id='word_1_183' title='bbox 1535 3246 1727 3336; x_wconf 83' lang='lat' dir='ltr'>accepisse,</span> <span class='ocrx_word' id='word_1_184' title='bbox 1755 3243 1909 3310; x_wconf 82' lang='lat' dir='ltr'>certissi-</span> 
     </span>
     <span class='ocr_line' id='line_1_22' title="bbox 541 3355 1908 3451; baseline 0 -26"><span class='ocrx_word' id='word_1_185' title='bbox 541 3379 627 3425; x_wconf 91' lang='lat' dir='ltr'>mam</span> <span class='ocrx_word' id='word_1_186' title='bbox 663 3364 723 3424; x_wconf 87' lang='lat' dir='ltr'>est.</span> <span class='ocrx_word' id='word_1_187' title='bbox 778 3355 877 3425; x_wconf 89' lang='lat' dir='ltr'>Plura</span> <span class='ocrx_word' id='word_1_188' title='bbox 912 3361 1091 3444; x_wconf 85' lang='lat' dir='ltr'>scireaurs,</span> <span class='ocrx_word' id='word_1_189' title='bbox 1126 3360 1154 3427; x_wconf 90' lang='lat' dir='ltr'>si</span> <span class='ocrx_word' id='word_1_190' title='bbox 1186 3357 1290 3428; x_wconf 91' lang='lat' dir='ltr'>libros</span> <span class='ocrx_word' id='word_1_191' title='bbox 1323 3355 1542 3445; x_wconf 80' lang='lat' dir='ltr'>lralierearas,</span> <span class='ocrx_word' id='word_1_192' title='bbox 1583 3363 1638 3451; x_wconf 93' lang='lat' dir='ltr'>qui</span> <span class='ocrx_word' id='word_1_193' title='bbox 1679 3362 1710 3426; x_wconf 95' lang='lat' dir='ltr'>ia</span> <span class='ocrx_word' id='word_1_194' title='bbox 1747 3357 1908 3427; x_wconf 86' lang='lat' dir='ltr'>Ecclesiis</span> 
     </span>
     <span class='ocr_line' id='line_1_23' title="bbox 543 3470 1909 3567; baseline 0.001 -28"><span class='ocrx_word' id='word_1_195' title='bbox 543 3493 625 3564; x_wconf 93' lang='lat' dir='ltr'>quas</span> <span class='ocrx_word' id='word_1_196' title='bbox 652 3470 748 3540; x_wconf 87' lang='lat' dir='ltr'>iidear</span> <span class='ocrx_word' id='word_1_197' title='bbox 783 3473 813 3540; x_wconf 93' lang='lat' dir='ltr'>ia</span> <span class='ocrx_word' id='word_1_198' title='bbox 847 3471 1017 3559; x_wconf 84' lang='lat' dir='ltr'>Tartaria,</span> <span class='ocrx_word' id='word_1_199' title='bbox 1049 3473 1310 3565; x_wconf 86' lang='lat' dir='ltr'>Tarquestaaia,</span> <span class='ocrx_word' id='word_1_200' title='bbox 1345 3471 1478 3560; x_wconf 88' lang='lat' dir='ltr'>Cataia,</span> <span class='ocrx_word' id='word_1_201' title='bbox 1515 3475 1735 3567; x_wconf 88' lang='lat' dir='ltr'>Sinaramque</span> <span class='ocrx_word' id='word_1_202' title='bbox 1770 3475 1909 3567; x_wconf 89' lang='lat' dir='ltr'>irnperio</span> 
     </span>
     <span class='ocr_line' id='line_1_24' title="bbox 542 3585 1910 3681; baseline 0.002 -26"><span class='ocrx_word' id='word_1_203' title='bbox 542 3585 781 3672; x_wconf 82' lang='lat' dir='ltr'>laudaverant,</span> <span class='ocrx_word' id='word_1_204' title='bbox 811 3592 957 3681; x_wconf 89' lang='lat' dir='ltr'>usurpati</span> <span class='ocrx_word' id='word_1_205' title='bbox 986 3589 1062 3658; x_wconf 93' lang='lat' dir='ltr'>olim</span> <span class='ocrx_word' id='word_1_206' title='bbox 1089 3587 1229 3659; x_wconf 87' lang='lat' dir='ltr'>inerant.</span> <span class='ocrx_word' id='word_1_207' title='bbox 1283 3588 1352 3658; x_wconf 89' lang='lat' dir='ltr'>Sed</span> <span class='ocrx_word' id='word_1_208' title='bbox 1380 3590 1455 3659; x_wconf 93' lang='lat' dir='ltr'>illud</span> <span class='ocrx_word' id='word_1_209' title='bbox 1473 3599 1593 3658; x_wconf 90' lang='lat' dir='ltr'>tantum</span> <span class='ocrx_word' id='word_1_210' title='bbox 1613 3592 1751 3675; x_wconf 88' lang='lat' dir='ltr'>seimus,</span> <span class='ocrx_word' id='word_1_211' title='bbox 1779 3587 1910 3658; x_wconf 88' lang='lat' dir='ltr'>Nesto-</span> 
     </span>
     <span class='ocr_line' id='line_1_25' title="bbox 543 3702 1911 3796; baseline 0.001 -25"><span class='ocrx_word' id='word_1_212' title='bbox 543 3705 673 3788; x_wconf 76' lang='lat' dir='ltr'>riaaoS,</span> <span class='ocrx_word' id='word_1_213' title='bbox 702 3725 909 3796; x_wconf 82' lang='lat' dir='ltr'>quaerunque</span> <span class='ocrx_word' id='word_1_214' title='bbox 936 3705 967 3772; x_wconf 94' lang='lat' dir='ltr'>ia</span> <span class='ocrx_word' id='word_1_215' title='bbox 996 3706 1134 3793; x_wconf 85' lang='lat' dir='ltr'>regione</span> <span class='ocrx_word' id='word_1_216' title='bbox 1162 3704 1333 3775; x_wconf 87' lang='lat' dir='ltr'>Ecclesias</span> <span class='ocrx_word' id='word_1_217' title='bbox 1351 3708 1567 3790; x_wconf 87' lang='lat' dir='ltr'>instituerunt,</span> <span class='ocrx_word' id='word_1_218' title='bbox 1596 3702 1709 3774; x_wconf 87' lang='lat' dir='ltr'>Officia</span> <span class='ocrx_word' id='word_1_219' title='bbox 1729 3726 1826 3774; x_wconf 89' lang='lat' dir='ltr'>sacra</span> <span class='ocrx_word' id='word_1_220' title='bbox 1845 3724 1911 3772; x_wconf 88' lang='lat' dir='ltr'>rroa</span> 
     </span>
     <span class='ocr_line' id='line_1_26' title="bbox 542 3817 1910 3915; baseline 0 -28"><span class='ocrx_word' id='word_1_221' title='bbox 542 3817 636 3888; x_wconf 86' lang='lat' dir='ltr'>aliter</span> <span class='ocrx_word' id='word_1_222' title='bbox 663 3842 761 3911; x_wconf 89' lang='lat' dir='ltr'>qaam</span> <span class='ocrx_word' id='word_1_223' title='bbox 788 3819 931 3914; x_wconf 58' lang='lat' dir='ltr'>Syriaco</span> <span class='ocrx_word' id='word_1_224' title='bbox 959 3819 1171 3908; x_wconf 85' lang='lat' dir='ltr'>celebrasse,</span> <span class='ocrx_word' id='word_1_225' title='bbox 1200 3832 1234 3890; x_wconf 94' lang='lat' dir='ltr'>ut</span> <span class='ocrx_word' id='word_1_226' title='bbox 1260 3823 1291 3889; x_wconf 93' lang='lat' dir='ltr'>ia</span> <span class='ocrx_word' id='word_1_227' title='bbox 1329 3821 1438 3908; x_wconf 87' lang='lat' dir='ltr'>ladia,</span> <span class='ocrx_word' id='word_1_228' title='bbox 1474 3821 1528 3891; x_wconf 90' lang='lat' dir='ltr'>abi</span> <span class='ocrx_word' id='word_1_229' title='bbox 1560 3821 1668 3915; x_wconf 70' lang='lat' dir='ltr'>Sqrus</span> <span class='ocrx_word' id='word_1_230' title='bbox 1702 3841 1812 3891; x_wconf 87' lang='lat' dir='ltr'>sermo</span> <span class='ocrx_word' id='word_1_231' title='bbox 1845 3841 1910 3888; x_wconf 92' lang='lat' dir='ltr'>aon</span> 
     </span>
     <span class='ocr_line' id='line_1_27' title="bbox 543 3933 1763 4030; baseline 0.002 -27"><span class='ocrx_word' id='word_1_232' title='bbox 543 3938 649 4025; x_wconf 82' lang='lat' dir='ltr'>inagis</span> <span class='ocrx_word' id='word_1_233' title='bbox 676 3945 773 4004; x_wconf 92' lang='lat' dir='ltr'>notas</span> <span class='ocrx_word' id='word_1_234' title='bbox 802 3945 853 4004; x_wconf 90' lang='lat' dir='ltr'>est</span> <span class='ocrx_word' id='word_1_235' title='bbox 881 3936 964 4027; x_wconf 90' lang='lat' dir='ltr'>apud</span> <span class='ocrx_word' id='word_1_236' title='bbox 993 3935 1143 4028; x_wconf 84' lang='lat' dir='ltr'>plebem,</span> <span class='ocrx_word' id='word_1_237' title='bbox 1173 3959 1268 4028; x_wconf 85' lang='lat' dir='ltr'>quara</span> <span class='ocrx_word' id='word_1_238' title='bbox 1297 3937 1385 4006; x_wconf 87' lang='lat' dir='ltr'>l&#39;orct</span> <span class='ocrx_word' id='word_1_239' title='bbox 1411 3939 1442 4005; x_wconf 95' lang='lat' dir='ltr'>ia</span> <span class='ocrx_word' id='word_1_240' title='bbox 1470 3935 1615 4030; x_wconf 83' lang='lat' dir='ltr'>Europa.</span> <span class='ocrx_word' id='word_1_241' title='bbox 1753 3933 1763 3946; x_wconf 81' lang='lat'><em>&#39;</em></span> 
     </span>
     <span class='ocr_line' id='line_1_28' title="bbox 645 4049 2234 4154; baseline 0.002 -35"><span class='ocrx_word' id='word_1_242' title='bbox 645 4049 685 4119; x_wconf 87' lang='lat' dir='ltr'>V.</span> <span class='ocrx_word' id='word_1_243' title='bbox 740 4050 888 4140; x_wconf 81' lang='lat' dir='ltr'>liturgia</span> <span class='ocrx_word' id='word_1_244' title='bbox 916 4053 1033 4141; x_wconf 88' lang='lat' dir='ltr'>igitur,</span> <span class='ocrx_word' id='word_1_245' title='bbox 1062 4075 1156 4143; x_wconf 88' lang='lat' dir='ltr'>quara</span> <span class='ocrx_word' id='word_1_246' title='bbox 1190 4051 1433 4142; x_wconf 74' lang='lat' dir='ltr'>Apostolorum</span> <span class='ocrx_word' id='word_1_247' title='bbox 1461 4062 1583 4123; x_wconf 84' lang='lat' dir='ltr'>vocant</span> <span class='ocrx_word' id='word_1_248' title='bbox 1616 4050 1807 4144; x_wconf 88' lang='lat' dir='ltr'>simpliciter</span> <span class='ocrx_word' id='word_1_249' title='bbox 1835 4049 1911 4121; x_wconf 85' lang='lat' dir='ltr'>Co·</span> <span class='ocrx_word' id='word_1_250' title='bbox 1959 4051 2234 4154; x_wconf 58' lang='lat' dir='ltr'>tltaerduaeaaerap</span> 
     </span>
     <span class='ocr_line' id='line_1_29' title="bbox 542 4137 2234 4280; baseline 0.004 -46"><span class='ocrx_word' id='word_1_251' title='bbox 542 4165 633 4236; x_wconf 81' lang='lat' dir='ltr'>(lices</span> <span class='ocrx_word' id='word_1_252' title='bbox 661 4165 825 4258; x_wconf 85' lang='lat' dir='ltr'>plerique,</span> <span class='ocrx_word' id='word_1_253' title='bbox 854 4166 908 4235; x_wconf 94' lang='lat' dir='ltr'>alii</span> <span class='ocrx_word' id='word_1_254' title='bbox 937 4167 1098 4257; x_wconf 71' lang='lat' dir='ltr'>adjunctis</span> <span class='ocrx_word' id='word_1_255' title='bbox 1127 4166 1233 4236; x_wconf 70' lang='lat' dir='ltr'>rlclaei</span> <span class='ocrx_word' id='word_1_256' title='bbox 1261 4166 1431 4260; x_wconf 84' lang='lat' dir='ltr'>lilarisque</span> <span class='ocrx_word' id='word_1_257' title='bbox 1460 4165 1656 4255; x_wconf 82' lang='lat' dir='ltr'>nominibus,</span> <span class='ocrx_word' id='word_1_258' title='bbox 1683 4172 1768 4238; x_wconf 88' lang='lat' dir='ltr'>inter</span> <span class='ocrx_word' id='word_1_259' title='bbox 1787 4168 1910 4239; x_wconf 86' lang='lat' dir='ltr'>alteras</span> <span class='ocrx_word' id='word_1_260' title='bbox 1924 4137 2001 4275; x_wconf 44' lang='grc' dir='ltr'>ἓξὲξ)</span> <span class='ocrx_word' id='word_1_261' title='bbox 1996 4137 2234 4280; x_wconf 49' lang='grc' dir='ltr'>ᾙιοξὲωΝῑὲῗΞι</span> 
     </span>
     <span class='ocr_line' id='line_1_30' title="bbox 542 4280 2069 4376; baseline 0.007 -27"><span class='ocrx_word' id='word_1_262' title='bbox 542 4280 625 4351; x_wconf 90' lang='lat' dir='ltr'>duas</span> <span class='ocrx_word' id='word_1_263' title='bbox 651 4285 755 4373; x_wconf 92' lang='lat' dir='ltr'>prima</span> <span class='ocrx_word' id='word_1_264' title='bbox 783 4291 815 4350; x_wconf 89' lang='lat' dir='ltr'>et</span> <span class='ocrx_word' id='word_1_265' title='bbox 843 4285 1021 4376; x_wconf 88' lang='lat' dir='ltr'>praecipua</span> <span class='ocrx_word' id='word_1_266' title='bbox 1050 4293 1118 4370; x_wconf 86' lang='lat' dir='ltr'>est,</span> <span class='ocrx_word' id='word_1_267' title='bbox 1146 4282 1232 4352; x_wconf 91' lang='lat' dir='ltr'>unde</span> <span class='ocrx_word' id='word_1_268' title='bbox 1260 4285 1356 4352; x_wconf 89' lang='lat' dir='ltr'>etiara</span> <span class='ocrx_word' id='word_1_269' title='bbox 1386 4282 1427 4351; x_wconf 89' lang='lat' dir='ltr'>ad</span> <span class='ocrx_word' id='word_1_270' title='bbox 1455 4282 1542 4353; x_wconf 86' lang='lat' dir='ltr'>illara</span> <span class='ocrx_word' id='word_1_271' title='bbox 1571 4283 1719 4376; x_wconf 90' lang='lat' dir='ltr'>reliquae</span> <span class='ocrx_word' id='word_1_272' title='bbox 1751 4283 1985 4361; x_wconf 79' lang='lat' dir='ltr'>aelerna-sane</span> <span class='ocrx_word' id='word_1_273' title='bbox 2003 4318 2069 4363; x_wconf 72' lang='lat' dir='ltr'>aaut.</span> 
     </span>
     <span class='ocr_line' id='line_1_31' title="bbox 540 4395 1909 4492; baseline 0.003 -26"><span class='ocrx_word' id='word_1_274' title='bbox 540 4406 610 4482; x_wconf 85' lang='lat' dir='ltr'>tar,</span> <span class='ocrx_word' id='word_1_275' title='bbox 637 4417 703 4466; x_wconf 94' lang='lat' dir='ltr'>noa</span> <span class='ocrx_word' id='word_1_276' title='bbox 732 4395 784 4465; x_wconf 92' lang='lat' dir='ltr'>illa</span> <span class='ocrx_word' id='word_1_277' title='bbox 815 4418 859 4467; x_wconf 81' lang='lat' dir='ltr'>ex</span> <span class='ocrx_word' id='word_1_278' title='bbox 886 4397 959 4467; x_wconf 90' lang='lat' dir='ltr'>aliis</span> <span class='ocrx_word' id='word_1_279' title='bbox 988 4397 1161 4491; x_wconf 89' lang='lat' dir='ltr'>quidquam</span> <span class='ocrx_word' id='word_1_280' title='bbox 1191 4401 1344 4468; x_wconf 90' lang='lat' dir='ltr'>assumit:</span> <span class='ocrx_word' id='word_1_281' title='bbox 1372 4408 1405 4467; x_wconf 89' lang='lat' dir='ltr'>et</span> <span class='ocrx_word' id='word_1_282' title='bbox 1431 4398 1463 4468; x_wconf 94' lang='lat' dir='ltr'>id</span> <span class='ocrx_word' id='word_1_283' title='bbox 1492 4421 1623 4492; x_wconf 91' lang='lat' dir='ltr'>quoque</span> <span class='ocrx_word' id='word_1_284' title='bbox 1649 4422 1715 4470; x_wconf 94' lang='lat' dir='ltr'>noa</span> <span class='ocrx_word' id='word_1_285' title='bbox 1737 4401 1814 4472; x_wconf 84' lang='lat' dir='ltr'>lere</span> <span class='ocrx_word' id='word_1_286' title='bbox 1843 4424 1909 4471; x_wconf 88' lang='lat' dir='ltr'>aa·</span> 
     </span>
     <span class='ocr_line' id='line_1_32' title="bbox 541 4511 1909 4609; baseline 0.004 -29"><span class='ocrx_word' id='word_1_287' title='bbox 541 4512 699 4603; x_wconf 76' lang='lat' dir='ltr'>[iquitatis</span> <span class='ocrx_word' id='word_1_288' title='bbox 727 4521 954 4601; x_wconf 89' lang='lat' dir='ltr'>argumentum</span> <span class='ocrx_word' id='word_1_289' title='bbox 983 4523 1042 4581; x_wconf 88' lang='lat' dir='ltr'>est.</span> <span class='ocrx_word' id='word_1_290' title='bbox 1097 4511 1182 4582; x_wconf 90' lang='lat' dir='ltr'>Nam</span> <span class='ocrx_word' id='word_1_291' title='bbox 1210 4514 1415 4583; x_wconf 90' lang='lat' dir='ltr'>traditionem</span> <span class='ocrx_word' id='word_1_292' title='bbox 1449 4513 1674 4584; x_wconf 86' lang='lat' dir='ltr'>Eeclesiarum</span> <span class='ocrx_word' id='word_1_293' title='bbox 1708 4516 1909 4609; x_wconf 88' lang='lat' dir='ltr'>lllesopota-</span> 
     </span>
     <span class='ocr_line' id='line_1_33' title="bbox 540 4626 1910 4721; baseline 0.001 -24"><span class='ocrx_word' id='word_1_294' title='bbox 540 4629 629 4698; x_wconf 89' lang='lat' dir='ltr'>miae</span> <span class='ocrx_word' id='word_1_295' title='bbox 657 4626 819 4715; x_wconf 85' lang='lat' dir='ltr'>significat</span> <span class='ocrx_word' id='word_1_296' title='bbox 846 4626 1005 4698; x_wconf 88' lang='lat' dir='ltr'>Nestorio</span> <span class='ocrx_word' id='word_1_297' title='bbox 1034 4631 1266 4698; x_wconf 88' lang='lat' dir='ltr'>vetustiorem:</span> <span class='ocrx_word' id='word_1_298' title='bbox 1294 4633 1387 4719; x_wconf 89' lang='lat' dir='ltr'>cujas</span> <span class='ocrx_word' id='word_1_299' title='bbox 1414 4634 1547 4700; x_wconf 92' lang='lat' dir='ltr'>nomine</span> <span class='ocrx_word' id='word_1_300' title='bbox 1574 4633 1729 4721; x_wconf 85' lang='lat' dir='ltr'>insignita</span> <span class='ocrx_word' id='word_1_301' title='bbox 1746 4629 1910 4719; x_wconf 86' lang='lat' dir='ltr'>Litargia,</span> 
     </span>
     <span class='ocr_line' id='line_1_34' title="bbox 542 4739 1909 4840; baseline 0.001 -26"><span class='ocrx_word' id='word_1_302' title='bbox 542 4744 570 4814; x_wconf 89' lang='lat' dir='ltr'>si</span> <span class='ocrx_word' id='word_1_303' title='bbox 603 4739 643 4810; x_wconf 90' lang='lat' dir='ltr'>ab</span> <span class='ocrx_word' id='word_1_304' title='bbox 682 4744 752 4830; x_wconf 87' lang='lat' dir='ltr'>ejas</span> <span class='ocrx_word' id='word_1_305' title='bbox 789 4741 956 4835; x_wconf 88' lang='lat' dir='ltr'>discipulis</span> <span class='ocrx_word' id='word_1_306' title='bbox 990 4745 1128 4835; x_wconf 86' lang='lat' dir='ltr'>priamm</span> <span class='ocrx_word' id='word_1_307' title='bbox 1162 4747 1284 4838; x_wconf 88' lang='lat' dir='ltr'>scripta</span> <span class='ocrx_word' id='word_1_308' title='bbox 1319 4742 1451 4831; x_wconf 87' lang='lat' dir='ltr'>fuisset,</span> <span class='ocrx_word' id='word_1_309' title='bbox 1484 4749 1627 4815; x_wconf 88' lang='lat' dir='ltr'>caeteris</span> <span class='ocrx_word' id='word_1_310' title='bbox 1661 4746 1775 4840; x_wconf 89' lang='lat' dir='ltr'>procul</span> <span class='ocrx_word' id='word_1_311' title='bbox 1811 4747 1909 4816; x_wconf 90' lang='lat' dir='ltr'>dubio</span> 
     </span>
     <span class='ocr_line' id='line_1_35' title="bbox 543 4854 1909 4953; baseline 0.004 -28"><span class='ocrx_word' id='word_1_312' title='bbox 543 4854 780 4943; x_wconf 79' lang='lat' dir='ltr'>anteferretur,</span> <span class='ocrx_word' id='word_1_313' title='bbox 808 4867 841 4927; x_wconf 90' lang='lat' dir='ltr'>et</span> <span class='ocrx_word' id='word_1_314' title='bbox 868 4857 1067 4950; x_wconf 90' lang='lat' dir='ltr'>reliquarum</span> <span class='ocrx_word' id='word_1_315' title='bbox 1095 4881 1202 4928; x_wconf 87' lang='lat' dir='ltr'>carroa</span> <span class='ocrx_word' id='word_1_316' title='bbox 1230 4870 1333 4944; x_wconf 89' lang='lat' dir='ltr'>esset,</span> <span class='ocrx_word' id='word_1_317' title='bbox 1362 4860 1448 4952; x_wconf 91' lang='lat' dir='ltr'>quod</span> <span class='ocrx_word' id='word_1_318' title='bbox 1466 4884 1629 4953; x_wconf 90' lang='lat' dir='ltr'>annqaara</span> <span class='ocrx_word' id='word_1_319' title='bbox 1650 4860 1719 4930; x_wconf 89' lang='lat' dir='ltr'>fait.</span> <span class='ocrx_word' id='word_1_320' title='bbox 1773 4859 1909 4932; x_wconf 87' lang='lat' dir='ltr'>Seeaa-</span> 
     </span>
     <span class='ocr_line' id='line_1_36' title="bbox 543 4971 1912 5067; baseline 0.004 -27"><span class='ocrx_word' id='word_1_321' title='bbox 543 4972 617 5040; x_wconf 93' lang='lat' dir='ltr'>dum</span> <span class='ocrx_word' id='word_1_322' title='bbox 646 4973 731 5039; x_wconf 88' lang='lat' dir='ltr'>inter</span> <span class='ocrx_word' id='word_1_323' title='bbox 758 4992 817 5040; x_wconf 87' lang='lat' dir='ltr'>cas</span> <span class='ocrx_word' id='word_1_324' title='bbox 844 4971 952 5042; x_wconf 89' lang='lat' dir='ltr'>locam</span> <span class='ocrx_word' id='word_1_325' title='bbox 981 4971 1107 5045; x_wconf 89' lang='lat' dir='ltr'>obtinet</span> <span class='ocrx_word' id='word_1_326' title='bbox 1135 4973 1284 5065; x_wconf 90' lang='lat' dir='ltr'>Litargia</span> <span class='ocrx_word' id='word_1_327' title='bbox 1317 4975 1488 5045; x_wconf 77' lang='lat' dir='ltr'>Theodori</span> <span class='ocrx_word' id='word_1_328' title='bbox 1514 4976 1738 5067; x_wconf 82' lang='lat' dir='ltr'>interpretis,</span> <span class='ocrx_word' id='word_1_329' title='bbox 1769 4974 1832 5044; x_wconf 90' lang='lat' dir='ltr'>hoe</span> <span class='ocrx_word' id='word_1_330' title='bbox 1860 4985 1912 5046; x_wconf 92' lang='lat' dir='ltr'>est</span> 
     </span>
     <span class='ocr_line' id='line_1_37' title="bbox 542 5086 1911 5184; baseline 0.002 -26"><span class='ocrx_word' id='word_1_331' title='bbox 542 5086 788 5179; x_wconf 85' lang='lat' dir='ltr'>llopsuestoni,</span> <span class='ocrx_word' id='word_1_332' title='bbox 822 5111 841 5156; x_wconf 91' lang='lat' dir='ltr'>a</span> <span class='ocrx_word' id='word_1_333' title='bbox 873 5088 1075 5159; x_wconf 90' lang='lat' dir='ltr'>multitudine</span> <span class='ocrx_word' id='word_1_334' title='bbox 1116 5094 1424 5162; x_wconf 89' lang='lat' dir='ltr'>commentariorum</span> <span class='ocrx_word' id='word_1_335' title='bbox 1468 5095 1499 5160; x_wconf 95' lang='lat' dir='ltr'>ia</span> <span class='ocrx_word' id='word_1_336' title='bbox 1539 5114 1668 5160; x_wconf 86' lang='lat' dir='ltr'>sacram</span> <span class='ocrx_word' id='word_1_337' title='bbox 1705 5095 1911 5184; x_wconf 89' lang='lat' dir='ltr'>scripturam,</span> 
     </span>
     <span class='ocr_line' id='line_1_38' title="bbox 542 5202 1911 5299; baseline 0.003 -28"><span class='ocrx_word' id='word_1_338' title='bbox 542 5224 680 5294; x_wconf 77' lang='lat' dir='ltr'>(quoram</span> <span class='ocrx_word' id='word_1_339' title='bbox 709 5202 814 5271; x_wconf 75' lang='lat' dir='ltr'>adlato</span> <span class='ocrx_word' id='word_1_340' title='bbox 840 5203 986 5274; x_wconf 93' lang='lat' dir='ltr'>nonnulli</span> <span class='ocrx_word' id='word_1_341' title='bbox 1013 5205 1156 5299; x_wconf 70' lang='lat' dir='ltr'>Syriaco</span> <span class='ocrx_word' id='word_1_342' title='bbox 1184 5214 1239 5276; x_wconf 90' lang='lat' dir='ltr'>aut</span> <span class='ocrx_word' id='word_1_343' title='bbox 1264 5204 1413 5277; x_wconf 82' lang='lat' dir='ltr'>Arabico</span> <span class='ocrx_word' id='word_1_344' title='bbox 1440 5215 1571 5291; x_wconf 84' lang='lat' dir='ltr'>extant,</span> <span class='ocrx_word' id='word_1_345' title='bbox 1602 5209 1645 5276; x_wconf 91' lang='lat' dir='ltr'>ita</span> <span class='ocrx_word' id='word_1_346' title='bbox 1680 5209 1911 5296; x_wconf 89' lang='lat' dir='ltr'>cognominati.</span> 
     </span>
    </p>
   </div>
   <div class='ocr_carea' id='block_1_3' title="bbox 540 5315 1911 5511">
    <p class='ocr_par' dir='ltr' id='par_1_3' title="bbox 540 5315 1911 5511">
     <span class='ocr_line' id='line_1_39' title="bbox 540 5315 1911 5442; baseline 0.006 -56"><span class='ocrx_word' id='word_1_347' title='bbox 540 5315 631 5386; x_wconf 87' lang='lat' dir='ltr'>lllius</span> <span class='ocrx_word' id='word_1_348' title='bbox 659 5319 804 5386; x_wconf 90' lang='lat' dir='ltr'>meminit</span> <span class='ocrx_word' id='word_1_349' title='bbox 832 5326 984 5412; x_wconf 89' lang='lat' dir='ltr'>tanquam</span> <span class='ocrx_word' id='word_1_350' title='bbox 1013 5319 1099 5442; x_wconf 82' lang='lat' dir='ltr'>apud</span> <span class='ocrx_word' id='word_1_351' title='bbox 1127 5319 1305 5392; x_wconf 88' lang='lat' dir='ltr'>Nestorios</span> <span class='ocrx_word' id='word_1_352' title='bbox 1332 5321 1559 5415; x_wconf 83' lang='lat' dir='ltr'>frequentatae</span> <span class='ocrx_word' id='word_1_353' title='bbox 1576 5320 1719 5392; x_wconf 80' lang='lat' dir='ltr'>Alerias</span> <span class='ocrx_word' id='word_1_354' title='bbox 1743 5322 1911 5394; x_wconf 85' lang='lat' dir='ltr'>llenesias</span> 
     </span>
     <span class='ocr_line' id='line_1_40' title="bbox 590 5438 1706 5511; baseline 0.014 -17"><span class='ocrx_word' id='word_1_355' title='bbox 590 5453 677 5495; x_wconf 67' lang='lat' dir='ltr'>auritus</span> <span class='ocrx_word' id='word_1_356' title='bbox 692 5455 719 5495; x_wconf 94' lang='grc' dir='ltr'>ιι.</span> <span class='ocrx_word' id='word_1_357' title='bbox 1656 5438 1706 5511; x_wconf 80' lang='grc'>74</span> 
     </span>
    </p>
   </div>
   <div class='ocr_carea' id='block_1_4' title="bbox 0 0 2580 6532">
    <p class='ocr_par' dir='ltr' id='par_1_4' title="bbox 0 0 2580 6532">
     <span class='ocr_line' id='line_1_41' title="bbox 0 0 2580 6532; baseline 0 0"><span class='ocrx_word' id='word_1_358' title='bbox 0 0 2580 6532; x_wconf 95' lang='lat' dir='ltr'> </span> 
     </span>
    </p>
   </div>
  </div>
 </body>
</html>
