5150 6534
876 875 1095 954 hll'UllGlh
1124 876 1154 957 S.
1181 875 1379 953 tonitrus
1407 875 1737 954 chrisostont
1772 890 1774 896 ’
1908 873 1984 950 243

728 1061 911 1135 Sacerdos.
962 1060 1144 1135 Adorande
1185 1065 1240 1156 qui
1273 1059 1315 1134 ab
1348 1062 1491 1155 Angelis
1526 1061 1734 1136 benediceris
1766 1071 1799 1134 et
1833 1064 1985 1136 sanctiti-

626 1179 725 1265 caris,
745 1190 779 1251 et
792 1178 833 1252 ab
846 1178 1030 1251 hominibus
1044 1181 1185 1250 terrenis
1200 1177 1381 1251 celebraris
1404 1189 1439 1250 et
1451 1180 1623 1267 exaltaris,
1640 1182 1759 1274 quique
1773 1176 1816 1250 ab
1835 1180 1986 1253 omnibus

627 1297 788 1365 creaturis
816 1318 889 1366 oum
912 1297 1030 1367 timore
1042 1304 1075 1364 et
1090 1304 1234 1367 tremore
1249 1294 1401 1367 adoraris
1420 1306 1454 1366 et
1466 1294 1681 1386 glorificaris3
1695 1298 1820 1391 aspice,
1832 1275 1987 1385 Domine,

625 1406 767 1484 famulos
795 1420 880 1499 tuos,
907 1413 963 1505 qui
988 1431 1074 1481 nuno
1100 1418 1133 1480 te
1157 1412 1326 1499 invocant,
1353 1421 1387 1482 et
1413 1411 1454 1482 da
1480 1410 1554 1498 illis,
1581 1420 1617 1481 nt
1642 1433 1715 1483 oum
1742 1415 1882 1507 puritate
1908 1416 1986 1484 anl-

626 1545 703 1596 mae
733 1536 767 1597 et
800 1528 972 1598 sanctitate
1005 1529 1156 1620 corporis
1188 1524 1365 1599 offeramus
1399 1526 1457 1599 tibi
1490 1511 1659 1600 orationes
1685 1548 1805 1623 puras,
1837 1524 1986 1598 oblatio-

625 1661 752 1734 nesque
784 1641 1023 1737 acceptabiles:
1051 1651 1084 1712 et
1108 1640 1234 1713 imatus
1260 1639 1422 1715 labiorum
1449 1629 1635 1715 nostrorum
1662 1646 1726 1715 sint
1752 1641 1793 1713 ad
1818 1639 1995 1737 beneplaf

625 1757 723 1827 citum
751 1766 785 1827 et
810 1757 1015 1830 voluntatem
1043 1755 1221 1829 divinitatis
1249 1767 1336 1847 tuae,
1363 1767 1398 1829 et
1422 1755 1606 1829 referamus
1642 1757 1699 1830 tihi
1733 1758 1890 1850 gloriam,
1924 1769 1986 1831 eto.

729 1872 890 1965 Populos.
941 1875 1061 1945 Amen.

727 1986 914 2060 Βὲαοοηιω.
967 1988 1099 2060 Stemus
1126 1989 1292 2061 decenter.

727 2102 888 2195 Populos.
942 2102 1203 2177 Misericordiae.
1254 2153 1259 2161 ·

728 2217 911 2290 Sacerdos.
965 2218 1095 2291 Caritas
1122 2221 1240 2291 Patris.

728 2334 888 2427 Populos.
940 2334 984 2406 ln
1009 2358 1083 2407 cum
1111 2340 1227 2431 spiritu
1256 2345 1320 2409 tuo.

728 2448 909 2521 Sacerdos.
963 2450 1100 2522 Sursum
1128 2451 1238 2523 corda.

729 2565 888 2659 Populos.
940 2563 1107 2637 Habemus
1134 2566 1175 2637 ad
1201 2568 1385 2639 Dominum.

683 2779 686 2784 ι
730 2681 910 2753 Sacerdos.
963 2681 1094 2754 Gratias
1122 2705 1260 2774 agamus
1287 2684 1373 2755 Deo.

729 2796 888 2889 Populos.
940 2799 1085 2891 Dignum
1111 2808 1145 2869 et
1166 2801 1288 2890 justum
1317 2807 1378 2870 est.

726 2914 900 2986 Sacerdos
931 2900 1121 2986 inclinatas.
1173 2912 1265 2985 Vere
1292 2914 1392 3006 digne
1418 2924 1452 2985 et
1473 2917 1597 3006 justum
1624 2925 1687 3002 est,
1714 2927 1749 2987 ut
1775 2916 1833 2989 tibi
1859 2919 1984 3008 gratias

621 3050 780 3123 agamus:
808 3028 996 3120 adoremus,
1023 3029 1255 3122 glorificemus,
1281 3029 1452 3101 laudemus
1479 3040 1513 3101 et
1530 3032 1727 3122 exaltemus,
1752 3032 1882 3102 bonore
1908 3031 1984 3102 affi-

622 3148 770 3235 ciamus,
798 3143 995 3237 jubilemus,
1027 3144 1262 3217 benedicamus
1301 3156 1336 3217 et
1373 3146 1614 3220 sanctificemus
1647 3171 1745 3219 unam
1777 3148 1986 3237 majestatem

624 3260 794 3333 Trinitatis
822 3272 966 3349 sanotae,
994 3261 1143 3353 ejusdem
1170 3260 1395 3350 substantiae,
1429 3272 1463 3334 et
1494 3261 1682 3336 adorandae
1709 3268 1741 3334 in
1769 3262 1872 3334 tribus
1899 3283 1984 3358 per·

624 3381 727 3465 sonis,
753 3376 874 3466 Patris,
899 3375 984 3464 Filii,
1012 3388 1046 3448 et
1072 3377 1212 3472 Spiritus
1239 3381 1359 3464 sancti,
1395 3400 1502 3472 neque
1534 3382 1621 3450 enim
1652 3379 1751 3452 laude
1783 3388 1897 3449 nostra
1924 3381 1982 3448 in-

625 3491 717 3585 diget
749 3497 906 3586 majestas
942 3505 1017 3580 tua,
1044 3494 1203 3585 Domine,
1235 3516 1344 3589 neqm
1377 3505 1491 3566 nostra
1523 3497 1704 3587 gratiarnm
1739 3496 1869 3565 actione
1901 3515 1985 3588 opus

622 3603 739 3681 habes.
1251 3681 1255 3690 ,

730 3724 877 3797 Eleoans
902 3748 1027 3797 nocem.
1080 3726 1164 3797 Sunt
1190 3730 1276 3798 enim
1302 3725 1361 3798 tibi
1386 3726 1576 3798 laudatores
1596 3729 1766 3813 innumeri,
1794 3736 1827 3798 et
1845 3728 1985 3798 virtutes

613 3838 786 3913 excelsae
812 3842 967 3928 infinitae,
1002 3841 1177 3914 Cherubim
1213 3845 1428 3934 congregati,
1455 3840 1626 3936 Seraphim
1654 3841 1816 3938 praeclari
1850 3842 1984 3928 milleni,

614 3967 659 4030 et
686 3962 905 4048 congregatio
933 3956 1443 4030 innumerabilis:multitudines
1472 3969 1506 4029 et
1533 3961 1664 4049 agmina
1698 3979 1783 4051 quae
1817 3961 1985 4053 supputari

606 4091 694 4146 non
720 4083 875 4168 possunt:
903 4073 1034 4145 ordines
1062 4076 1201 4170 expansi
1226 4078 1313 4166 ignis
1330 4073 1538 4146 devorantis:
1564 4077 1704 4145 virtutes
1717 4065 1884 4144 mirandae
1902 4097 1984 4145 car-

600 4184 725 4261 lronis
753 4187 916 4277 ardentis,
949 4189 1098 4281 legiones
1126 4189 1337 4261 absconditae
1380 4213 1465 4284 quae
1500 4193 1660 4260 sustinent
1693 4211 1820 4260 curmm
1849 4188 1984 4260 Cheru-

599 4298 707 4391 lrim,
735 4308 828 4397 cujus
850 4309 1089 4377 conversiones
1105 4306 1247 4378 infinitae
1269 4318 1359 4381 sunt:
1386 4316 1512 4377 turmae
1534 4303 1718 4400 Seraphim,
1746 4325 1830 4397 quae
1857 4301 1984 4374 alarum

606 4440 763 4491 suarum
789 4424 897 4491 sonitu
925 4421 1184 4516 superliminaria
1211 4433 1439 4494 commovent:
1473 4419 1640 4492 multitudo
1671 4418 1863 4515 praeclara,
1893 4407 1983 4512 ¹qnae

610 4557 647 4606 e
675 4534 785 4606 medio
812 4558 986 4630 prunarum
1014 4538 1206 4627 ardentium,
1228 4550 1318 4610 motu
1346 4560 1406 4609 suo
1432 4539 1622 4632 percipitur:
1654 4534 1741 4605 mille
1774 4534 1871 4606 millia
1898 4558 1984 4628 quae

606 4658 716 4722 stant
741 4672 853 4722 coram
880 4661 924 4735 te,
952 4660 984 4722 et
1011 4652 1176 4747 myriades
1203 4653 1386 4747 myriadum
1413 4676 1498 4746 quae
1515 4651 1647 4723 landant
1674 4654 1849 4721 essentiam
1877 4662 1998 4721 tuam:-

619 4776 753 4838 etune
779 4788 867 4837 voce
894 4767 1006 4856 nitida,
1032 4789 1162 4861 unoque
1189 4778 1350 4839 concentu
1371 4766 1512 4855 amabili,
1541 4780 1638 4839 oantn
1665 4769 1770 4852 suavi,
1797 4768 1983 4859 linguisque

617 4884 788 4952 materiae
813 4882 1019 4976 expertibus,
1046 4884 1185 4953 clamant
1213 4882 1295 4954 alter
1321 4884 1362 4955 ad
1390 4886 1541 4973 alterum,
1568 4882 1716 4955 laudibus
1743 4882 1886 4952 aeternis
1911 4902 1982 4952 vo-

623 4996 808 5069 ciferantur
835 5009 868 5068 et
894 4996 1011 5068 dicunt.

732 5112 891 5205 Populos.
943 5114 1092 5187 Sanctus.
1174 5176 1176 5181 ,

732 5222 906 5299 Sacerdos
932 5232 1121 5301 inclinatas.
1173 5230 1287 5301 Voces
1314 5231 1464 5318 Domine,
1492 5229 1664 5324 Seraphim
1691 5230 1867 5300 essentiam
1893 5238 1980 5300 tuam
2013 5245 2015 5250 '

630 5344 815 5440 explicant:
849 5354 973 5417 turmae
1001 5345 1177 5418 Chembim
1210 5345 1434 5418 absconditam
1468 5358 1614 5417 naturam
1649 5354 1736 5415 mam
1770 5340 1981 5416 benedicunt:

668 5479 789 5525 ramusn
1729 5459 1779 5534 34
