<?xml version="1.0" encoding="UTF-8"?>
<!DOCTYPE html PUBLIC "-//W3C//DTD XHTML 1.0 Transitional//EN"
    "http://www.w3.org/TR/xhtml1/DTD/xhtml1-transitional.dtd">
<html xmlns="http://www.w3.org/1999/xhtml" xml:lang="en" lang="en">
 <head>
  <title>
</title>
<meta http-equiv="Content-Type" content="text/html;charset=utf-8" />
  <meta name='ocr-system' content='tesseract 3.04.00' />
  <meta name='ocr-capabilities' content='ocr_page ocr_carea ocr_par ocr_line ocrx_word'/>
</head>
<body>
  <div class='ocr_page' id='page_1' title='image "./liturgiarumorie00renagoog_0357.png"; bbox 0 0 5150 6534; ppageno 0'>
   <div class='ocr_carea' id='block_1_1' title="bbox 795 839 1936 923">
    <p class='ocr_par' dir='ltr' id='par_1_1' title="bbox 795 839 1936 923">
     <span class='ocr_line' id='line_1_1' title="bbox 795 839 1936 923; baseline -0.007 -1"><span class='ocrx_word' id='word_1_1' title='bbox 795 843 925 923; x_wconf 81' lang='lat' dir='ltr'><strong>NOTAE</strong></span> <span class='ocrx_word' id='word_1_2' title='bbox 950 844 991 923; x_wconf 82' lang='lat' dir='ltr'>nt</span> <span class='ocrx_word' id='word_1_3' title='bbox 1017 841 1224 921; x_wconf 77' lang='lat' dir='ltr'>suentium</span> <span class='ocrx_word' id='word_1_4' title='bbox 1250 841 1455 920; x_wconf 77' lang='lat' dir='ltr'>Pilltoxum</span> <span class='ocrx_word' id='word_1_5' title='bbox 1479 842 1696 920; x_wconf 73' lang='lat' dir='ltr'>alimonii.</span> <span class='ocrx_word' id='word_1_6' title='bbox 1859 839 1936 917; x_wconf 85' lang='grc'>319</span> 
     </span>
    </p>
   </div>
   <div class='ocr_carea' id='block_1_2' title="bbox 560 1026 1937 1449">
    <p class='ocr_par' dir='ltr' id='par_1_2' title="bbox 560 1026 1937 1242">
     <span class='ocr_line' id='line_1_2' title="bbox 564 1026 1937 1126; baseline -0.004 -21"><span class='ocrx_word' id='word_1_7' title='bbox 564 1028 722 1105; x_wconf 79' lang='lat' dir='ltr'>coelesti:</span> <span class='ocrx_word' id='word_1_8' title='bbox 758 1029 923 1126; x_wconf 85' lang='lat' dir='ltr'>simulque</span> <span class='ocrx_word' id='word_1_9' title='bbox 953 1028 1012 1102; x_wconf 87' lang='lat' dir='ltr'>tibi</span> <span class='ocrx_word' id='word_1_10' title='bbox 1044 1027 1229 1101; x_wconf 82' lang='lat' dir='ltr'>referemus</span> <span class='ocrx_word' id='word_1_11' title='bbox 1263 1027 1407 1121; x_wconf 87' lang='lat' dir='ltr'>gloriam</span> <span class='ocrx_word' id='word_1_12' title='bbox 1441 1038 1475 1100; x_wconf 89' lang='lat' dir='ltr'>et</span> <span class='ocrx_word' id='word_1_13' title='bbox 1508 1026 1658 1119; x_wconf 84' lang='lat' dir='ltr'>laudem3</span> <span class='ocrx_word' id='word_1_14' title='bbox 1683 1029 1841 1124; x_wconf 75' lang='lat' dir='ltr'>Patrique</span> <span class='ocrx_word' id='word_1_15' title='bbox 1866 1038 1937 1116; x_wconf 83' lang='lat' dir='ltr'>tuo,</span> 
     </span>
     <span class='ocr_line' id='line_1_3' title="bbox 560 1143 1234 1242; baseline -0.006 -23"><span class='ocrx_word' id='word_1_16' title='bbox 560 1155 597 1219; x_wconf 83' lang='lat' dir='ltr'>et</span> <span class='ocrx_word' id='word_1_17' title='bbox 621 1143 760 1242; x_wconf 80' lang='lat' dir='ltr'>Spiritui</span> <span class='ocrx_word' id='word_1_18' title='bbox 785 1154 844 1219; x_wconf 84' lang='lat' dir='ltr'>tuo</span> <span class='ocrx_word' id='word_1_19' title='bbox 871 1153 1010 1234; x_wconf 76' lang='lat' dir='ltr'>sancto,</span> <span class='ocrx_word' id='word_1_20' title='bbox 1035 1166 1144 1234; x_wconf 77' lang='lat' dir='ltr'>nunc,</span> <span class='ocrx_word' id='word_1_21' title='bbox 1170 1153 1234 1216; x_wconf 90' lang='lat' dir='ltr'>etc.</span> 
     </span>
    </p>

    <p class='ocr_par' dir='ltr' id='par_1_3' title="bbox 665 1260 1002 1355">
     <span class='ocr_line' id='line_1_4' title="bbox 665 1260 1002 1355; baseline 0 -24"><span class='ocrx_word' id='word_1_22' title='bbox 665 1260 829 1355; x_wconf 83' lang='lat' dir='ltr'>Populus.</span> <span class='ocrx_word' id='word_1_23' title='bbox 882 1261 1002 1333; x_wconf 84' lang='lat' dir='ltr'>Amen.</span> 
     </span>
    </p>

    <p class='ocr_par' dir='ltr' id='par_1_4' title="bbox 665 1374 1231 1449">
     <span class='ocr_line' id='line_1_5' title="bbox 665 1374 1231 1449; baseline -0.002 -2"><span class='ocrx_word' id='word_1_24' title='bbox 665 1374 854 1448; x_wconf 80' lang='lat' dir='ltr'>Diaconos.</span> <span class='ocrx_word' id='word_1_25' title='bbox 906 1374 1053 1449; x_wconf 87' lang='lat' dir='ltr'>Benedic</span> <span class='ocrx_word' id='word_1_26' title='bbox 1079 1376 1231 1447; x_wconf 82' lang='lat' dir='ltr'><strong>Domine.</strong></span> 
     </span>
    </p>
   </div>
   <div class='ocr_carea' id='block_1_3' title="bbox 664 1479 1254 1572">
    <p class='ocr_par' dir='ltr' id='par_1_5' title="bbox 664 1479 1254 1572">
     <span class='ocr_line' id='line_1_6' title="bbox 664 1479 1254 1572; baseline -0.002 -9"><span class='ocrx_word' id='word_1_27' title='bbox 664 1490 850 1572; x_wconf 74' lang='lat' dir='ltr'><strong><em>Sacerdos.</em></strong></span> <span class='ocrx_word' id='word_1_28' title='bbox 902 1491 1049 1564; x_wconf 90' lang='lat' dir='ltr'>Bencdic</span> <span class='ocrx_word' id='word_1_29' title='bbox 1075 1479 1254 1563; x_wconf 53' lang='lat' dir='ltr'>omnibns(</span> 
     </span>
    </p>
   </div>
   <div class='ocr_carea' id='block_1_4' title="bbox 930 1844 1567 1895">
    <p class='ocr_par' dir='ltr' id='par_1_6' title="bbox 930 1844 1567 1895">
     <span class='ocr_line' id='line_1_7' title="bbox 930 1844 1567 1895; baseline -0.002 -3"><span class='ocrx_word' id='word_1_30' title='bbox 930 1844 1567 1895; x_wconf 50' lang='grc' dir='ltr'>ψ</span> 
     </span>
    </p>
   </div>
   <div class='ocr_carea' id='block_1_5' title="bbox 783 2299 1693 2438">
    <p class='ocr_par' dir='ltr' id='par_1_7' title="bbox 783 2299 1693 2438">
     <span class='ocr_line' id='line_1_8' title="bbox 783 2299 1693 2438; baseline -0.004 -44"><span class='ocrx_word' id='word_1_31' title='bbox 783 2303 834 2394; x_wconf 88' lang='lat' dir='ltr'>m</span> <span class='ocrx_word' id='word_1_32' title='bbox 865 2300 1113 2397; x_wconf 79' lang='lat' dir='ltr'>snomoxu</span> <span class='ocrx_word' id='word_1_33' title='bbox 1142 2300 1402 2394; x_wconf 79' lang='lat' dir='ltr'>cononum</span> <span class='ocrx_word' id='word_1_34' title='bbox 1431 2299 1693 2438; x_wconf 80' lang='lat' dir='ltr'>inunum</span> 
     </span>
    </p>
   </div>
   <div class='ocr_carea' id='block_1_6' title="bbox 1159 2559 1335 2643">
    <p class='ocr_par' dir='ltr' id='par_1_8' title="bbox 1159 2559 1335 2643">
     <span class='ocr_line' id='line_1_9' title="bbox 1159 2559 1335 2643; baseline -0.017 -2"><span class='ocrx_word' id='word_1_35' title='bbox 1159 2559 1335 2643; x_wconf 77' lang='lat' dir='ltr'>notit.</span> 
     </span>
    </p>
   </div>
   <div class='ocr_carea' id='block_1_7' title="bbox 488 2790 2258 4463">
    <p class='ocr_par' dir='ltr' id='par_1_9' title="bbox 617 2790 1934 2885">
     <span class='ocr_line' id='line_1_10' title="bbox 617 2790 1934 2885; baseline -0.002 -19"><span class='ocrx_word' id='word_1_36' title='bbox 617 2877 618 2881; x_wconf 7' lang='grc' dir='ltr'><strong>Ἰ</strong></span> <span class='ocrx_word' id='word_1_37' title='bbox 658 2790 760 2885; x_wconf 77' lang='lat' dir='ltr'>Quare</span> <span class='ocrx_word' id='word_1_38' title='bbox 773 2802 970 2865; x_wconf 85' lang='lat' dir='ltr'><strong>Philoxenum</strong></span> <span class='ocrx_word' id='word_1_39' title='bbox 991 2809 1140 2885; x_wconf 89' lang='lat' dir='ltr'>spectant,</span> <span class='ocrx_word' id='word_1_40' title='bbox 1164 2802 1242 2865; x_wconf 89' lang='lat' dir='ltr'>dicta</span> <span class='ocrx_word' id='word_1_41' title='bbox 1264 2801 1394 2865; x_wconf 88' lang='lat' dir='ltr'>suntad</span> <span class='ocrx_word' id='word_1_42' title='bbox 1416 2802 1550 2882; x_wconf 85' lang='lat' dir='ltr'>priorem</span> <span class='ocrx_word' id='word_1_43' title='bbox 1572 2799 1708 2881; x_wconf 90' lang='lat' dir='ltr'>ejusdem</span> <span class='ocrx_word' id='word_1_44' title='bbox 1730 2800 1807 2863; x_wconf 92' lang='lat' dir='ltr'>tituli</span> <span class='ocrx_word' id='word_1_45' title='bbox 1828 2802 1934 2866; x_wconf 91' lang='lat' dir='ltr'>Litnr-</span> 
     </span>
    </p>

    <p class='ocr_par' dir='ltr' id='par_1_10' title="bbox 560 2904 2258 4072">
     <span class='ocr_line' id='line_1_11' title="bbox 561 2904 1934 2991; baseline -0.001 -22"><span class='ocrx_word' id='word_1_46' title='bbox 561 2906 653 2991; x_wconf 67' lang='lat' dir='ltr'>ginon</span> <span class='ocrx_word' id='word_1_47' title='bbox 676 2924 764 2987; x_wconf 86' lang='lat' dir='ltr'>quam</span> <span class='ocrx_word' id='word_1_48' title='bbox 786 2904 823 2969; x_wconf 86' lang='lat' dir='ltr'>ab</span> <span class='ocrx_word' id='word_1_49' title='bbox 837 2906 894 2969; x_wconf 90' lang='lat' dir='ltr'>ista</span> <span class='ocrx_word' id='word_1_50' title='bbox 914 2905 1065 2968; x_wconf 86' lang='lat' dir='ltr'>diversam</span> <span class='ocrx_word' id='word_1_51' title='bbox 1086 2905 1300 2969; x_wconf 54' lang='lat' dir='ltr'>omnino-‘esse</span> <span class='ocrx_word' id='word_1_52' title='bbox 1323 2906 1396 2967; x_wconf 87' lang='lat' dir='ltr'>satis</span> <span class='ocrx_word' id='word_1_53' title='bbox 1419 2910 1539 2967; x_wconf 90' lang='lat' dir='ltr'>constat</span> <span class='ocrx_word' id='word_1_54' title='bbox 1560 2921 1600 2965; x_wconf 88' lang='lat' dir='ltr'>ex</span> <span class='ocrx_word' id='word_1_55' title='bbox 1622 2904 1793 2984; x_wconf 82' lang='lat' dir='ltr'><strong>praecipuis</strong></span> <span class='ocrx_word' id='word_1_56' title='bbox 1816 2907 1934 2968; x_wconf 89' lang='lat' dir='ltr'>oratio-</span> 
     </span>
     <span class='ocr_line' id='line_1_12' title="bbox 561 3002 1934 3085; baseline -0.003 -17"><span class='ocrx_word' id='word_1_57' title='bbox 561 3004 663 3085; x_wconf 88' lang='lat' dir='ltr'>nibus,</span> <span class='ocrx_word' id='word_1_58' title='bbox 685 3004 863 3085; x_wconf 86' lang='lat' dir='ltr'>praesertim</span> <span class='ocrx_word' id='word_1_59' title='bbox 886 3024 926 3068; x_wconf 81' lang='lat' dir='ltr'>cx</span> <span class='ocrx_word' id='word_1_60' title='bbox 947 3002 1044 3066; x_wconf 91' lang='lat' dir='ltr'>lorma</span> <span class='ocrx_word' id='word_1_61' title='bbox 1066 3003 1228 3067; x_wconf 88' lang='lat' dir='ltr'>verborum</span> <span class='ocrx_word' id='word_1_62' title='bbox 1251 3002 1378 3074; x_wconf 86' lang='lat' dir='ltr'>Christi,</span> <span class='ocrx_word' id='word_1_63' title='bbox 1401 3009 1432 3065; x_wconf 84' lang='lat' dir='ltr'>et</span> <span class='ocrx_word' id='word_1_64' title='bbox 1452 3002 1654 3065; x_wconf 85' lang='lat' dir='ltr'>Invocationis</span> <span class='ocrx_word' id='word_1_65' title='bbox 1677 3002 1806 3083; x_wconf 90' lang='lat' dir='ltr'>Spiritus</span> <span class='ocrx_word' id='word_1_66' title='bbox 1829 3003 1934 3066; x_wconf 89' lang='lat' dir='ltr'>sancti.</span> 
     </span>
     <span class='ocr_line' id='line_1_13' title="bbox 560 3098 1934 3185; baseline -0.003 -18"><span class='ocrx_word' id='word_1_67' title='bbox 560 3103 665 3168; x_wconf 76' lang='lat' dir='ltr'>Verba</span> <span class='ocrx_word' id='word_1_68' title='bbox 691 3100 813 3167; x_wconf 86' lang='lat' dir='ltr'>diversa</span> <span class='ocrx_word' id='word_1_69' title='bbox 841 3109 926 3182; x_wconf 86' lang='lat' dir='ltr'>sunt,</span> <span class='ocrx_word' id='word_1_70' title='bbox 954 3104 1010 3166; x_wconf 92' lang='lat' dir='ltr'>sed</span> <span class='ocrx_word' id='word_1_71' title='bbox 1040 3103 1188 3165; x_wconf 88' lang='lat' dir='ltr'>sententia</span> <span class='ocrx_word' id='word_1_72' title='bbox 1217 3109 1250 3164; x_wconf 96' lang='lat' dir='ltr'>ut</span> <span class='ocrx_word' id='word_1_73' title='bbox 1278 3101 1310 3163; x_wconf 92' lang='lat' dir='ltr'>in</span> <span class='ocrx_word' id='word_1_74' title='bbox 1339 3101 1406 3165; x_wconf 90' lang='lat' dir='ltr'>aliis</span> <span class='ocrx_word' id='word_1_75' title='bbox 1434 3100 1571 3164; x_wconf 90' lang='lat' dir='ltr'>omnibus</span> <span class='ocrx_word' id='word_1_76' title='bbox 1597 3098 1711 3162; x_wconf 90' lang='lat' dir='ltr'>eadem.</span> <span class='ocrx_word' id='word_1_77' title='bbox 1754 3100 1934 3185; x_wconf 79' lang='lat' dir='ltr'><strong>Agnoscunt</strong></span> 
     </span>
     <span class='ocr_line' id='line_1_14' title="bbox 561 3198 1997 3283; baseline -0.003 -18"><span class='ocrx_word' id='word_1_78' title='bbox 561 3200 731 3265; x_wconf 71' lang='lat' dir='ltr'>Maronitae</span> <span class='ocrx_word' id='word_1_79' title='bbox 752 3201 953 3279; x_wconf 83' lang='lat' dir='ltr'>recentiores,</span> <span class='ocrx_word' id='word_1_80' title='bbox 976 3201 1131 3264; x_wconf 82' lang='lat' dir='ltr'>Philoxeni</span> <span class='ocrx_word' id='word_1_81' title='bbox 1151 3201 1317 3282; x_wconf 82' lang='lat' dir='ltr'>Liturgiam</span> <span class='ocrx_word' id='word_1_82' title='bbox 1339 3200 1419 3281; x_wconf 89' lang='lat' dir='ltr'>apud</span> <span class='ocrx_word' id='word_1_83' title='bbox 1440 3198 1594 3262; x_wconf 86' lang='lat' dir='ltr'>lacobitas</span> <span class='ocrx_word' id='word_1_84' title='bbox 1617 3205 1736 3273; x_wconf 83' lang='lat' dir='ltr'>extarc3</span> <span class='ocrx_word' id='word_1_85' title='bbox 1759 3199 1815 3261; x_wconf 92' lang='lat' dir='ltr'>sed</span> <span class='ocrx_word' id='word_1_86' title='bbox 1836 3218 1934 3281; x_wconf 89' lang='lat' dir='ltr'>quae·</span> <span class='ocrx_word' id='word_1_87' title='bbox 1990 3271 1997 3283; x_wconf 44' lang='lat'>‚</span> 
     </span>
     <span class='ocr_line' id='line_1_15' title="bbox 560 3295 1935 3381; baseline -0.002 -19"><span class='ocrx_word' id='word_1_88' title='bbox 560 3317 631 3362; x_wconf 84' lang='lat' dir='ltr'>num</span> <span class='ocrx_word' id='word_1_89' title='bbox 653 3319 694 3364; x_wconf 83' lang='lat' dir='ltr'>ex</span> <span class='ocrx_word' id='word_1_90' title='bbox 715 3298 830 3363; x_wconf 86' lang='lat' dir='ltr'>duobus</span> <span class='ocrx_word' id='word_1_91' title='bbox 852 3319 928 3381; x_wconf 90' lang='lat' dir='ltr'>quas</span> <span class='ocrx_word' id='word_1_92' title='bbox 951 3300 1072 3380; x_wconf 87' lang='lat' dir='ltr'>damus,</span> <span class='ocrx_word' id='word_1_93' title='bbox 1102 3299 1160 3362; x_wconf 90' lang='lat' dir='ltr'>illis</span> <span class='ocrx_word' id='word_1_94' title='bbox 1183 3306 1253 3361; x_wconf 87' lang='lat' dir='ltr'>nota</span> <span class='ocrx_word' id='word_1_95' title='bbox 1277 3297 1383 3377; x_wconf 89' lang='lat' dir='ltr'>luerit,</span> <span class='ocrx_word' id='word_1_96' title='bbox 1411 3315 1474 3361; x_wconf 89' lang='lat' dir='ltr'>non</span> <span class='ocrx_word' id='word_1_97' title='bbox 1502 3295 1679 3379; x_wconf 83' lang='lat' dir='ltr'>significant.</span> <span class='ocrx_word' id='word_1_98' title='bbox 1723 3296 1811 3369; x_wconf 83' lang='lat' dir='ltr'>Quod</span> <span class='ocrx_word' id='word_1_99' title='bbox 1835 3305 1935 3360; x_wconf 88' lang='lat' dir='ltr'>antem</span> 
     </span>
     <span class='ocr_line' id='line_1_16' title="bbox 560 3396 2258 3481; baseline -0.001 -19"><span class='ocrx_word' id='word_1_100' title='bbox 560 3396 712 3463; x_wconf 79' lang='lat' dir='ltr'>Naironus</span> <span class='ocrx_word' id='word_1_101' title='bbox 734 3397 817 3462; x_wconf 91' lang='lat' dir='ltr'>illurn</span> <span class='ocrx_word' id='word_1_102' title='bbox 840 3399 934 3462; x_wconf 86' lang='lat' dir='ltr'>luisse</span> <span class='ocrx_word' id='word_1_103' title='bbox 956 3400 1141 3481; x_wconf 87' lang='lat' dir='ltr'><strong>Episcopum</strong></span> <span class='ocrx_word' id='word_1_104' title='bbox 1161 3396 1402 3461; x_wconf 85' lang='lat' dir='ltr'>Berrhoeeusem</span> <span class='ocrx_word' id='word_1_105' title='bbox 1425 3396 1538 3473; x_wconf 86' lang='lat' dir='ltr'><strong>scribit,</strong></span> <span class='ocrx_word' id='word_1_106' title='bbox 1561 3413 1667 3457; x_wconf 88' lang='lat' dir='ltr'>verum</span> <span class='ocrx_word' id='word_1_107' title='bbox 1689 3410 1750 3456; x_wconf 89' lang='lat' dir='ltr'>non</span> <span class='ocrx_word' id='word_1_108' title='bbox 1773 3403 1829 3457; x_wconf 90' lang='lat' dir='ltr'>est.</span> <span class='ocrx_word' id='word_1_109' title='bbox 1859 3397 1934 3457; x_wconf 90' lang='lat' dir='ltr'>Nam</span> <span class='ocrx_word' id='word_1_110' title='bbox 1965 3401 2162 3474; x_wconf 66' lang='lat' dir='ltr'>Naoonmopt</span> <span class='ocrx_word' id='word_1_111' title='bbox 2173 3423 2199 3474; x_wconf 79' lang='lat' dir='ltr'>p.</span> <span class='ocrx_word' id='word_1_112' title='bbox 2214 3408 2258 3462; x_wconf 78' lang='lat'>52.</span> 
     </span>
     <span class='ocr_line' id='line_1_17' title="bbox 562 3481 2057 3578; baseline -0.005 -17"><span class='ocrx_word' id='word_1_113' title='bbox 562 3497 711 3578; x_wconf 77' lang='lat' dir='ltr'>licboupc</span> <span class='ocrx_word' id='word_1_114' title='bbox 732 3516 788 3561; x_wconf 91' lang='lat' dir='ltr'>seu</span> <span class='ocrx_word' id='word_1_115' title='bbox 810 3497 959 3578; x_wconf 74' lang='lat' dir='ltr'>Meribipc,</span> <span class='ocrx_word' id='word_1_116' title='bbox 990 3506 1022 3560; x_wconf 90' lang='lat' dir='ltr'>nt</span> <span class='ocrx_word' id='word_1_117' title='bbox 1044 3498 1162 3560; x_wconf 81' lang='lat' dir='ltr'>Arabes</span> <span class='ocrx_word' id='word_1_118' title='bbox 1185 3495 1245 3559; x_wconf 90' lang='lat' dir='ltr'>boc</span> <span class='ocrx_word' id='word_1_119' title='bbox 1267 3514 1376 3558; x_wconf 89' lang='lat' dir='ltr'>nomen</span> <span class='ocrx_word' id='word_1_120' title='bbox 1400 3496 1547 3572; x_wconf 83' lang='lat' dir='ltr'>efferunt,</span> <span class='ocrx_word' id='word_1_121' title='bbox 1579 3501 1625 3555; x_wconf 91' lang='lat' dir='ltr'>cst</span> <span class='ocrx_word' id='word_1_122' title='bbox 1646 3481 1829 3574; x_wconf 86' lang='lat' dir='ltr'>Hieropolis.</span> <span class='ocrx_word' id='word_1_123' title='bbox 1875 3494 1934 3557; x_wconf 88' lang='lat' dir='ltr'>Sed</span> <span class='ocrx_word' id='word_1_124' title='bbox 2009 3551 2011 3553; x_wconf 77' lang='grc'>,</span> <span class='ocrx_word' id='word_1_125' title='bbox 2053 3569 2057 3578; x_wconf 4' lang='lat' dir='ltr'><strong>p</strong></span> 
     </span>
     <span class='ocr_line' id='line_1_18' title="bbox 561 3592 1935 3680; baseline -0.003 -21"><span class='ocrx_word' id='word_1_126' title='bbox 561 3593 716 3680; x_wconf 63' lang='lat' dir='ltr'>liturgias</span> <span class='ocrx_word' id='word_1_127' title='bbox 738 3595 805 3659; x_wconf 90' lang='lat' dir='ltr'>illas</span> <span class='ocrx_word' id='word_1_128' title='bbox 828 3614 932 3660; x_wconf 89' lang='lat' dir='ltr'>omnes</span> <span class='ocrx_word' id='word_1_129' title='bbox 956 3598 1110 3677; x_wconf 79' lang='lat' dir='ltr'>Syriacas,</span> <span class='ocrx_word' id='word_1_130' title='bbox 1134 3596 1300 3659; x_wconf 78' lang='lat' dir='ltr'>Maronitas</span> <span class='ocrx_word' id='word_1_131' title='bbox 1316 3595 1503 3658; x_wconf 80' lang='lat' dir='ltr'>recentiores</span> <span class='ocrx_word' id='word_1_132' title='bbox 1522 3595 1612 3657; x_wconf 90' lang='lat' dir='ltr'>etiam</span> <span class='ocrx_word' id='word_1_133' title='bbox 1630 3593 1681 3674; x_wconf 90' lang='lat' dir='ltr'>qui</span> <span class='ocrx_word' id='word_1_134' title='bbox 1700 3593 1799 3674; x_wconf 87' lang='lat' dir='ltr'>aliqua</span> <span class='ocrx_word' id='word_1_135' title='bbox 1819 3592 1935 3655; x_wconf 89' lang='lat' dir='ltr'>doctri-</span> 
     </span>
     <span class='ocr_line' id='line_1_19' title="bbox 562 3692 1934 3776; baseline -0.001 -20"><span class='ocrx_word' id='word_1_136' title='bbox 562 3710 623 3758; x_wconf 86' lang='lat' dir='ltr'>nae</span> <span class='ocrx_word' id='word_1_137' title='bbox 644 3693 734 3757; x_wconf 85' lang='lat' dir='ltr'>laude</span> <span class='ocrx_word' id='word_1_138' title='bbox 755 3694 941 3774; x_wconf 89' lang='lat' dir='ltr'>claruerunt,</span> <span class='ocrx_word' id='word_1_139' title='bbox 964 3703 1022 3757; x_wconf 87' lang='lat' dir='ltr'>tam</span> <span class='ocrx_word' id='word_1_140' title='bbox 1046 3694 1239 3776; x_wconf 84' lang='lat' dir='ltr'>indiligenter</span> <span class='ocrx_word' id='word_1_141' title='bbox 1262 3701 1477 3771; x_wconf 86' lang='lat' dir='ltr'>tractaverunt,</span> <span class='ocrx_word' id='word_1_142' title='bbox 1499 3701 1532 3755; x_wconf 92' lang='lat' dir='ltr'>nt</span> <span class='ocrx_word' id='word_1_143' title='bbox 1554 3693 1672 3757; x_wconf 91' lang='lat' dir='ltr'>illorum</span> <span class='ocrx_word' id='word_1_144' title='bbox 1690 3692 1804 3773; x_wconf 90' lang='lat' dir='ltr'>judicia</span> <span class='ocrx_word' id='word_1_145' title='bbox 1826 3692 1934 3755; x_wconf 90' lang='lat' dir='ltr'>nullius</span> 
     </span>
     <span class='ocr_line' id='line_1_20' title="bbox 563 3790 1935 3876; baseline 0 -23"><span class='ocrx_word' id='word_1_146' title='bbox 563 3790 708 3873; x_wconf 89' lang='lat' dir='ltr'>ponderis</span> <span class='ocrx_word' id='word_1_147' title='bbox 736 3811 806 3858; x_wconf 87' lang='lat' dir='ltr'>esse</span> <span class='ocrx_word' id='word_1_148' title='bbox 840 3795 978 3859; x_wconf 88' lang='lat' dir='ltr'>debeant.</span> <span class='ocrx_word' id='word_1_149' title='bbox 1024 3794 1113 3867; x_wconf 83' lang='lat' dir='ltr'>Quod</span> <span class='ocrx_word' id='word_1_150' title='bbox 1143 3796 1209 3876; x_wconf 87' lang='lat' dir='ltr'>ejus</span> <span class='ocrx_word' id='word_1_151' title='bbox 1239 3794 1352 3875; x_wconf 91' lang='lat' dir='ltr'>scripta</span> <span class='ocrx_word' id='word_1_152' title='bbox 1382 3791 1469 3855; x_wconf 93' lang='lat' dir='ltr'>simul</span> <span class='ocrx_word' id='word_1_153' title='bbox 1497 3811 1563 3854; x_wconf 90' lang='lat' dir='ltr'>cum</span> <span class='ocrx_word' id='word_1_154' title='bbox 1594 3792 1728 3854; x_wconf 88' lang='lat' dir='ltr'>Homiliis</span> <span class='ocrx_word' id='word_1_155' title='bbox 1758 3792 1935 3855; x_wconf 87' lang='lat' dir='ltr'>Sanctorum</span> 
     </span>
     <span class='ocr_line' id='line_1_21' title="bbox 562 3890 1935 3973; baseline -0.001 -20"><span class='ocrx_word' id='word_1_156' title='bbox 562 3890 682 3953; x_wconf 85' lang='lat' dir='ltr'>Patrrnn</span> <span class='ocrx_word' id='word_1_157' title='bbox 711 3891 831 3973; x_wconf 92' lang='lat' dir='ltr'>publice</span> <span class='ocrx_word' id='word_1_158' title='bbox 860 3893 939 3957; x_wconf 90' lang='lat' dir='ltr'>lecta</span> <span class='ocrx_word' id='word_1_159' title='bbox 970 3893 1040 3956; x_wconf 91' lang='lat' dir='ltr'>dicit</span> <span class='ocrx_word' id='word_1_160' title='bbox 1069 3893 1197 3955; x_wconf 81' lang='lat' dir='ltr'>Faustus</span> <span class='ocrx_word' id='word_1_161' title='bbox 1219 3893 1386 3968; x_wconf 89' lang='lat' dir='ltr'>Naironus‚</span> <span class='ocrx_word' id='word_1_162' title='bbox 1409 3891 1572 3954; x_wconf 88' lang='lat' dir='ltr'>verisimile</span> <span class='ocrx_word' id='word_1_163' title='bbox 1594 3899 1657 3953; x_wconf 90' lang='lat' dir='ltr'>est:</span> <span class='ocrx_word' id='word_1_164' title='bbox 1688 3890 1833 3972; x_wconf 90' lang='lat' dir='ltr'>pleraque</span> <span class='ocrx_word' id='word_1_165' title='bbox 1856 3892 1935 3953; x_wconf 89' lang='lat' dir='ltr'>enim</span> 
     </span>
     <span class='ocr_line' id='line_1_22' title="bbox 563 3985 1934 4072; baseline 0 -23"><span class='ocrx_word' id='word_1_166' title='bbox 563 3985 669 4051; x_wconf 83' lang='lat' dir='ltr'>Etbica</span> <span class='ocrx_word' id='word_1_167' title='bbox 690 3998 760 4052; x_wconf 92' lang='lat' dir='ltr'>sunt</span> <span class='ocrx_word' id='word_1_168' title='bbox 782 3990 820 4055; x_wconf 91' lang='lat' dir='ltr'>de</span> <span class='ocrx_word' id='word_1_169' title='bbox 837 3991 1072 4055; x_wconf 87' lang='lat' dir='ltr'>Christianorum</span> <span class='ocrx_word' id='word_1_170' title='bbox 1096 3991 1209 4071; x_wconf 86' lang='lat' dir='ltr'>olilciis,</span> <span class='ocrx_word' id='word_1_171' title='bbox 1233 4010 1331 4072; x_wconf 88' lang='lat' dir='ltr'>neque</span> <span class='ocrx_word' id='word_1_172' title='bbox 1355 3991 1411 4052; x_wconf 89' lang='lat' dir='ltr'>alia</span> <span class='ocrx_word' id='word_1_173' title='bbox 1432 3990 1566 4052; x_wconf 89' lang='lat' dir='ltr'>continet</span> <span class='ocrx_word' id='word_1_174' title='bbox 1584 3990 1805 4051; x_wconf 90' lang='lat' dir='ltr'>vetustissimus</span> <span class='ocrx_word' id='word_1_175' title='bbox 1830 3987 1934 4051; x_wconf 86' lang='lat' dir='ltr'>Codex</span> 
     </span>
    </p>

    <p class='ocr_par' dir='ltr' id='par_1_11' title="bbox 488 4084 1935 4463">
     <span class='ocr_line' id='line_1_23' title="bbox 488 4084 1934 4173; baseline -0.001 -24"><span class='ocrx_word' id='word_1_176' title='bbox 488 4086 489 4090; x_wconf 72' lang='grc'>’</span> <span class='ocrx_word' id='word_1_177' title='bbox 563 4084 788 4168; x_wconf 67' lang='lat' dir='ltr'>segmentatus,</span> <span class='ocrx_word' id='word_1_178' title='bbox 812 4090 893 4152; x_wconf 90' lang='lat' dir='ltr'>nulla</span> <span class='ocrx_word' id='word_1_179' title='bbox 917 4109 994 4171; x_wconf 81' lang='lat' dir='ltr'>qnae</span> <span class='ocrx_word' id='word_1_180' title='bbox 1018 4091 1276 4173; x_wconf 75' lang='lat' dir='ltr'>ad&#39;lheologiam</span> <span class='ocrx_word' id='word_1_181' title='bbox 1300 4096 1330 4152; x_wconf 92' lang='lat' dir='ltr'>et</span> <span class='ocrx_word' id='word_1_182' title='bbox 1346 4087 1671 4169; x_wconf 74' lang='lat' dir='ltr'>odillonophysitarum</span> <span class='ocrx_word' id='word_1_183' title='bbox 1686 4086 1835 4167; x_wconf 89' lang='lat' dir='ltr'>opinionis</span> <span class='ocrx_word' id='word_1_184' title='bbox 1855 4104 1934 4149; x_wconf 93' lang='lat' dir='ltr'>con-</span> 
     </span>
     <span class='ocr_line' id='line_1_24' title="bbox 564 4182 1935 4271; baseline 0.001 -26"><span class='ocrx_word' id='word_1_185' title='bbox 564 4182 759 4250; x_wconf 84' lang='lat' dir='ltr'>finnationem</span> <span class='ocrx_word' id='word_1_186' title='bbox 783 4195 940 4269; x_wconf 89' lang='lat' dir='ltr'>spectent:</span> <span class='ocrx_word' id='word_1_187' title='bbox 971 4190 1069 4271; x_wconf 89' lang='lat' dir='ltr'>qualia</span> <span class='ocrx_word' id='word_1_188' title='bbox 1099 4189 1301 4253; x_wconf 91' lang='lat' dir='ltr'>tamenillum</span> <span class='ocrx_word' id='word_1_189' title='bbox 1324 4188 1456 4252; x_wconf 86' lang='lat' dir='ltr'>edidisse</span> <span class='ocrx_word' id='word_1_190' title='bbox 1479 4193 1597 4249; x_wconf 89' lang='lat' dir='ltr'>constat</span> <span class='ocrx_word' id='word_1_191' title='bbox 1620 4204 1660 4247; x_wconf 92' lang='lat' dir='ltr'>ex</span> <span class='ocrx_word' id='word_1_192' title='bbox 1682 4185 1858 4248; x_wconf 89' lang='lat' dir='ltr'>testimoniis</span> <span class='ocrx_word' id='word_1_193' title='bbox 1880 4203 1935 4247; x_wconf 91' lang='lat' dir='ltr'>re-</span> 
     </span>
     <span class='ocr_line' id='line_1_25' title="bbox 563 4279 1935 4367; baseline 0.001 -23"><span class='ocrx_word' id='word_1_194' title='bbox 563 4279 633 4345; x_wconf 89' lang='lat' dir='ltr'>latis</span> <span class='ocrx_word' id='word_1_195' title='bbox 659 4283 691 4346; x_wconf 92' lang='lat' dir='ltr'>in</span> <span class='ocrx_word' id='word_1_196' title='bbox 721 4284 862 4350; x_wconf 69' lang='lat' dir='ltr'>stactam</span> <span class='ocrx_word' id='word_1_197' title='bbox 892 4288 931 4352; x_wconf 91' lang='lat' dir='ltr'>dc</span> <span class='ocrx_word' id='word_1_198' title='bbox 961 4288 1020 4351; x_wconf 91' lang='lat' dir='ltr'>lide</span> <span class='ocrx_word' id='word_1_199' title='bbox 1048 4290 1184 4367; x_wconf 76' lang='lat' dir='ltr'>Petrum,</span> <span class='ocrx_word' id='word_1_200' title='bbox 1217 4295 1246 4351; x_wconf 92' lang='lat' dir='ltr'>et</span> <span class='ocrx_word' id='word_1_201' title='bbox 1278 4288 1307 4349; x_wconf 92' lang='lat' dir='ltr'>in</span> <span class='ocrx_word' id='word_1_202' title='bbox 1336 4287 1464 4350; x_wconf 89' lang='lat' dir='ltr'>diversis</span> <span class='ocrx_word' id='word_1_203' title='bbox 1487 4284 1710 4366; x_wconf 74' lang='lat' dir='ltr'>&#39;theologorum</span> <span class='ocrx_word' id='word_1_204' title='bbox 1731 4284 1935 4348; x_wconf 86' lang='lat' dir='ltr'>Jacobitarum</span> 
     </span>
     <span class='ocr_line' id='line_1_26' title="bbox 563 4381 695 4463; baseline 0.015 -20"><span class='ocrx_word' id='word_1_205' title='bbox 563 4381 695 4463; x_wconf 87' lang='lat' dir='ltr'>scriptis.</span> 
     </span>
    </p>
   </div>
   <div class='ocr_carea' id='block_1_8' title="bbox 876 4694 1622 4769">
    <p class='ocr_par' dir='ltr' id='par_1_12' title="bbox 876 4694 1622 4769">
     <span class='ocr_line' id='line_1_27' title="bbox 876 4694 1622 4769; baseline -0.001 -4"><span class='ocrx_word' id='word_1_206' title='bbox 876 4694 911 4765; x_wconf 85' lang='lat'>2.</span> <span class='ocrx_word' id='word_1_207' title='bbox 957 4696 1072 4769; x_wconf 80' lang='lat' dir='ltr'>Locus</span> <span class='ocrx_word' id='word_1_208' title='bbox 1096 4696 1285 4768; x_wconf 79' lang='lat' dir='ltr'>taotlocott</span> <span class='ocrx_word' id='word_1_209' title='bbox 1309 4696 1507 4766; x_wconf 80' lang='lat' dir='ltr'>sanctitutis</span> <span class='ocrx_word' id='word_1_210' title='bbox 1533 4699 1622 4765; x_wconf 82' lang='lat' dir='ltr'>icoc.</span> 
     </span>
    </p>
   </div>
   <div class='ocr_carea' id='block_1_9' title="bbox 558 4896 1937 5407">
    <p class='ocr_par' dir='ltr' id='par_1_13' title="bbox 558 4896 1937 5407">
     <span class='ocr_line' id='line_1_28' title="bbox 662 4896 1935 4999; baseline -0.002 -23"><span class='ocrx_word' id='word_1_211' title='bbox 662 4896 852 4976; x_wconf 80' lang='lat' dir='ltr'>Durcrcrrna</span> <span class='ocrx_word' id='word_1_212' title='bbox 875 4912 951 4977; x_wconf 88' lang='lat' dir='ltr'>baec</span> <span class='ocrx_word' id='word_1_213' title='bbox 973 4917 1067 4978; x_wconf 91' lang='lat' dir='ltr'>verba</span> <span class='ocrx_word' id='word_1_214' title='bbox 1090 4915 1216 4999; x_wconf 82' lang='lat' dir='ltr'>intelligi</span> <span class='ocrx_word' id='word_1_215' title='bbox 1238 4921 1378 4995; x_wconf 87' lang='lat' dir='ltr'>possunt:</span> <span class='ocrx_word' id='word_1_216' title='bbox 1401 4914 1485 4993; x_wconf 90' lang='lat' dir='ltr'>prior</span> <span class='ocrx_word' id='word_1_217' title='bbox 1506 4930 1616 4976; x_wconf 90' lang='lat' dir='ltr'>sensus</span> <span class='ocrx_word' id='word_1_218' title='bbox 1639 4914 1734 4976; x_wconf 93' lang='lat' dir='ltr'>estis</span> <span class='ocrx_word' id='word_1_219' title='bbox 1757 4930 1846 4993; x_wconf 81' lang='lat' dir='ltr'>quem</span> <span class='ocrx_word' id='word_1_220' title='bbox 1860 4929 1935 4973; x_wconf 91' lang='lat' dir='ltr'>ver-</span> 
     </span>
     <span class='ocr_line' id='line_1_29' title="bbox 558 5010 1937 5099; baseline 0.002 -25"><span class='ocrx_word' id='word_1_221' title='bbox 558 5010 654 5081; x_wconf 80' lang='lat' dir='ltr'>sione</span> <span class='ocrx_word' id='word_1_222' title='bbox 676 5014 884 5094; x_wconf 84' lang='lat' dir='ltr'>expressimus</span> <span class='ocrx_word' id='word_1_223' title='bbox 907 5019 958 5097; x_wconf 86' lang='lat' dir='ltr'>qni</span> <span class='ocrx_word' id='word_1_224' title='bbox 980 5017 1231 5099; x_wconf 87' lang='lat' dir='ltr'>praecedentibus</span> <span class='ocrx_word' id='word_1_225' title='bbox 1254 5015 1428 5098; x_wconf 88' lang='lat' dir='ltr'>respondet.</span> <span class='ocrx_word' id='word_1_226' title='bbox 1458 5016 1557 5095; x_wconf 86' lang='lat' dir='ltr'>Alter,</span> <span class='ocrx_word' id='word_1_227' title='bbox 1578 5016 1605 5078; x_wconf 88' lang='lat' dir='ltr'>si</span> <span class='ocrx_word' id='word_1_228' title='bbox 1627 5015 1730 5079; x_wconf 89' lang='lat' dir='ltr'>ultima</span> <span class='ocrx_word' id='word_1_229' title='bbox 1751 5033 1813 5078; x_wconf 84' lang='lat' dir='ltr'>vox</span> <span class='ocrx_word' id='word_1_230' title='bbox 1827 5014 1937 5096; x_wconf 91' lang='lat' dir='ltr'>plurali</span> 
     </span>
     <span class='ocr_line' id='line_1_30' title="bbox 563 5113 1935 5198; baseline 0.002 -26"><span class='ocrx_word' id='word_1_231' title='bbox 563 5125 693 5175; x_wconf 90' lang='lat' dir='ltr'>numero</span> <span class='ocrx_word' id='word_1_232' title='bbox 715 5113 896 5194; x_wconf 89' lang='lat' dir='ltr'>accipiatur,</span> <span class='ocrx_word' id='word_1_233' title='bbox 926 5116 1006 5196; x_wconf 89' lang='lat' dir='ltr'>quod</span> <span class='ocrx_word' id='word_1_234' title='bbox 1029 5116 1146 5179; x_wconf 93' lang='lat' dir='ltr'>duobus</span> <span class='ocrx_word' id='word_1_235' title='bbox 1168 5118 1288 5198; x_wconf 89' lang='lat' dir='ltr'>punctis</span> <span class='ocrx_word' id='word_1_236' title='bbox 1311 5116 1509 5197; x_wconf 89' lang='lat' dir='ltr'>superpositis</span> <span class='ocrx_word' id='word_1_237' title='bbox 1531 5114 1602 5196; x_wconf 84' lang='lat' dir='ltr'>Syri</span> <span class='ocrx_word' id='word_1_238' title='bbox 1622 5113 1810 5197; x_wconf 75' lang='lat' dir='ltr'>significant,</span> <span class='ocrx_word' id='word_1_239' title='bbox 1832 5120 1864 5175; x_wconf 91' lang='lat' dir='ltr'>et</span> <span class='ocrx_word' id='word_1_240' title='bbox 1885 5113 1935 5176; x_wconf 89' lang='lat' dir='ltr'>illa</span> 
     </span>
     <span class='ocr_line' id='line_1_31' title="bbox 565 5211 1935 5290; baseline 0.001 -19"><span class='ocrx_word' id='word_1_241' title='bbox 565 5225 662 5289; x_wconf 85' lang='lat' dir='ltr'>saepe</span> <span class='ocrx_word' id='word_1_242' title='bbox 682 5212 865 5290; x_wconf 91' lang='lat' dir='ltr'>omittuntur,</span> <span class='ocrx_word' id='word_1_243' title='bbox 889 5211 957 5276; x_wconf 90' lang='lat' dir='ltr'>talis</span> <span class='ocrx_word' id='word_1_244' title='bbox 980 5221 1028 5276; x_wconf 88' lang='lat' dir='ltr'>cst</span> <span class='ocrx_word' id='word_1_245' title='bbox 1056 5215 1140 5276; x_wconf 76' lang='lat' dir='ltr'>locum</span> <span class='ocrx_word' id='word_1_246' title='bbox 1161 5214 1329 5277; x_wconf 75' lang='lat' dir='ltr'>habitaculi</span> <span class='ocrx_word' id='word_1_247' title='bbox 1349 5214 1532 5277; x_wconf 73' lang='lat' dir='ltr'>Sanctorum</span> <span class='ocrx_word' id='word_1_248' title='bbox 1553 5221 1686 5276; x_wconf 72' lang='lat' dir='ltr'>tuomum.-</span> <span class='ocrx_word' id='word_1_249' title='bbox 1707 5220 1813 5277; x_wconf 86' lang='lat' dir='ltr'>sancta</span> <span class='ocrx_word' id='word_1_250' title='bbox 1835 5218 1935 5274; x_wconf 88' lang='lat' dir='ltr'>autem</span> 
     </span>
     <span class='ocr_line' id='line_1_32' title="bbox 563 5299 1452 5407; baseline 0.009 -39"><span class='ocrx_word' id='word_1_251' title='bbox 563 5303 615 5407; x_wconf 83' lang='lat' dir='ltr'>bic</span> <span class='ocrx_word' id='word_1_252' title='bbox 636 5300 764 5391; x_wconf 82' lang='lat' dir='ltr'>intelligi</span> <span class='ocrx_word' id='word_1_253' title='bbox 786 5318 908 5391; x_wconf 91' lang='lat' dir='ltr'>oportet</span> <span class='ocrx_word' id='word_1_254' title='bbox 929 5299 973 5375; x_wconf 82' lang='lat' dir='ltr'>cd</span> <span class='ocrx_word' id='word_1_255' title='bbox 995 5299 1074 5396; x_wconf 74' lang='grc' dir='ltr'>ἅγια</span> <span class='ocrx_word' id='word_1_256' title='bbox 1096 5314 1161 5376; x_wconf 89' lang='lat' dir='ltr'>sive</span> <span class='ocrx_word' id='word_1_257' title='bbox 1183 5331 1278 5376; x_wconf 83' lang='lat' dir='ltr'>sacra</span> <span class='ocrx_word' id='word_1_258' title='bbox 1299 5316 1452 5395; x_wconf 69' lang='lat' dir='ltr'>mystesia.</span> 
     </span>
    </p>
   </div>
   <div class='ocr_carea' id='block_1_10' title="bbox 529 5409 580 5503">
    <p class='ocr_par' dir='ltr' id='par_1_14' title="bbox 529 5409 580 5503">
     <span class='ocr_line' id='line_1_33' title="bbox 529 5409 580 5503; baseline 0 -58"><span class='ocrx_word' id='word_1_259' title='bbox 529 5409 580 5503; x_wconf 45' lang='lat' dir='ltr'><em>s</em></span> 
     </span>
    </p>
   </div>
   <div class='ocr_carea' id='block_1_11' title="bbox 0 0 2590 6532">
    <p class='ocr_par' dir='ltr' id='par_1_15' title="bbox 0 0 2590 6532">
     <span class='ocr_line' id='line_1_34' title="bbox 0 0 2590 6532; baseline 0 0"><span class='ocrx_word' id='word_1_260' title='bbox 0 0 2590 6532; x_wconf 95' lang='lat' dir='ltr'> </span> 
     </span>
    </p>
   </div>
  </div>
 </body>
</html>
