5150 6534
762 811 775 834 ‘
826 861 831 872 ·
939 857 990 936 ru
1022 855 1325 936 tironatus
1357 852 1638 933 siliacus.
1917 852 1968 929 oo

560 1115 562 1120 ‚
600 1041 719 1105 Graeco
749 1057 933 1104 conversos:
961 1043 1119 1124 septimum
1147 1047 1246 1102 autem
1268 1037 1307 1101 ad
1334 1037 1460 1102 verbum
1485 1049 1622 1133 ttlpw
1645 1020 1793 1136 ts'tltbtptt
1810 1018 1855 1107 MS
1873 1045 1967 1106 tells:

600 1134 701 1219 ἐχέτω
722 1129 781 1224 τὴν
802 1128 1006 1204 α’κολουθίαν
1026 1140 1084 1224 τῆς
1104 1138 1203 1224 τιμῆς
1223 1139 1350 1201 bonoria
1370 1141 1618 1220 consequentiam
1640 1138 1747 1220 Neque
1769 1138 1800 1199 in
1821 1137 1870 1199 ille
1893 1157 1968 1201 ver-

600 1241 686 1303 sione
707 1240 802 1302 verba
824 1240 874 1302 illa
896 1243 1100 1322 reperiuntur,
1122 1240 1263 1313 Ecclesia
1283 1238 1424 1301 Memno
1445 1257 1563 1319 semper
1579 1238 1685 1300 babuit
1701 1239 1874 1317 paneam,
1896 1238 1969 1301 licet

599 1337 630 1401 id
652 1338 841 1402 affirmaverit
868 1339 1055 1403 Abrahamus
1083 1337 1281 1402 Echellensis.
1332 1337 1407 1399 Nam
1436 1337 1538 1400 versio
1569 1356 1657 1417 quam
1683 1338 1826 1414 citamus,
1854 1355 1891 1399 ea
1921 1344 1968 1401 est

600 1455 688 1519 quam
710 1437 844 1501 continet
867 1437 973 1502 Codex
997 1439 1151 1501 Mediceus
1179 1438 1210 1498 in
1233 1437 1404 1498 membrana
1428 1437 1561 1517 scriptus
1583 1443 1652 1498 ante
1676 1453 1788 1514 annos,
1818 1444 1851 1497 ut
1878 1437 1967 1498 mini-

598 1556 691 1614 mum,
713 1539 934 1619 septingentos.
979 1538 1053 1600 Cum
1081 1555 1157 1599 vero
1181 1537 1218 1598 ad
1241 1535 1406 1615 Epistolam
1428 1534 1573 1615 Cypriani
1596 1533 1633 1595 ad
1656 1534 1778 1609 Fidum,
1808 1535 1859 1614 qui
1886 1536 1969 1597 Filas
2026 1524 2085 1624 ,Μ
2108 1522 2196 1595 Pm‘t'·
2228 1525 2291 1583 c1¹⁸⁸·

600 1645 744 1714 vocatur,
786 1643 919 1699 notatum
959 1638 1145 1717 reperiamus
1187 1635 1294 1697 iactam
1339 1653 1409 1698 esso
1451 1636 1622 1696 versionem
1664 1651 1742 1696 anno
1784 1631 1969 1695 Graecorum
1999 1610 2052 1663 '⁴¹⁰'
2071 1611 2150 1665 M·

599 1733 864 1799 uccccxcvln.
888 1736 939 1816 qui
962 1711 1008 1798 est
1029 1735 1056 1798 J.
1080 1733 1112 1797 C.
1134 1733 1345 1796 DCLXXXVl.
1375 1734 1510 1815 ejusdem
1534 1734 1641 1795 aetatis
1671 1752 1741 1795 esse
1764 1732 1883 1795 videtur
1906 1731 1969 1796 Ca-

599 1852 722 1913 uouum,
745 1835 797 1914 qui
825 1835 933 1898 eodem
953 1835 1106 1898 volumina
1137 1834 1344 1911 continentur,
1374 1834 1595 1913 interpretatio.
1640 1831 1736 1894 Habet
1763 1831 1851 1894 etiam
1878 1839 1969 1895 vetu-

602 1936 687 1997 statis
709 1933 849 1997 indicium
871 1928 931 1997 non
954 1935 1118 2011 mediocre,
1143 1934 1222 2014 quod
1246 1932 1386 1996 Oenones
1408 1932 1477 1995 illos
1492 1931 1642 1994 Arabicas
1665 1947 1726 1993 non
1747 1938 1967 2011 repraesentet,

601 2051 703 2114 neque
723 2033 937 2111 narrationem,
961 2052 1039 2114 quae
1060 2033 1249 2096 Praelatione
1271 2033 1402 2095 Arabica
1425 2032 1607 2108 continetur,
1630 2028 1778 2092 ullatenus
1801 2029 1966 2093 conlirmet.

689 2131 722 2194 ln
742 2132 802 2195 illis
826 2151 901 2197 vero
926 2133 1090 2211 Canouum,
1113 2135 1164 2214 qui
1185 2132 1313 2196 Arabici
1339 2132 1432 2213 vulgo
1455 2130 1603 2208 dicuntur,
1627 2128 1882 2207 collectionibus,
1911 2128 1968 2192 Ni·
2010 2123 2080 2177 ¹¹¹l0¹
2094 2123 2237 2177 ⁰¹i⁰¹¹¹⁸¹0⁸
2246 2126 2292 2178 '1¹

603 2250 699 2294 caeno
722 2230 857 2295 Concilio
880 2233 1080 2295 attribuuntur
1103 2251 1180 2313 quae
1208 2234 1239 2293 in
1266 2230 1597 2309 Constantinopolitano
1627 2230 1788 2290 constituta
1816 2235 1900 2306 sunt,
1929 2228 1967 2290 de
1981 2211 2103 2309 honorem
2130 2226 2145 2309 ξ
2174 2209 2290 2265 ⁰⁰³⁰ffi⁰

603 2328 798 2395 translatione
822 2332 974 2413 dignitatis
997 2332 1120 2414 Ephesi,
1144 2331 1180 2393 ad
1211 2349 1321 2394 novam
1343 2330 1476 2406 Romam,
1499 2328 1645 2407 simulque
1668 2327 1766 2391 honor
1787 2329 1885 2408 quarti
1908 2296 2291 2398 Pa-15¹⁰¹f⁰¹¹⁰⁸'¹¹'¹¹”¹'”¹⁰'

602 2428 780 2492 triarchatus
810 2431 1102 2511 Hierosolymitauae
1131 2430 1197 2493 sedi
1232 2429 1381 2492 tribuitur.
1438 2422 1525 2489 Eam
1539 2427 1780 2488 constitutionem
1808 2429 1911 2490 retulit
1938 2393 2062 2509 inuuunt.

601 2525 824 2591 Nomocanonis
846 2531 892 2591 sui
916 2547 981 2610 cap.
1007 2532 1034 2591 7.
1057 2529 1224 2611 Gregorius
1253 2528 1486 2611 Abuliaragius,
1514 2526 1561 2587 his
1588 2525 1691 2586 verbis
1719 2525 1856 2601 Qnotnor
1883 2535 1971 2587 erant

602 2624 816 2702 Patriarchae,
830 2631 925 2706 juata
946 2649 1099 2689 nemanso
1120 2638 1250 2708 quatuor
1267 2630 1403 2707 partiam
1424 2627 1536 2689 mmtdi.
1574 2625 1722 2703 Princeps
1742 2644 1816 2686 vero
1838 2643 1971 2686 summas

602 2726 743 2803 omnittm
766 2735 813 2788 est
832 2728 1019 2790 Patriarcba
1040 2728 1204 2803 manns,
1224 2736 1296 2807 post
1325 2746 1391 2788 enm
1412 2726 1649 2799 Alexandrinos,
1671 2731 1731 2785 tam
1755 2721 1970 2786 Constantino·

600 2824 768 2903 politanas,
800 2828 872 2905 qaia
907 2827 947 2888 ab
979 2827 1100 2906 preso
1129 2828 1173 2887 ad
1204 2826 1308 2888 orbern
1343 2823 1713 2903 Constantinopolitanam·
1739 2821 1970 2885 Patriarcbatns

604 2922 769 2983 damiatae
790 2930 845 2998 est,
867 2941 944 3003 meae
970 2926 1062 2986 etiam
1087 2923 1177 2986 Nooa
1198 2924 1297 2986 Ronsa
1317 2931 1429 2985 cacata
1450 2931 1503 2984 est·
1547 2923 1622 2985 Post
1648 2942 1714 2984 enm
1741 2924 1875 3002 seqnitur
1901 2921 1969 2982 Pa-

603 3021 741 3082 triarcbo
761 3020 975 3097 Antiocbenns,
998 3026 1050 3103 qni
1070 3025 1103 3083 in
1125 3032 1216 3086 totam
1239 3019 1391 3084 Orientem
1404 3024 1647 3101 jurisdictionem
1658 3021 1777 3083 obtinet.
1802 3020 1876 3083 Cam
1897 3039 1971 3082 cero

602 3116 890 3201 Hierosolprnitanns
911 3121 1122 3200 Episcopatus,
1145 3123 1323 3183 constitutas
1339 3120 1395 3182 snb
1410 3123 1574 3182 antonno
1588 3120 1787 3200 Metropoteas
1800 3120 1971 3181 Caesareae

602 3206 734 3296 Pbitippi
754 3218 974 3298 emansores,
996 3221 1093 3281 leonor
1115 3222 1210 3300 quinti
1230 3219 1464 3281 Patriarcbatns
1491 3220 1536 3279 itti
1557 3219 1701 3296 defertur,
1723 3221 1778 3280 sed
1799 3220 1888 3279 sabea
1908 3236 1970 3279 uae
2005 3263 2008 3272 .

602 3318 727 3378 toritate
749 3316 957 3398 Metropolitae
980 3318 1164 3393 Caesareae,
1193 3327 1223 3379 et
1248 3318 1427 3379 Antioebeni
1446 3316 1660 3379 Patriarchae.
1704 3316 1787 3378 Haec
1808 3317 1919 3379 habent
1940 3317 1970 3378 in

603 3415 666 3477 suis
690 3414 845 3478 Canonum
867 3417 1103 3480 collectionibus
1132 3417 1271 3478 Arabicis
1301 3415 1471 3494 lacebitae,
1502 3433 1576 3495 quas
1605 3414 1819 3497 Abullaragius
1847 3424 1970 3477 secutus

604 3521 661 3576 est.
702 3513 809 3576 Mirum
832 3524 929 3579 nmen
952 3517 1140 3578 Patriarchae
1164 3515 1427 3595 Hierosolymitani
1450 3515 1559 3576 nullius
1582 3514 1663 3595 apud
1684 3514 1752 3577 illos
1775 3521 1880 3576 extare
1902 3533 1971 3576 me-

604 3612 745 3687 moriam3
767 3632 876 3693 neque,
899 3616 998 3695 siqui
1021 3635 1060 3677 ex
1083 3615 1201 3677 illorum
1223 3623 1317 3692 secta,
1340 3614 1389 3676 vel
1417 3633 1456 3676 ex
1478 3614 1677 3693 Nestoriana,
1705 3615 1735 3676 in
1762 3614 1838 3676 urbe
1866 3622 1970 3676 sancta

605 3710 818 3791 Episcopatum
850 3722 1030 3793 gesserunt,
1061 3713 1185 3776 honoris
1212 3713 1261 3773 illa
1291 3713 1502 3796 praerogativa
1532 3715 1619 3794 potiti
1648 3713 1787 3775 videntur
1814 3732 1914 3794 esse„
1937 3712 1970 3773 ln

590 3809 783 3873 Nestorisue
806 3812 924 3891 quidem
944 3812 1081 3874 Ecclesia
1103 3814 1181 3874 inter
1195 3812 1379 3893 Metropoles
1402 3820 1580 3875 recensetur
1601 3812 1780 3890 Jerusalem,
1802 3813 1857 3874 sed
1880 3813 1971 3894 vige-

604 3909 681 3972 simo
702 3911 836 3972 secundo
859 3911 938 3986 loco,
961 3919 1072 3973 tantum
1095 3912 1179 3974 abest
1202 3920 1234 3973 ut
1257 3910 1426 3973 attributam
1448 3912 1614 3975 aNicaeno
1639 3910 1772 3973 Concilio
1796 3912 1970 3992 dignitatem

604 4010 787 4071 servaverit:
811 4027 877 4071 eum
901 4028 961 4072 non
984 4011 1072 4073 modo
1096 4010 1283 4088 Catholicus,
1315 4012 1366 4104 qui
1387 4028 1558 4090 supremum
1585 4012 1652 4092 ipsc
1681 4011 1738 4073 sibi
1765 4010 1970 4074 Pontificatum

604 4108 682 4169 iuter
704 4127 777 4172 suos
800 4110 964 4190 arrogayit,
987 4110 1059 4172 licet
1079 4109 1110 4169 in
1133 4109 1250 4171 Pseudo
1273 4109 1413 4171 Nicaeuis
1442 4110 1500 4171 illis
1524 4109 1697 4172 Canonibus
1726 4117 1795 4190 post
1823 4109 1971 4170 llieroso-

603 4206 777 4287 lymitanum
798 4209 981 4289 Episcopum
1004 4210 1182 4287 nominetur,
1205 4227 1273 4271 eum
1296 4208 1472 4287 praecedat3
1495 4226 1600 4270 verum
1623 4208 1726 4288 plures
1748 4208 1797 4269 alii
1811 4207 1970 4287 Metropo-

604 4304 675 4367 litae
698 4307 826 4384 urbium,
850 4325 928 4388 quae
952 4308 1022 4370 olim
1042 4327 1083 4369 ne
1104 4308 1273 4387 Episcopos
1297 4307 1416 4387 quidem
1444 4307 1620 4368 habuerant.
1664 4307 1767 4388 ltaque
1790 4306 1970 4381 interillos,

603 4410 636 4465 ut
658 4405 737 4467 inter
757 4405 921 4481 Jacobitas,
944 4424 1010 4467 curn
1033 4406 1295 4488 Hierosolymitani
1322 4406 1470 4468 Antistitis
1503 4408 1614 4469 inentio
1637 4407 1776 4487 injicitur,
1800 4424 1861 4467 non
1884 4404 1970 4466 aliter

605 4511 733 4565 vocatur
755 4522 842 4584 quam
863 4504 1067 4586 Metropolim,
1090 4513 1121 4567 et
1144 4505 1210 4567 talis
1234 4513 1300 4567 erat
1311 4506 1443 4588 ignatius
1458 4505 1495 4567 ad
1509 4523 1598 4585 quem
1610 4504 1862 4568 commentarium
1884 4524 1969 4567 suum

604 4603 636 4664 in
658 4602 765 4665 Jacobi
786 4604 950 4686 liturgiam
973 4605 1094 4685 scripsit
1116 4603 1278 4685 Dionysius
1301 4604 1458 4667 Barsalibi.
1512 4604 1655 4686 Legimus
1678 4605 1766 4667 etiarn
1788 4605 1818 4665 in
1840 4604 1971 4667 Historia

603 4698 842 4765 Patriarcharum
863 4703 1146 4780 Alexandrinorum,
1171 4703 1314 4783 Cyrillum
1347 4703 1437 4765 lilium
1460 4703 1601 4781 Laklalii,
1632 4722 1711 4767 novo
1736 4704 1874 4783 exemplo
1897 4702 1971 4764 llie-

602 4797 767 4879 rosolymis
789 4802 1012 4882 Metropolitum
1042 4802 1252 4880 constituisse,
1281 4803 1337 4864 sed
1365 4803 1637 4866 contradicentibus
1667 4822 1726 4866 non
1756 4802 1843 4866 modo
1875 4802 1969 4882 Syris,

604 4914 710 4959 verum
732 4900 806 4980 ipsis
828 4901 1005 4983 Aegyptiis,
1036 4901 1117 4981 quod
1147 4901 1223 4963 baec
1252 4902 1397 4963 institutio
1427 4903 1465 4965 ad
1493 4902 1676 4965 Antiocheni
1705 4901 1894 4964 Patriarchae
1920 4900 1970 4980 jus

604 5004 769 5077 spectaret,
793 5019 834 5062 ex
855 5002 953 5063 veteri
975 5001 1141 5081 disciplina.
1177 4999 1238 5063 Soli
1261 5002 1353 5082 igitur
1375 5001 1483 5064 Graeci
1505 5002 1573 5064 urbi
1595 5009 1719 5065 sanctae
1740 4999 1970 5063 Patriarchalem

605 5094 779 5176 dignitatem
802 5108 1011 5177 servaverunt,
1034 5119 1161 5181 quorum
1184 5100 1323 5180 exemplo
1336 5100 1442 5179 Latini,
1466 5119 1533 5163 cum
1556 5121 1622 5164 earn
1645 5101 1734 5162 armis
1758 5108 1968 5179 occupassent,

604 5192 741 5259 Latinum
768 5198 969 5263 Patriarcham
996 5201 1200 5277 instituerunt,
1238 5200 1324 5279 cujus
1353 5200 1542 5282 postmodum
1570 5200 1637 5263 loco
1665 5188 1774 5284 κωφὸν
1799 5187 1970 5284 πρόςωπον

605 5290 940 5362 Romae'constituitur.
968 5298 1074 5380 Neque
1097 5305 1203 5360 eontra
1225 5297 1256 5359 id
1277 5297 1359 5379 quod
1381 5300 1439 5361 huc
1461 5317 1558 5379 usque
1580 5299 1690 5361 dictum
1711 5298 1777 5392 fuit,
1799 5297 1887 5379 objici
1910 5315 1970 5377 po-
