5150 6534
588 805 664 881 oto
936 785 940 793 “
1129 805 1360 883 cornu

585 991 626 1054 ita
649 989 806 1054 distinctae
828 998 909 1069 sunt,
932 989 1179 1053 utDiacouoram
1197 990 1319 1052 monitio
1343 988 1380 1052 ad
1402 986 1537 1069 singulas
1559 997 1713 1069 sequatur,
1736 1007 1814 1069 quac
1837 989 1954 1053 illarum
2019 1027 2022 1036 ·

586 1090 782 1154 intentionem
805 1090 1047 1176 explicaulpaut
1068 1089 1095 1152 si
1116 1089 1300 1170 prolixiores
1322 1094 1402 1165 sunt,
1425 1087 1531 1149 eadem
1553 1088 1678 1150 intentio
1701 1087 1738 1149 ab
1761 1089 1828 1169 ipso
1841 1091 1955 1153 Sacer-

503 1186 504 1190 ’
585 1187 657 1251 dote
679 1188 852 1252 celebrante
875 1188 1050 1270 explicatur.
1084 1187 1127 1250 lta
1151 1189 1179 1250 in
1203 1187 1328 1269 Coptica
1350 1185 1459 1249 Basilii.
1487 1186 1954 1251 MementoDomineaoncturam

541 1290 543 1296 ’
585 1288 639 1368 poi
653 1287 709 1349 tibi
718 1288 949 1369 placuernnlob
966 1288 1063 1363 initio,
1085 1287 1348 1364 Potriorcborum,
1370 1284 1600 1365 Prophetarum,
1621 1283 1842 1365 Apostolorum,
1864 1284 1955 1349 blor-

585 1392 682 1468 iyrum
710 1396 765 1451 etc.
795 1407 921 1468 quorum
947 1385 1090 1465 precibus
1123 1394 1152 1447 et
1180 1385 1441 1448 obsecrationibus
1470 1385 1614 1446 miserere
1645 1388 1774 1446 omnium
1807 1392 1953 1450 austrum.

586 1483 651 1546 Nec
682 1484 769 1549 aliter
798 1484 933 1573 reliquae
962 1501 1066 1548 omnes
1096 1483 1260 1568 Liturgiae.
1308 1484 1382 1547 Cum
1408 1485 1500 1564 igitur
1528 1501 1567 1544 ex
1590 1484 1678 1545 unico
1699 1485 1868 1564 primitivae
1891 1486 1955 1547 Ec-

589 1582 702 1646 clesiae
726 1584 890 1665 exemplari
913 1582 992 1645 nulla
1014 1600 1074 1645 non
1098 1601 1245 1663 expressa
1268 1585 1307 1646 sit
1315 1604 1324 1659 ;
1344 1584 1580 1664 Sanctorumque
1591 1583 1842 1660 commemoratio,
1866 1602 1955 1664 quam

587 1682 787 1746 Nestoriauae
802 1681 954 1761 exhibent,
971 1681 1040 1745 aliis¹
1050 1684 1266 1763 praemittatur,
1284 1700 1345 1745 non
1362 1682 1449 1744 aliter
1465 1681 1592 1765 intelligi
1608 1690 1717 1763 potest,
1741 1701 1829 1762 quam
1842 1682 1954 1761 ubique

587 1791 618 1845 et
640 1800 762 1863 semper
784 1781 933 1844 intellecta
956 1789 1015 1856 est;
1046 1782 1162 1845 scilicet
1190 1789 1222 1844 ut
1246 1782 1377 1864 quadiu
1401 1782 1494 1863 prima
1517 1780 1644 1865 legitur,
1675 1782 1757 1844 Deus
1781 1782 1955 1843 memoriam

587 1881 695 1944 habeat
717 1890 833 1960 patrum
856 1882 974 1960 piorum
997 1889 1028 1943 et
1046 1881 1212 1962 justorum,
1241 1881 1332 1962 idque
1355 1880 1467 1961 duplici
1490 1882 1621 1956 ratione;
1652 1898 1759 1961 nempe
1787 1888 1819 1942 ut
1848 1899 1956 1943 eorum

587 1979 730 2062 precibus
754 1988 784 2042 et
806 1981 1024 2043 intercessione
1048 1979 1180 2043 obtineat
1200 1980 1339 2043 Ecclesia
1367 1980 1447 2060 quod
1475 1981 1565 2061 petit:
1594 1989 1625 2043 et
1653 1979 1839 2062 significetur
1869 1979 1957 2041 simul

588 2081 763 2143 Sanctorum
787 2080 968 2156 communio,
992 2097 1119 2160 quorum
1141 2088 1173 2141 ul
1195 2081 1358 2142 viventium
1381 2097 1483 2143 coram
1504 2079 1569 2141 Deo
1594 2081 1836 2142 commemoratio
1859 2079 1900 2154 lit,
1924 2083 1956 2138 et

588 2196 665 2260 quos
687 2185 720 2239 ut
741 2176 897 2239 Ecclesiae
921 2196 1013 2259 super
1036 2187 1146 2239 terram
1168 2179 1318 2248 militantis
1342 2179 1490 2257 membra,
1518 2177 1655 2240 sacrificii
1677 2196 1737 2258 quo
1760 2178 1955 2240 redemtionis

588 2295 661 2339 suae
692 2283 721 2338 et
752 2284 875 2338 nostrae
905 2278 1048 2358 mysteria
1077 2278 1267 2340 continentur
1295 2277 1380 2358 quasi
1408 2282 1623 2358 cooperatores
1648 2277 1783 2341 advocat.
1829 2275 1957 2336 Itanon

589 2375 625 2436 ad
649 2390 703 2438 eos
716 2375 877 2455 pertinebit
900 2373 999 2437 ultima
1023 2377 1166 2439 orationis
1190 2396 1271 2457 pars,
1295 2395 1372 2457 quae
1395 2377 1432 2439 ad
1456 2385 1636 2439 mortuorum
1660 2377 1832 2439 memoriam
1854 2373 1957 2435 reler-

588 2481 646 2553 tur,
671 2473 752 2554 quod
767 2474 1011 2538 verisimillimum
1031 2483 1087 2553 est,
1111 2475 1229 2557 quando
1253 2475 1373 2557 quidem
1395 2495 1455 2538 uno
1479 2484 1584 2538 tenore
1607 2476 1683 2538 hanc
1706 2476 1871 2537 orationem
1895 2491 1957 2534 aon

587 2573 785 2654 pronuntiari,
809 2582 926 2637 constat
948 2594 987 2636 ex
1010 2576 1157 2636 communi
1180 2575 1335 2656 disciplina
1358 2576 1482 2637 aliarum
1505 2575 1634 2638 omnium
1656 2574 1873 2646 Ecclesiarnm3
1900 2570 1957 2634 scd

588 2672 718 2755 interjici
738 2662 849 2753 preces
872 2672 980 2754 plebis,
1003 2675 1070 2736 sive
1092 2674 1229 2752 Diaconi,
1253 2673 1365 2737 similes
1381 2675 1439 2736 illis
1462 2694 1537 2757 quas
1555 2674 1674 2751 Graeci,
1698 2672 1825 2754 Coptici,
1849 2671 1956 2753 Syria-

588 2772 677 2852 cique
700 2770 821 2834 codices
844 2779 1090 2853 repraesentant,
1122 2781 1171 2835 aut
1201 2774 1355 2856 integras,
1385 2780 1435 2835 aut
1463 2774 1565 2854 primis
1589 2782 1702 2837 tantum
1724 2773 1848 2835 vocibus
1872 2770 1958 2832 desi-

588 2878 706 2955 gnatas.
750 2870 859 2932 Forma
881 2870 996 2933 illarum
1019 2890 1161 2952 precum,
1192 2873 1257 2934 sive
1280 2871 1535 2952 adhortationum,
1559 2872 1596 2936 ad
1620 2872 1785 2935 orationem
1808 2889 1875 2932 cum
1899 2870 1959 2932 Sa-

588 2970 714 3032 cerdote
737 2969 974 3051 conjungendam
998 2969 1048 3031 illa
1071 2970 1162 3052 vulgo
1193 2978 1253 3033 est:
1300 2969 1395 3033 Orotc
1420 2992 1480 3052 pro
1508 2972 1665 3046 Ecclesia,
1692 2990 1751 3049 pro
1775 2990 1872 3049 poce,
1899 2989 1958 3049 pro

587 3067 784 3144 Patriarcln,
804 3086 863 3146 pro
885 3070 974 3145 civis,
993 3088 1052 3149 pro
1075 3070 1235 3149 defunctis,
1258 3078 1313 3134 etc.
1342 3069 1429 3132 Nulla
1452 3089 1544 3152 porro
1568 3071 1718 3150 reperitur
1740 3068 1777 3129 ad
1801 3069 1958 3147 orandum,

589 3185 645 3249 pro
669 3167 867 3244 Patriarclris,
891 3186 947 3248 pro
969 3167 1144 3249 apostolis,
1167 3168 1349 3250 Martyribns
1372 3177 1404 3231 et
1425 3172 1539 3232 sanctis
1562 3169 1695 3251 reliquis.
1720 3168 1916 3231 Nestorianos
1940 3188 1958 3231 a

587 3274 709 3330 vetusta
731 3265 887 3347 disciplina
911 3266 1097 3347 deflexisse,
1128 3268 1203 3330 lraec
1232 3269 1298 3331 sola
1328 3268 1483 3350 liturgiae
1513 3268 1658 3348 particula
1689 3285 1750 3330 non
1778 3267 1960 3330 sullicienter

565 3358 787 3445 demonstrat,
817 3383 884 3426 cum
912 3385 951 3427 ex
980 3366 1163 3448 reliquarum
1185 3366 1390 3430 Ecclesiarum
1413 3369 1553 3448 exemplo
1577 3366 1743 3443 intellecta,
1775 3366 1845 3427 nibil
1877 3366 1959 3449 quod

590 3464 790 3542 commodam,
825 3483 913 3545 quam
944 3466 1108 3540 attulimus,
1140 3469 1417 3546 interpretationem
1446 3476 1584 3548 respuat,
1622 3469 1776 3529 continere
1810 3467 1957 3531 videatur.

589 3565 675 3628 Velle
699 3572 796 3626 autem
820 3572 851 3625 ιιι
873 3552 1106 3645 Iliampcrc'nses
1130 3568 1392 3644 existimaverunt,
1421 3585 1438 3628 a
1462 3569 1587 3629 Graecis
1611 3567 1662 3647 qui
1683 3574 1804 3628 sanctos
1828 3566 1958 3628 nandrnn

587 3662 802 3725 beatitudinem
825 3662 990 3744 perlectam
1014 3673 1193 3727 consecutos
1217 3664 1310 3728 luisse
1333 3665 1447 3744 dicunt,
1471 3666 1548 3728 hunc
1564 3665 1748 3730 erroromad
1762 3665 1959 3726 Nestorianos

589 3762 769 3840 manavisse,
789 3764 920 3842 jactatur
940 3762 1055 3824 facilius
1078 3782 1164 3844 quam
1188 3764 1351 3847 probatur:
1374 3766 1486 3846 quippe
1511 3764 1590 3827 nulla
1613 3765 1650 3827 ab
1673 3763 1816 3845 Ephesini
1833 3761 1961 3824 Concilii

589 3868 726 3940 tempore
751 3861 805 3921 luit
826 3860 1074 3923 Nestorianorum
1097 3881 1164 3925 cnm
1188 3863 1312 3927 Graecis
1336 3866 1520 3943 communio,
1548 3871 1598 3926 aut
1622 3865 1711 3926 etiam
1734 3863 1800 3926 talis
1823 3863 1853 3921 in
1876 3863 1959 3923 civili

590 3959 770 4021 commercio
793 3953 935 4038 societas,
959 3967 991 4022 ιιι
1013 3960 1101 4023 alleri
1124 3963 1161 4023 ab
1184 3963 1299 4042 alteris,
1323 3964 1483 4044 quidquam
1506 3963 1587 4045 quod
1610 3963 1647 4025 ad
1671 3981 1758 4024 sacra
1781 3946 1960 4041 pertineret,

589 4061 742 4145 potuerint
772 4062 921 4142 accipere.
968 4061 1094 4124 Sanctus
1125 4064 1279 4141 introcant,
1312 4082 1476 4144 eorumque
1505 4062 1598 4124 lestos
1628 4063 1693 4124 dies
1716 4061 1870 4122 celebrant
1893 4059 1961 4120 Ne·
2079 4056 2082 4070 '

592 4161 726 4239 storiani,
749 4168 781 4222 ut
803 4181 842 4222 ex
864 4160 981 4223 illorum
1004 4160 1187 4243 Horologiis,
1211 4162 1385 4235 Bell-Gaza,
1407 4161 1599 4223 lectionario
1623 4161 1755 4238 Persico,
1780 4167 1809 4220 et
1832 4158 1960 4220 historia

590 4261 782 4341 agnoscitur,
810 4259 989 4342 illorumque
1018 4279 1052 4323 se
1081 4262 1224 4342 precibus
1253 4260 1469 4323 commendant.
1515 4261 1608 4343 Igitur
1630 4279 1686 4341 pro
1709 4259 1826 4321 illorum
1849 4257 1959 4332 salute,

592 4368 622 4423 et
646 4360 762 4440 quiete,
786 4359 866 4442 quod
889 4377 946 4440 pro
969 4359 1034 4422 aliis
1058 4359 1185 4440 iaciunt,
1208 4379 1298 4423 orare
1319 4378 1381 4423 non
1404 4366 1539 4442 possunt.
1585 4359 1616 4422 Si
1639 4368 1805 4439 temporum
1827 4357 1960 4418 decursu

591 4464 623 4519 ct
652 4459 681 4519 in
711 4459 890 4541 gravissima
924 4457 1160 4522 Christianorum
1192 4458 1248 4521 sub
1282 4459 1451 4521 infidelibus
1488 4459 1614 4521 dominis
1650 4459 1833 4533 calamitate,
1870 4473 1960 4518 error

592 4559 761 4619 contrarius
792 4559 942 4639 antiquam
969 4556 1154 4637 disciplinam
1180 4557 1358 4636 infamavit,
1387 4557 1589 4620 emendandus
1613 4567 1675 4636 est,
1704 4576 1761 4619 nec
1784 4556 1865 4617 valet
1887 4555 1960 4616 illo-

592 4670 657 4714 rum
673 4658 884 4734 testimonium,
907 4656 958 4717 ubi
981 4676 999 4718 a
1021 4658 1168 4719 communi
1192 4660 1323 4719 oninium
1346 4658 1403 4720 irde
1427 4665 1457 4719 et
1479 4658 1585 4741 regula
1600 4658 1767 4720 recessisse
1784 4655 1960 4736 deprehen-

592 4751 710 4813 duntur.

765 5014 826 5086 12.
868 5014 916 5085 Ill
941 5021 1057 5087 ceniol
1080 5016 1227 5086 Domine
1252 5021 1370 5112 pretio
1395 5017 1546 5110 Spiritus
1570 5021 1694 5106 sancti,
1721 5023 1785 5087 etc.

684 5207 794 5285 Hnuur
823 5217 900 5281 haec
928 5219 1130 5309 luvocationis
1160 5219 1286 5282 formula
1316 5219 1480 5303 perlectam
1510 5241 1577 5284 cum
1605 5240 1642 5283 ea
1671 5222 1799 5302 quaein
1823 5219 1962 5297 Graecis,

593 5320 737 5403 Syriacis,
760 5321 955 5404 Copticisque
977 5323 1120 5408 liturgiis
1141 5324 1358 5406 praescribitur
1380 5325 1616 5389 conformitatem
1640 5325 1705 5387 sire
1727 5324 1812 5385 locus
1834 5330 1961 5404 specte-
