5150 6534
839 801 1724 882 DOGTORUMSANCTORUM.
1892 802 1968 876 413

704 992 887 1064 Sacerdos.
938 990 983 1061 nt
1009 990 1146 1063 calicem
1172 994 1287 1077 istum,
1323 990 1424 1060 iaciat
1456 993 1651 1081 sangninem
1679 1012 1796 1084 purum
1823 999 1856 1060 et
1882 1011 1968 1062 san-

600 1122 699 1198 ctum,
726 1112 921 1201 sanguinem
946 1110 1063 1178 vivum
1089 1116 1123 1178 et
1147 1106 1329 1192 vivificum,
1357 1110 1550 1197 sangninem
1579 1105 1804 1201 purificantem
1830 1115 1863 1176 et
1881 1127 1967 1178 san-

599 1226 808 1312 ctificantem,
835 1226 1028 1315 sanguinem
1056 1222 1189 1293 Domini
1215 1224 1279 1294 Dei
1307 1230 1340 1292 et
1366 1222 1545 1294 salvatoris
1580 1224 1685 1295 nostri
1716 1220 1799 1291 Jesu
1833 1218 1967 1311 Christi,

589 1330 644 1414 vad
669 1342 900 1413 remissionem
926 1350 1152 1434 peccatorum,
1180 1348 1212 1408 et
1238 1341 1340 1408 vitam
1368 1348 1535 1408 aeternam
1564 1336 1799 1432 accipientibus
1825 1337 1925 1409 illum.

703 1456 864 1548 Populos.
917 1455 1036 1526 Amen.

703 1571 887 1642 Sacerdos.
926 1569 998 1641 Hac
1025 1572 1123 1661 igitur
1149 1573 1384 1665 mysteriorum
1410 1566 1540 1639 illorum
1567 1567 1713 1641 illatione
1740 1567 1829 1659 digni
1849 1568 1968 1658 effecti,

601 1697 638 1759 et
663 1686 768 1759 oculis
794 1689 948 1758 mentium
976 1696 1175 1770 nostrarum,
1201 1687 1352 1769 veritatis
1368 1684 1608 1775 significatione
1625 1684 1806 1771 illustratis
1834 1705 1968 1757 oramus

600 1813 636 1875 et
661 1794 951 1892 obsecramusjut
976 1801 1058 1873 haec
1084 1804 1257 1897 proposita
1283 1804 1444 1896 mysteria
1471 1803 1600 1895 prosint
1622 1801 1732 1890 nobis,
1759 1811 1793 1871 et
1812 1799 1868 1871 illa
1886 1822 1968 1872 sus-

602 1920 811 2015 cipientibus,
839 1918 881 1990 ad
907 1922 1036 1990 animae
1063 1917 1279 2010 vigilantiam,
1308 1915 1349 1987 ad
1376 1919 1531 2012 optimam
1559 1920 1712 2011 corporis
1734 1914 1968 2004 valetudinem,

602 2032 645 2106 ad
670 2038 958 2131 participationem
992 2057 1109 2106 veram
1143 2034 1351 2128 adoptionis,
1385 2032 1427 2104 ad
1461 2035 1791 2105 communicationem
1827 2031 1968 2128 Spiritus

602 2154 719 2239 sancti,
747 2149 790 2222 ad
816 2148 1052 2221 haereditatem
1078 2153 1173 2240 regni
1200 2148 1379 2233 coelorum,
1408 2148 1451 2219 ad
1474 2150 1703 2219 remissionem
1724 2146 1916 2220 delictorum
1936 2160 1970 2220 et

600 2277 836 2364 peecatorum3
865 2269 941 2359 quia
968 2275 1000 2337 te
1027 2265 1124 2337 decet
1151 2263 1282 2335 bonitas
1310 2275 1344 2335 et
1370 2263 1577 2355 benignitaS,
1612 2262 1735 2357 tibique
1768 2263 1909 2355 gloriam
1937 2275 1970 2336 et

600 2382 733 2454 laudem
761 2381 946 2468 referimus,
974 2392 1006 2453 et
1033 2384 1201 2473 unigenito
1227 2381 1312 2452 Filio
1341 2391 1410 2468 tuo,
1446 2390 1479 2451 et
1505 2380 1640 2475 Spiritui
1666 2391 1722 2451 tuo
1750 2383 1968 2468 sanctissimo,

601 2496 705 2585 bono,
733 2509 766 2569 et
793 2496 972 2569 adorando.

706 2613 880 2684 Sacerdos
912 2611 1102 2683 inclinatos.
1143 2611 1287 2705 Suscipe
1314 2611 1512 2683 sacrificium
1538 2609 1602 2685 hoc
1626 2621 1788 2701 nostrum,
1815 2615 1969 2704 Domine,

603 2729 692 2826 quod
718 2739 840 2816 menta
867 2727 973 2799 verbo
1002 2739 1036 2800 et
1062 2732 1170 2799 animo
1199 2727 1258 2798 tibi
1285 2727 1436 2801 oilertur:
1464 2731 1644 2823 praecipue
1669 2750 1753 2799 vero
1781 2751 1843 2823 pro
1871 2741 1968 2803 tran-

602 2845 762 2942 quillitate
789 2854 822 2916 et
847 2867 932 2940 pace
958 2843 1134 2915 Ecclesiae
1161 2854 1237 2915 tuae
1266 2853 1414 2931 sanctae,
1442 2866 1503 2938 pro
1531 2844 1780 2916 confirmatione
1793 2847 1969 2918 Pastorum

603 2965 676 3055 eJns
700 2966 863 3054 justorum
891 2970 925 3031 et
952 2958 1233 3045 Orthodoxorum,
1261 2983 1323 3055 pro
1350 2958 1478 3031 honore
1506 2969 1539 3030 et
1565 2959 1768 3031 exaltatione
1795 2960 1969 3033 Sacerdo-

601 3087 669 3150 tum
698 3081 782 3169 ejus,
808 3100 869 3173 pro
897 3081 1038 3172 puritate
1065 3088 1098 3148 et
1124 3076 1286 3148 modestia
1313 3079 1550 3162 Diaconorum,
1577 3098 1639 3171 pro
1667 3080 1766 3148 venia
1794 3090 1827 3149 et
1843 3081 1968 3149 remis-

602 3197 699 3267 sione
730 3193 867 3266 liliorum
903 3198 991 3286 ejus:
1029 3216 1090 3288 pro
1123 3196 1246 3263 unitate
1278 3204 1312 3263 et
1345 3192 1524 3264 concordia
1551 3196 1851 3285 congregationum
1880 3197 1968 3284 ejus:

601 3330 665 3404 pro
691 3312 834 3380 victoria
861 3309 993 3400 Regum
1018 3307 1176 3379 fidelium:
1205 3331 1265 3402 pro
1283 3311 1474 3379 visitatione
1493 3308 1685 3381 alllictorum
1701 3319 1734 3380 et
1752 3308 1968 3382 infirmorum:

602 3446 664 3520 pro
693 3425 816 3496 anxilio
843 3430 985 3496 omnium
1013 3447 1128 3496 aarum
1156 3429 1210 3518 qni
1238 3427 1270 3493 in
1298 3424 1444 3518 periculo
1472 3435 1657 3495 versantur.

628 3551 631 3557 '
706 3541 854 3611 Eteoona
879 3563 1004 3611 nocero.
1042 3539 1150 3611 Etiam
1177 3564 1238 3635 pro
1267 3539 1401 3626 anxilio,
1430 3550 1463 3610 et
1490 3539 1653 3631 adjutorio
1680 3542 1871 3613 infirmitatis
1896 3563 1967 3612 no-

602 3668 710 3745 strae,
744 3659 939 3729 invocamus
968 3667 1020 3745 te,
1055 3656 1207 3726 Domine.
1260 3654 1313 3726 Ne
1341 3655 1506 3750 despicias
1533 3655 1791 3751 supplicationes
1818 3667 1851 3727 te
1879 3657 1968 3727 ado-

601 3776 752 3844 rantium.
805 3772 893 3843 Audi
920 3775 1087 3843 orationes
1114 3774 1230 3863 gregis
1259 3775 1304 3842 tui
1331 3771 1521 3866 spiritualis,
1551 3772 1672 3845 Pastor
1699 3771 1787 3844 bone
1814 3785 1847 3845 et
1874 3797 1968 3846 vere.

602 3887 708 3960 Salva
735 3909 842 3979 agnos
870 3897 956 3976 tuoS,
984 3897 1018 3958 et
1043 3886 1148 3958 libera
1177 3909 1261 3958 oves
1289 3897 1362 3957 tuas
1386 3887 1596 3960 demonibus
1620 3888 1855 3982 improborum.
1889 3889 1968 3961 Ad-

599 4006 684 4095 juva
710 4025 888 4098 pauperes,
916 4012 948 4075 et
974 4007 1128 4091 miserae,
1156 4024 1257 4074 serva
1284 4024 1467 4097 oppressos
1495 4014 1528 4074 et
1554 4003 1703 4092 alllictos,
1730 4016 1763 4075 et
1779 4003 1884 4075 libera
1910 4027 1968 4077 eos

604 4122 660 4215 qui
685 4118 881 4192 infestantur
908 4144 927 4190 a
955 4119 1122 4214 spiritibus
1148 4116 1253 4190 malis.
1286 4109 1518 4213 Orphanornm
1545 4116 1658 4191 cimam
1677 4141 1770 4211 gere,
1797 4120 1969 4192 famelicos

606 4236 690 4307 satia
717 4234 918 4330 plenitudine
946 4236 1125 4331 voluptatis
1152 4245 1239 4306 tuae.
1286 4235 1421 4328 Adjuva
1449 4258 1510 4307 eos
1537 4239 1592 4330 qni
1618 4240 1650 4306 in
1676 4240 1793 4307 itinere
1819 4248 1911 4325 sunt3
1938 4248 1971 4308 et

606 4353 664 4446 qui
690 4353 723 4421 in
749 4355 832 4423 mari
858 4356 1030 4444 navigant,
1056 4350 1131 4423 illos
1159 4374 1179 4421 a
1206 4359 1401 4447 tempestate
1429 4363 1461 4423 et
1478 4351 1660 4444 naufragiis
1677 4352 1793 4425 libera.
1823 4354 1970 4444 Protege

602 4464 791 4539 Ecclesiam
819 4478 906 4539 tuam
941 4467 1141 4562 redemptam
1174 4489 1236 4561 per
1267 4490 1399 4539 erucem
1435 4478 1543 4556 tuam,
1579 4479 1613 4540 et
1645 4469 1757 4540 exalta
1790 4467 1968 4540 Praesules

603 4586 677 4676 ejus
703 4605 764 4677 per
788 4605 913 4654 veram·
931 4583 1007 4654 fidei
1034 4587 1333 4670 conservationem,
1362 4594 1395 4655 et
1412 4584 1603 4681 ¹referemus
1631 4583 1688 4657 tihi
1715 4584 1874 4677 gloriam,
1905 4593 1967 4654 etc.

708 4696 881 4769 Sacerdos
904 4699 1096 4768 inclinatos.
1135 4698 1317 4789 Memento,
1330 4699 1484 4789 Domine,
1507 4703 1672 4793 virginum
1693 4723 1859 4797 purarum,
1878 4721 1966 4771 con-

599 4814 717 4906 jugum
744 4823 928 4902 castomm‚
958 4813 1178 4910 orphanorum
1205 4825 1238 4885 et
1264 4814 1449 4902 viduarum,
1476 4820 1689 4908 miserorum,
1717 4827 1750 4890 et
1774 4838 1967 4912 paupemm,

605 4951 786 5025 eommqne
813 4934 868 5025 qui
894 4933 928 5001 in
954 4932 1133 5001 ministerio
1161 4942 1275 5002 sancto
1303 4931 1427 5002 assidui
1454 4943 1545 5019 sunt,
1572 4944 1605 5004 et
1631 4932 1771 5007 afflictos
1798 4932 1967 5026 adjuvant,

604 5048 660 5139 qui
686 5044 872 5119 oblationes
899 5047 1050 5134 offerunt,
1078 5054 1111 5116 et
1136 5046 1312 5140 praeclare
1339 5053 1442 5120 vitam
1468 5052 1645 5122 instituunt

707 5159 856 5231 Eleoons
872 5184 996 5234 nocem.
1031 5159 1154 5232 Libera
1180 5170 1214 5231 et
1240 5161 1337 5234 salva
1363 5188 1425 5238 nos
1445 5164 1588 5238 Domine
1602 5167 1695 5237 Dens
1722 5164 1764 5238 ab
1792 5167 1842 5239 ira
1869 5164 1967 5254 mala,
2015 5176 2141 5229 11111111.

604 5285 639 5347 et
665 5273 846 5350 obstinata:
874 5276 915 5349 ab
943 5278 1114 5367 incendio,
1148 5287 1181 5348 et
1211 5285 1322 5350 terrae
1349 5292 1457 5372 motu,
1491 5280 1533 5353 ab
1560 5281 1773 5354 irmndatione
1799 5291 1833 5355 et
1857 5289 1966 5376 peste,

1674 5397 1763 5474 5511

2017 998 2131 1077 ignatii.v
2251 1077 2254 1087 Ι

2018 2624 2116 2692 cyrilli.

2016 3544 2156 3597 Philoxeni.

2016 4711 2161 4766 Clementis.
