5150 6534
969 839 1015 914 m
1041 835 1294 913 ttionemn
1320 836 1350 912 s.
1376 836 1600 913 nnnonln.
1800 788 1804 800 ’
1886 835 1962 911 aas

598 1020 710 1103 quibus
732 1021 860 1084 vocibus
883 1022 939 1084 hac
962 1022 991 1083 in
1013 1029 1111 1102 parte,
1134 1020 1339 1101 operationem
1361 1022 1456 1082 sancti
1478 1021 1606 1101 Spiritus
1628 1020 1808 1103 significant,
1828 1021 1964 1084 eamdem

598 1122 658 1183 rim
680 1118 790 1182 babent
812 1138 848 1183 ac
870 1128 1081 1182 transmutare.

686 1218 718 1279 ln
740 1220 897 1300 prooemio
920 1219 1053 1300 ejusdem
1077 1216 1222 1280 orationis
1243 1215 1281 1278 de
1305 1215 1417 1296 Spiritu
1440 1222 1544 1278 sancto
1567 1214 1692 1292 dicitur,
1721 1218 1774 1297 qui
1794 1235 1815 1277 a
1838 1225 1866 1279 te
1884 1236 1962 1297 pro-
2079 1201 2086 1212 ⁸

600 1318 680 1380 cedit
701 1326 731 1379 et
750 1336 771 1377 a
790 1319 853 1397 filio
875 1319 996 1396 accipit,
1019 1334 1097 1396 quac
1119 1316 1281 1377 communis
1304 1323 1351 1377 est
1367 1313 1530 1377 secundum
1543 1312 1700 1396 Evangelii
1721 1316 1825 1394 verba,
1850 1315 1963 1378 Orien-

597 1416 699 1478 talium
711 1415 887 1498 Theologia.
917 1415 1039 1478 Addunt
1055 1415 1212 1495 aliquando
1230 1422 1260 1476 et
1276 1433 1297 1475 a
1313 1416 1376 1492 filio
1390 1432 1468 1494 qaae
1489 1413 1532 1473 ad
1551 1417 1711 1476 essentiam
1732 1415 1797 1476 sive
1820 1414 1964 1475 substare-

600 1516 673 1577 aaa
690 1516 851 1595 pertineat,
870 1516 990 1594 accipit,
1010 1521 1042 1576 ut
1061 1514 1091 1575 in
1115 1512 1257 1594 biturgiis
1278 1512 1376 1593 Xysti,
1398 1520 1428 1575 et
1445 1511 1553 1594 Ignatii
1570 1511 1962 1575 Patrisrchaehntiocheni.

601 1612 675 1677 Cum
695 1631 772 1676 sero
795 1613 833 1675 de
854 1613 989 1677 hlamtae
1011 1612 1148 1695 Liturgia
1170 1621 1286 1695 agatur,
1309 1612 1522 1674 observatione
1545 1611 1666 1692 dignum
1689 1620 1746 1688 est,
1770 1611 1850 1692 quod
1872 1611 1904 1672 in
1926 1626 1963 1672 ea

600 1711 640 1774 de
660 1728 720 1792 qua
741 1730 812 1774 mox
834 1711 988 1775 dicebatur
1011 1710 1209 1775 confessione
1231 1711 1316 1789 lidei,
1340 1729 1417 1791 quae
1441 1710 1591 1773 Cononem
1614 1709 1649 1770 ll.
1672 1712 1827 1773 constituit
1850 1709 1964 1791 synodi

600 1810 886 1874 illiusSeleuciensis
904 1811 1099 1893 quadraginta
1111 1812 1329 1892 Episcoporum
1343 1812 1372 1871 in
1388 1827 1446 1891 qua
1460 1806 1591 1872 llarutas
1607 1810 1760 1889 praesedit
1777 1827 1843 1872 cum
1858 1808 1963 1872 lsaaco

601 1909 768 1987 Catholico,
792 1912 832 1971 ita
855 1910 892 1972 de
904 1911 1014 1990 Spiritu
1037 1917 1140 1973 sancto
1163 1909 1334 1989 loquuntur.
1359 1908 1539 1987 Cmtfitemar
1550 1908 1790 1986 anamSpirr‘trrm
1811 1912 1912 1971 oioam
1935 1915 1964 1969 et

602 2017 739 2072 sanctam
765 2009 967 2089 Paraclitam,
995 2012 1048 2090 qai
1071 2017 1118 2070 est
1139 2029 1178 2069 es
1199 2008 1293 2070 Patre
1316 2016 1344 2069 et
1365 2009 1457 2068 Filio:
1501 2005 1601 2087 Atque
1625 2006 1676 2068 illo
1699 2009 1870 2069 testimonio
1892 2007 1964 2069 nihil

601 2107 732 2170 sortasse
755 2115 802 2170 est
823 2110 853 2169 in
874 2108 1012 2170 Ecclesia
1040 2108 1115 2186 Syra
1145 2108 1310 2186 antiquius,
1340 2124 1406 2167 cum
1435 2104 1539 2167 Codex
1569 2105 1761 2169 Florentinus
1791 2109 1964 2187 antiquitate

602 2207 811 2288 septingentos
834 2206 871 2268 ad
894 2208 1041 2269 minimum
1064 2223 1158 2266 annos
1186 2211 1324 2285 superet:
1354 2212 1384 2264 et
1412 2204 1478 2283 ipsa
1509 2202 1687 2282 Confessio,
1717 2203 1964 2267 Nestorianorum

603 2314 635 2368 et
655 2306 857 2368 Jacobitarum
879 2305 1086 2368 schismatibus
1109 2306 1147 2366 sit
1169 2304 1261 2387 longe
1283 2304 1439 2366 vetustior.

1067 2584 1101 2652 5.
1144 2582 1257 2675 Repes
1280 2561 1505 2650 Christianos.

701 2772 739 2850 St
768 2785 833 2865 quis
857 2786 933 2846 hanc
956 2785 1137 2861 orationem,
1168 2784 1349 2863 antiquitatis
1376 2783 1453 2843 ultra
1475 2781 1689 2843 hluhamedana
1711 2790 1846 2863 tempora
1869 2804 1964 2867 argu-

603 2896 732 2951 mentum
755 2907 825 2950 esse
848 2889 935 2967 velit,
966 2906 1025 2950 non
1056 2888 1211 2949 admodum
1233 2885 1470 2968 repugnandum.
1516 2883 1575 2947 Sed
1597 2886 1627 2946 in
1650 2884 1754 2947 eadem
1778 2885 1963 2951 collectione

601 2988 715 3068 primus
744 2985 847 3049 Canon
878 2986 943 3048 talis
974 2995 1029 3048 est.
1074 2985 1196 3063 Oratio,
1227 2987 1400 3064 deprecatio
1428 2993 1457 3046 et
1485 2985 1663 3063 supplicatio
1691 2984 1837 3064 effantur
1860 3006 1964 3047 coram

602 3084 668 3147 Deo
685 3088 767 3160 pico,
790 3093 819 3147 et
839 3094 960 3161 sancto,
986 3105 1047 3165 pro
1069 3086 1189 3165 reqibas
1210 3091 1240 3145 et
1256 3083 1461 3164 principibus,
1492 3091 1525 3144 ut
1546 3084 1734 3161 tranquillam
1756 3091 1785 3145 et
1801 3086 1964 3162 pacificam

603 3186 697 3245 citam
725 3184 884 3265 decamus,
912 3186 943 3244 ia
971 3186 1053 3245 omni
1073 3186 1232 3244 sanctitate
1254 3192 1284 3244 et
1296 3184 1436 3262 justitia:
1465 3182 1579 3260 ipsique
1602 3184 1798 3260 oscitationes
1820 3184 1965 3261 superbas

604 3290 634 3343 et
654 3282 750 3344 duras
778 3281 983 3360 confoveant
1003 3290 1109 3342 contra
1129 3283 1269 3361 populum
1291 3283 1356 3343 Dei.
1400 3280 1465 3341 Hoc
1488 3279 1561 3340 loco>
1588 3279 1625 3340 de
1649 3278 1825 3342 Christianis
1848 3284 1963 3360 princi-

602 3381 690 3462 pibus
720 3399 888 3443 sermonem
911 3398 970 3441 non
993 3399 1061 3442 esse
1084 3380 1270 3442 manifestum
1294 3388 1349 3442 est.
1393 3377 1458 3440 Lex
1481 3378 1558 3440 enim
1580 3378 1629 3439 illa
1652 3379 1865 3440 Ecclesiastico
1888 3397 1964 3458 pro-

604 3478 734 3562 mulgata
752 3487 799 3541 est
814 3482 843 3541 in
858 3479 980 3560 Synodo
992 3479 1211 3558 Episcoporum
1222 3479 1363 3556 Persidis,
1388 3486 1573 3559 congregata
1596 3478 1626 3537 in
1648 3477 1723 3538 urbe
1745 3478 1850 3560 Regia,
1874 3479 1964 3540 totius

603 3579 691 3661 regni
713 3578 889 3659 Metropoli,
923 3577 977 3640 sub
1008 3578 1173 3660 isdegerde
1200 3578 1284 3660 llcgc
1314 3577 1437 3652 infideli,
1468 3577 1518 3657 qui
1545 3577 1576 3637 in
1598 3576 1719 3638 Persica
1741 3594 1794 3637 sua
1815 3576 1964 3657 religione

604 3675 693 3737 vixit:
719 3676 829 3757 quique
851 3676 921 3737 licet
933 3675 1107 3739 Christianis
1131 3677 1297 3738 libertatem
1321 3675 1447 3755 aliquam
1465 3675 1606 3755 precibus
1624 3682 1654 3736 ct
1667 3674 1816 3736 miraculis
1830 3675 1963 3738 hlarutae

603 3776 700 3836 victus
723 3776 924 3853 concesserit,
953 3794 1102 3855 nunquam
1125 3784 1223 3836 tamen
1246 3773 1365 3836 Christo
1390 3793 1497 3836 nomen
1520 3773 1615 3850 dedit,
1639 3773 1692 3834 sed
1716 3776 1745 3834 iu
1767 3775 1884 3855 Magios
1908 3794 1963 3837 su-

602 3874 780 3954 perstitione
803 3873 900 3953 periit.
945 3873 1042 3954 Sapor
1064 3876 1128 3954 ojus
1152 3874 1288 3953 poterin
1313 3871 1496 3934 Christianos
1521 3872 1725 3933 crudelissime
1748 3874 1909 3951 saevierat,
1933 3881 1965 3936 et

602 3971 694 4033 multa
717 3970 805 4033 millia
828 3972 990 4052 Martyrum
1012 3972 1103 4034 variis
1127 3971 1281 4052 suppliciis
1305 3977 1519 4032 consumserat.
1552 3969 1625 4032 Cum
1648 3972 1738 4051 igitur
1753 3972 1868 4033 Matuta
1891 3990 1965 4034 sen-

602 4072 715 4132 tentiae
737 4071 872 4150 principe
896 4079 1037 4132 statutum
1060 4071 1158 4148 luerit,
1183 4078 1214 4131 ut
1237 4088 1293 4149 pro
1316 4069 1448 4152 Regibus
1472 4077 1502 4130 et
1525 4071 1707 4149 principibus
1731 4073 1964 4150 qualescumque

603 4170 712 4241 forent,
736 4171 824 4229 etiam
845 4169 1012 4231 infidelibus
1036 4179 1066 4232 et
1088 4168 1333 4250 persecutoribus
1358 4176 1507 4245 oraretur,
1530 4168 1622 4230 verba
1646 4168 1724 4230 illius
1747 4172 1891 4232 orationis
1913 4171 1965 4230 in-

560 4258 571 4281 ’
603 4266 768 4351 telligenda
795 4276 864 4329 sunt
892 4269 929 4330 de
952 4276 1031 4330 statu
1052 4269 1208 4331 Ecclesiae
1232 4269 1287 4330 sub
1312 4267 1486 4330 Christianis
1510 4263 1708 4346 principibus,
1740 4287 1816 4349 quae
1845 4288 1884 4331 ex
1906 4287 1964 4330 ve-

603 4366 660 4428 teri
683 4384 739 4428 usu
762 4368 792 4428 in
813 4367 954 4448 Liturgiis
977 4376 1097 4429 servata
1120 4376 1203 4443 sunt;
1234 4386 1293 4448 npn
1324 4365 1404 4445 quod
1433 4366 1548 4427 Maruta
1578 4373 1628 4427 aut
1655 4366 1704 4427 alii
1726 4366 1881 4430 docuerint
1904 4385 1965 4429 non

540 4505 542 4508 .
604 4465 747 4527 orandum
777 4484 831 4545 pro
861 4465 1050 4544 Inlidelibus,
1082 4485 1147 4527 cum
1175 4469 1261 4528 etiam
1292 4485 1348 4547 pro
1378 4464 1622 4544 persecutoribus
1653 4464 1812 4528 Christiani
1847 4483 1967 4545 semper

604 4565 766 4628 oraverint.

978 4824 1012 4895 6.
1048 4823 1190 4893 Patrem
1218 4823 1501 4911 orthodoxorum,
1530 4830 1593 4893 ete.

699 5016 885 5101 Anrromom
906 5027 1057 5110 Liturgiae
1079 5034 1111 5088 ut
1132 5027 1266 5088 hlarutae
1290 5032 1388 5099 esset,
1418 5026 1443 5086 si
1466 5025 1503 5087 ab
1526 5026 1632 5087 eodem
1657 5027 1850 5106 compositam
1872 5022 1966 5088 luisse

605 5139 772 5207 constaret,
796 5131 883 5211 adjici
907 5131 1041 5211 potuisse
1065 5130 1183 5190 nomina
1207 5128 1332 5190 aliorum
1354 5129 1404 5208 qui
1427 5130 1524 5191 serius
1546 5130 1696 5208 vixerunt,
1719 5130 1846 5209 probant
1868 5129 1966 5192 Grae-

605 5247 707 5291 carum
730 5237 760 5291 et
784 5229 905 5291 aliarum
928 5230 1129 5312 Liturgiarnm
1152 5228 1288 5308 exempla
1319 5227 1426 5307 multa,
1456 5235 1488 5289 ut
1517 5228 1585 5290 alibi
1614 5227 1721 5291 iusius'
1736 5229 1964 5311 explicavimus,

604 5328 672 5391 dum
695 5330 866 5392 inanitatem
890 5328 1016 5393 Critices
1039 5330 1137 5391 Riveti
1161 5329 1447 5425 demonstravimus,
1476 5328 1527 5408 qui
1556 5348 1596 5391 ex
1625 5329 1770 5410 ejusmodi
1798 5330 1965 5394 nominibus
