5150 6534
595 835 675 909 264
1105 831 1467 911 blTlllttilA

593 1025 757 1118 ptionem:
784 1043 908 1118 cerpus
934 1026 1036 1094 vitam
1063 1041 1286 1117 praeparans:
1314 1040 1437 1115 corpus
1463 1020 1567 1114 ipsius
1581 963 1688 1090 Verbi
1705 1011 1971 1089 Deietflalva-

592 1141 675 1211 toris
688 1138 889 1213 nostriJesu
903 1136 1037 1224 Christi,
1065 1134 1108 1208 ad
1127 1138 1359 1208 remissionem
1377 1143 1605 1230 peecatorum,
1631 1135 1782 1205 etuitam
1796 1139 1971 1205 adanam
2093 1179 2097 1188 ·

594 1253 849 1347 suscipientibus
877 1251 968 1324 illud.

701 1367 863 1461 Populus.
916 1369 1036 1440 Amen.
1105 1430 1108 1435 .

699 1483 883 1555 Sacerdos.
935 1481 979 1556 Et
1004 1484 1118 1553 vinum
1143 1484 1291 1568 mistum,
1326 1480 1415 1576 quod
1441 1491 1494 1552 est
1527 1484 1560 1552 in
1592 1480 1658 1552 hoc
1690 1479 1811 1567 calice,
1849 1487 1970 1552 ham-

594 1609 709 1687 mutet,
736 1609 771 1670 et
794 1598 944 1694 perficiat
959 1601 1155 1688 sanguinem
1181 1600 1290 1692 ipsum
1303 1601 1359 1692 qui
1385 1594 1508 1669 effusus
1535 1607 1589 1671 est
1611 1619 1674 1693 pro
1700 1596 1799 1669 nobis
1824 1598 1859 1667 in
1878 1617 1969 1668 ver·

594 1718 660 1787 tice
687 1712 892 1807 Golgotbac:
920 1716 1115 1806 sanguinem
1130 1716 1237 1807 ipsum
1253 1716 1310 1808 qui
1322 1711 1460 1785 stillavit
1472 1734 1573 1808 snper
1586 1721 1720 1800 maram,
1746 1722 1781 1785 et
1796 1709 1971 1785 mundavit

593 1828 683 1900 illam
711 1851 731 1899 a
757 1839 917 1923 peccato:
944 1832 1139 1921 sangmnem
1173 1831 1263 1899 vitae
1297 1832 1601 1924 praeparatorium:
1634 1831 1831 1920 sanguinem
1861 1830 1971 1925 ipsius

596 1944 748 2031 Domini,
775 1943 880 2015 Verbi
907 1944 971 2015 Dei
997 1954 1031 2014 et
1057 1942 1246 2017 Salvatoris
1272 1944 1354 2016 lesu
1382 1941 1525 2031 Christi,
1552 1942 1594 2014 ad
1620 1946 1852 2047 remissionum
1877 1954 1971 2040 pe'a-

595 2070 764 2147 catorum,
792 2071 826 2131 et
851 2063 955 2132 vitam
983 2068 1155 2131 aeternam
1182 2060 1440 2155 suscipientibus
1467 2058 1566 2131 illum.
1642 2043 1653 2077 '¹
1711 2065 1715 2072 '

698 2175 860 2268 Populus.
912 2176 1032 2247 Amen.

700 2290 885 2362 Sacerdos.
938 2290 983 2361 Ut
1009 2312 1127 2362 omnes
1153 2293 1207 2384 qui
1233 2288 1298 2361 illis
1325 2288 1611 2361 communicabunt
1636 2293 1770 2362 veniam
1804 2295 1974 2388 accipiant

596 2405 790 2479 delictorum
817 2429 968 2479 suorum:
996 2410 1211 2478 remittantur
1225 2405 1290 2476 illis
1317 2427 1403 2499 quae
1429 2402 1623 2499 insipienter
1655 2417 1814 2496 egerunt:
1846 2406 1971 2502 infirmi

596 2526 681 2594 inter
708 2544 787 2606 eos,
814 2524 989 2592 sanitatem
1015 2524 1194 2616 recipiant:
1222 2530 1421 2616 peccatores
1448 2542 1509 2614 per
1533 2517 1590 2589 illa
1619 2520 1857 2612 iustificantur,
1887 2524 1972 2614 justi

595 2660 657 2732 per
683 2635 801 2708 eadem
828 2636 1044 2730 triumphent,
1071 2635 1196 2730 tibique
1229 2634 1373 2706 Domine
1407 2644 1441 2706 et
1470 2634 1564 2707 Deus
1590 2646 1706 2709 noster
1740 2633 1883 2728 glorim
1910 2642 1973 2708 in-

596 2752 785 2823 desinenter
812 2750 978 2840 referant,
1006 2761 1040 2821 et
1070 2749 1156 2821 Filio
1188 2760 1245 2821 tuo
1277 2751 1470 2841 unigenito,
1505 2759 1539 2821 et
1569 2736 1704 2846 Spiritui
1730 2761 1786 2825 tna
1817 2756 1903 2827 mvn
1936 2763 1975 2827 et

597 2877 732 2957 sancto,
760 2866 884 2961 tibique
911 2865 1200 2952 consubstantiali,
1227 2887 1314 2937 nunc
1341 2875 1404 2936 etc.
1946 2871 1948 2874 ’

700 2982 888 3053 Diaconos.
942 2980 1095 3053 Oremus.

700 3098 876 3170 Sacerdos
911 3097 1102 3167 inclinatam.
1158 3097 1300 3169 Oramus
1328 3106 1378 3181 te,
1411 3098 1467 3189 qui
1501 3096 1596 3169 dives
1628 3118 1667 3168 es
1698 3100 1732 3167 iu
1763 3098 1974 3191 muneribus,

597 3227 631 3287 ct
657 3213 932 3310 supplicationem
958 3211 1126 3284 oderimus
1152 3210 1229 3300 tibi,
1254 3232 1317 3306 pro
1343 3210 1500 3283 Ecclesia
1527 3222 1583 3284 tua
1607 3210 1791 3303 Catholica,
1818 3217 1852 3285 iu
1879 3237 1974 3309 qua-

598 3338 739 3423 cumque
765 3334 925 3421 regione,
952 3339 988 3400 ut
1013 3336 1234 3401 conservetur
1263 3324 1391 3419 absque
1407 3327 1474 3399 ulla
1493 3332 1690 3420 agitatione:
1717 3340 1752 3401 et
1769 3341 1976 3425 proposta-

596 3446 688 3517 ribus
716 3454 750 3514 et
775 3443 984 3539 praesulibus
1011 3448 1102 3535 ejus,
1130 3453 1167 3514 ut
1190 3445 1295 3513 vitam
1321 3442 1563 3515 sacerdotalem
1590 3447 1725 3515 vivant:
1755 3441 1975 3540 reprimeque

598 3562 640 3633 ab
680 3560 743 3631 illis
778 3557 933 3631 invidiam
977 3558 1123 3650 maligni.
1182 3557 1367 3652 Praecipue
1406 3580 1491 3629 vere
1529 3581 1592 3655 pro
1626 3557 1818 3631 Patriarcba
1852 3574 1975 3634 nosue

598 3676 740 3746 Domino
776 3673 818 3745 N.
851 3684 885 3745 at
915 3674 1087 3771 Episcopo
1127 3682 1244 3745 nostre
1275 3673 1424 3745 Domino
1458 3674 1498 3745 N.
1535 3697 1610 3746 cum
1644 3675 1779 3768 reliquis
1815 3677 1975 3750 omnibus

496 3820 497 3824 ¹
597 3789 776 3885 Episcopis
804 3789 1023 3878 Ortbodaxis,
1052 3799 1086 3859 et
1112 3788 1261 3860 concede
1288 3787 1363 3877 illis,
1390 3799 1425 3861 ut
1441 3788 1590 3861 moribus
1611 3800 1799 3862 sanctorum
1812 3790 1977 3888 Aposto-

599 3907 723 3992 lorum,
750 3904 917 4000 inculpate
943 3908 1068 3976 vivam.

703 4020 854 4091 Eteonos
879 4043 1003 4091 aecem.
1058 4020 1179 4092 Pastor
1203 4018 1294 4092 bone
1321 4032 1355 4123 et
1375 4041 1471 4110 vere,
1498 4024 1680 4115 gregisque
1693 4022 1850 4112 Domine,
1876 4022 1979 4097 Pon-

600 4136 685 4207 tifex
718 4158 859 4226 magne,
882 4135 1071 4229 wlegumque
1107 4134 1290 4207 divinarum
1322 4136 1429 4225 lator,
1461 4159 1628 4230 conserva
1662 4135 1851 4209 Ecclesiam
1885 4151 1979 4212 tuam

602 4250 826 4337 Catholicam,
870 4272 957 4344 quae
991 4273 1091 4345 super
1131 4273 1254 4323 nomen
1292 4260 1381 4323 tuum
1416 4251 1589 4323 aedificata
1622 4264 1689 4325 est:
1724 4252 1818 4324 auter
1854 4254 1896 4326 ab
1935 4280 1983 4330 aa

495 4441 498 4446 ,
601 4364 778 4437 schismata
806 4375 839 4435 et
865 4366 1063 4453 divisiones,
1091 4366 1190 4462 imple
1216 4367 1449 4460 tranquillitate
1476 4378 1531 4438 tua
1548 4376 1664 4440 coetus
1686 4373 1770 4460 ejus,
1798 4368 1841 4439 da
1856 4392 1981 4465 pacem

601 4492 690 4551 tuam
716 4484 749 4550 in
784 4479 954 4552 ordinibus
990 4483 1077 4572 ejus:
1108 4481 1309 4577 triumphare
1340 4482 1395 4553 iac
1429 4498 1492 4577 per
1526 4482 1709 4554 doctrinam
1741 4482 1982 4578 Apostolieam

601 4594 775 4689 praesules
803 4598 895 4684 ejuS,
923 4607 957 4665 et
983 4596 1151 4687 longaeva
1180 4606 1369 4684 senectute,
1396 4596 1611 4691 moribusque
1645 4598 1840 4693 inculpatis,
1874 4612 1983 4697 aqna

601 4709 880 4797 mansuetudine,
907 4714 1069 4783 antistites
1097 4716 1169 4804 ejus
1196 4732 1336 4783 exorna.
1391 4710 1593 4785 Sacerdotes
1629 4717 1685 4807 qui
1717 4716 1751 4783 in
1782 4712 1839 4785 illa
1871 4721 1983 4788 mini-

602 4833 707 4895 strant
733 4823 786 4895 lac
814 4823 987 4897 honestate
1013 4830 1104 4897 vitae
1131 4832 1348 4923 conspicuos:
1376 4827 1536 4901 Diaconis
1564 4832 1620 4922 qui
1654 4828 1767 4901 altaris
1800 4832 1874 4922 ejus
1908 4837 1984 4905 mi-

601 4941 739 5010 nisterio
767 4940 889 5011 addicti
915 4952 990 5012 sunt
1017 4942 1166 5012 concede
1192 4922 1331 5014 inbono
1351 4940 1549 5032 firmitatem,
1577 4944 1850 5039 spiritualemque
1877 4955 1984 5019 han-

602 5053 793 5147 quillitatem
819 5058 1000 5127 universae
1027 5060 1280 5148 congregationi
1315 5057 1458 5129 bdelium
1495 5062 1549 5152 qui
1583 5060 1645 5132 sub
1679 5065 1752 5154 eJ'us
1787 5066 1985 5156 patrocinio

602 5177 695 5239 sunt:
723 5173 799 5262 quia
832 5180 866 5241 tu
898 5169 1007 5242 bonus
1042 5192 1098 5258 es,
1131 5170 1254 5266 tibique
1290 5173 1448 5265 gloriam,
1483 5184 1516 5245 ct
1549 5174 1682 5248 laudem
1717 5175 1911 5267 offerimus,
1948 5190 1987 5251 et

600 5287 771 5376 unigenito
797 5285 883 5358 Filio
910 5298 988 5377 tuo,
1016 5295 1050 5357 et
1074 5286 1211 5383 Spiritui
1237 5297 1305 5361 tuo.
