5150 6534
611 827 687 910 soa
1086 826 1471 907 „struncon
1575 782 1615 901 ſs

607 1015 734 1089 ebrum
761 1024 794 1087 et
818 1014 1047 1087 bmedictam:
1074 1013 1236 1109 simulque
1261 1015 1396 1087 Domini
1421 1015 1528 1088 nostri
1551 1010 1636 1085 lesu
1652 1008 1776 1085 (bristi
1799 1008 1847 1083 et
1860 1005 1978 1106 Spiri-

609 1144 662 1205 tus
688 1134 733 1204 tui
759 1133 875 1204 sancti
1089 1128 1251 1223 Populos.
1277 1131 1380 1202 Sicut

502 1227 536 1258 ⁸
712 1246 898 1319 Sacerdos.
924 1245 1007 1319 Pax.
1150 1244 1313 1339 Populos.
1339 1243 1482 1317 Etcum
1508 1247 1626 1341 spiritu
1646 1253 1717 1319 tao.
1801 1311 1803 1316 ,
1861 1298 1863 1301 -

713 1363 897 1435 Sacerdos.
923 1360 1223 1446 Misericordiae.⁸
1654 1407 1658 1413 .
1740 1402 1743 1409 ‚
1862 1408 1866 1423 .

713 1477 889 1550 Sacerdos
910 1481 1044 1571 fronpr't
1069 1477 1215 1549 bostiam
1241 1482 1276 1547 et
1301 1479 1424 1570 sipont.

713 1593 900 1667 Diaconos.
926 1593 1050 1667 lterum
1076 1604 1175 1688 atque
1202 1596 1330 1665 iterum

843 1798 1019 1872 Sacerdos
1045 1800 1130 1870 dicit
1157 1799 1353 1871 Orationem
1380 1806 1461 1871 onte
1484 1798 1587 1872 Pater
1611 1787 1759 1900 ntooter.=

715 1988 767 2059 'l'n
794 1992 849 2083 qut
876 1991 1045 2061 orationes
1072 1990 1234 2084 suscipis,
1261 1997 1295 2059 et
1320 1987 1503 2084 respondes
1528 1985 1758 2084 petitionibus,
1783 1983 1877 2059 osus
1901 1984 1982 2058 l'a—¹

613 2113 679 2174 ter:
707 2106 761 2198 qui
785 2124 849 2199 per
873 2104 991 2176 Filium
1016 2115 1105 2176 tuum
1133 2103 1287 2175 dilectum
1313 2104 1454 2177 docuisti
1478 2125 1562 2190 uos,
1593 2112 1630 2175 ot
1651 2118 1769 2175 ‘coram
1794 2112 1830 2174 te
1860 2109 1984 2176 'tutatr-v

611 2240 703 2305 mus,
730 2227 764 2290 et
790 2240 865 2291 cnm
890 2223 1033 2315 punitate
1059 2231 1093 2292 et
1119 2222 1296 2292 sanctitate
1317 2229 1352 2291 te
1378 2241 1559 2294 oraremus.
1612 2219 1683 2307 Τιι,
1709 2219 1852 2292 Domine
1866 2218 1983 2305 llons,

613 2333 887 2424 ooncedenobis,
912 2346 949 2407 ιιι
966 2358 1041 2407 cum
1059 2339 1202 2431 puritate
1215 2339 1357 2422 animae,
1383 2338 1500 2408 mentis
1513 2335 1733 2422 abstersione,
1760 2347 1794 2407 ot
1813 2335 1984 2406 ωειίιιιο-

614 2454 681 2538 nia,
709 2450 889 2523 clamemus
905 2450 949 2523 od
964 2461 1009 2539 te,
1037 2472 1170 2523 oremus
1197 2461 1231 2523 et
1257 2451 1421 2524 dicamus:
1447 2454 1548 2525 Pater
1558 2460 1675 2524 noster
1685 2454 1741 2546 qui
1758 2472 1797 2522 es
1813 2452 1848 2521 in
1863 2449 1983 2521 coelia

719 2565 879 2658 Populos.
906 2566 1147 2639 Sanctificetur.
1721 2576 1724 2583 “
1975 2588 1981 2601 ·

718 2680 903 2754 Sacerdos.
939 2683 1062 2771 Salva,
1093 2683 1235 2755 Domina
1276 2685 1389 2772 Deus,
1424 2686 1551 2755 animas
1583 2702 1758 2755 servorum
1794 2689 1926 2753 tuorum
1961 2703 1984 2752 a

615 2795 847 2869 tentadonibus
874 2803 1023 2894 asperis,
1051 2809 1085 2870 et
1111 2799 1152 2871 ab
1181 2803 1269 2870 omni
1291 2799 1532 2873 machinatione
1544 2798 1764 2902 Daemonum,
1789 2794 1984 2869 bominum-

617 2934 682 3007 que
716 2912 960 3008 improborum,
993 2923 1027 2986 et
1061 2914 1333 3010 implacabilium,
1367 2918 1443 3010 quia
1476 2927 1511 2988 tu
1541 2923 1661 3010 potens
1684 2897 1916 2987 omnium'es:
1949 2918 1987 2982 et

614 3029 674 3101 tibi
699 3027 841 3120 gloriam
867 3028 1062 3119 referimus,
1090 3042 1152 3102 etc.

589 3136 591 3140 ’
717 3145 877 3239 Popnlas.
903 3147 1024 3218 Amen.

719 3259 905 3333 Sacerdos.
931 3260 1017 3334 Pax.

718 3376 879 3470 Papulas.
906 3376 950 3449 Et
976 3400 1050 3449 cum
1077 3380 1194 3474 spiritu
1220 3386 1287 3450 tuo.

719 3491 906 3595 Diaconos.
932 3491 1090 3564 Inclinato
1116 3498 1225 3588 capita
1250 3505 1375 3567 vestra.
1574 3565 1577 3571 .

719 3606 903 3679 Sacerdos.
930 3606 973 3679 Et
998 3608 1061 3679 illis
1088 3612 1143 3704 qni
1170 3632 1284 3683 coram
1310 3621 1344 3682 te
1369 3611 1514 3682 mutuati
1547 3620 1641 3699 sunt,
1675 3613 1835 3700 Domine,
1868 3612 1988 3687 beno-

616 3722 669 3793 dic
693 3726 911 3818 pergratiam
936 3731 1036 3810 mam,
1063 3734 1097 3795 at
1122 3729 1354 3797 miserationes
1380 3738 1454 3798 tuas
1468 3727 1598 3816 ιιιιιΙιιιε,
1624 3736 1659 3799 at
1676 3726 1738 3816 fac¹
1757 3726 1833 3801 illos
1857 3719 1988 3824 dignos

616 3842 785 3933 mysteriis
812 3842 874 3911 tuis
900 3838 1162 3929 vivificantibus,
1189 3851 1223 3912 et
1248 3845 1499 3937 participatione
1525 3846 1694 3915 societatis
1726 3865 1801 3916 cum
1828 3860 1988 3943 congre-

618 3957 754 4046 gatione
781 3964 978 4028 sanctorum*
995 3967 1145 4046 tuorum,
1173 3967 1208 4027 ut
1232 3958 1381 4029 referant
1407 3959 1464 4032 tibi
1490 3959 1642 4047 laudem,
1669 3968 1732 4033 etc.
1972 3950 1974 3957 ἶ

720 4069 903 4143 Sacerdos.
929 4071 1004 4143 Pax
1030 4071 1130 4144 vobis
1158 4073 1320 4145 omnibus

722 4186 882 4280 Populos.
909 4186 1053 4259 Etcum
1079 4190 1194 4283 spiritu
1221 4198 1287 4261 tuo.
1421 4222 1425 4229 ·

722 4302 905 4374 Sacerdos.
934 4304 994 4377 Sit.

722 4417 908 4490 Diaconos.
936 4419 1068 4491 Stemus
1096 4419 1262 4492 decenter.

724 4532 900 4604 Sacerdos
925 4534 1062 4605 elevans
1086 4540 1247 4628 mysteria
1273 4537 1366 4607 dicit.
1418 4537 1541 4611 Sancta
1569 4542 1701 4611 sanctis.

723 4648 884 4742 Popolns.
911 4648 1003 4721 Unus
1030 4650 1131 4722 Pater
1158 4659 1312 4739 sanctus,
1341 4664 1402 4723 etc.

843 4857 1018 4927 Sacerdos
1043 4857 1129 4928 dicit
1155 4858 1352 4929 Orationem
1375 4869 1455 4954 past
1481 4862 1757 4933 Commonianem.

727 5043 813 5130 Quid
839 5045 1057 5127 retribuemus
1083 5045 1221 5118 bonitati
1239 5057 1344 5141 ptrue,
1371 5049 1463 5122 Deus
1491 5063 1606 5126 nasta
1631 5051 1797 5144 benigne,
1832 5071 1896 5146 pro
1924 5010 1994 5125 ιιι-ζ
2097 5079 2101 5080 ’

622 5158 688 5229 luta
716 5162 780 5230 ista
807 5183 905 5254 quam
941 5161 1058 5233 dedisti
1093 5161 1218 5233 nobis?
1253 5163 1401 5236 Gloriam
1434 5166 1577 5240 debitam
1613 5168 1735 5241 ollerre
1770 5168 1844 5263 quis
1881 5171 1996 5265 possit

624 5279 722 5347 etiam
748 5275 970 5373 Mperlecte?
997 5277 1161 5363 Quantum
1187 5279 1287 5371 igitur
1312 5281 1474 5374 possibile
1500 5296 1564 5375 est,
1590 5284 1787 5376 adoramus,
1813 5282 1994 5377 glorifica-
