5150 6534
781 823 1180 904 embaeneticam
1211 821 1381 901 lll'lSCOPl
1412 823 1694 917 BOTllblllillSlS,
1722 838 1773 899 uc.
1897 820 1972 896 357

602 1039 665 1090 sua
691 1036 804 1088 coram
831 1018 1004 1105 majestate
1032 1023 1105 1099 tua,
1133 1020 1166 1082 et
1192 1014 1303 1083 emitte
1330 1010 1502 1082 dexteram
1538 1022 1627 1082 tuam
1662 1012 1792 1105 plenam
1824 1012 1971 1082 misera-

601 1130 765 1220 tionibus,
793 1151 895 1224 super
920 1137 1051 1202 coetum
1077 1127 1162 1198 hunc
1188 1126 1394 1198 adorantium
1427 1136 1469 1197 te.
1528 1124 1622 1196 lllitte
1650 1126 1692 1197 ad
1726 1148 1786 1198 eos
1814 1148 1860 1197 ex
1886 1127 1972 1198 sub-

602 1247 671 1319 limi
713 1249 900 1317 sanctuario
941 1256 997 1316 tuo
1041 1242 1275 1315 abundantiam
1308 1242 1594 1328 benedictionum,
1633 1240 1756 1312 lentem
1797 1240 1973 1331 bonorum,

603 1365 838 1453 scaturiginem
866 1364 1064 1447 sanctitatiS,
1090 1362 1242 1453 puritatis
1269 1368 1303 1429 et
1329 1361 1489 1430 eastitatis
1515 1360 1609 1428 rivos
1636 1379 1813 1451 perennes,
1840 1357 1895 1429 lac
1910 1380 1971 1429 eos

602 1478 690 1552 lilios
717 1487 750 1548 et
775 1474 938 1547 haeredes
965 1478 997 1546 in
1023 1496 1130 1567 regno
1158 1484 1213 1546 tuo
1242 1474 1398 1562 coelesti,
1425 1496 1486 1568 per
1513 1495 1631 1568 pacem
1665 1472 1749 1544 hanc
1786 1496 1883 1566 quam
1914 1484 1970 1545 tuo

603 1592 769 1665 beneficio
796 1595 967 1687 suscipere
994 1616 1013 1661 a
1041 1601 1073 1662 te
1098 1594 1295 1679 meruimus;
1322 1601 1356 1661 et
1381 1589 1565 1661 referemus
1593 1588 1651 1659 tibi
1675 1573 1822 1679 gloriam'
1839 1588 1972 1660 etlan-

605 1708 680 1782 dcm
707 1708 866 1803 simulque
892 1710 1061 1799 unigenito
1088 1706 1173 1779 Filio
1201 1717 1277 1794 tuo,
1303 1715 1337 1776 et
1363 1706 1498 1801 Spiritui
1526 1716 1580 1776 tuo
1609 1714 1736 1775 sancto.

709 1823 871 1917 Populus.
923 1824 1042 1897 Amen.
1515 1835 1517 1841 '

709 1938 892 2011 Sacerdos.
945 1937 1038 2009 Deus
1066 1959 1186 2029 magne
1219 1947 1253 2008 et
1285 1947 1441 2024 aeterne,
1478 1958 1640 2032 superne,
1674 1936 1828 2023 excelse,
1864 1939 1971 2008 mira-

603 2054 680 2129 bilis
707 2064 741 2126 et
765 2052 981 2141 abscondite,
1009 2057 1062 2146 qui
1088 2052 1172 2126 facis
1199 2052 1458 2125 misericerdiam
1485 2056 1519 2123 in
1544 2052 1643 2122 millia
1671 2062 1705 2122 et
1731 2052 1847 2124 decem
1871 2051 1971 2124 milba

603 2193 721 2245 eorum
748 2171 802 2263 qui
830 2174 942 2256 timent
969 2181 1018 2257 te,
1046 2180 1079 2240 et
1105 2168 1288 2241 observant
1315 2179 1493 2263 praecepta
1522 2179 1590 2239 tua:
1619 2172 1673 2262 qui
1693 2169 1851 2240 revelasti
1873 2167 1971 2240 nobis

603 2309 668 2383 per
695 2284 870 2378 adventum
896 2288 1055 2377 unigeniti
1081 2285 1155 2356 Filii
1183 2290 1227 2356 tui
1254 2287 1387 2357 Domini
1414 2289 1519 2357 nestri
1545 2286 1627 2357 lesu
1663 2287 1802 2373 Christi,
1835 2297 1971 2380 myste-

602 2405 689 2474 rium
716 2401 804 2496 quod
831 2401 1059 2474 absconditum
1084 2401 1194 2473 luerat
1220 2425 1239 2473 a
1268 2400 1411 2473 saeculis
1438 2412 1472 2471 et
1503 2403 1789 2492 generationibus:
1822 2405 1971 2497 praesti-

603 2520 739 2612 tistique
772 2524 809 2586 ut
841 2538 992 2589 essemus
1026 2517 1243 2604 mediatores,
1280 2526 1314 2588 et
1350 2520 1488 2588 ministri
1524 2527 1807 2589 sacramentorum
1842 2530 1971 2589 tuormn
2017 2564 2027 2575 -

552 2648 560 2654 ’
603 2631 871 2707 venerandorum
899 2643 933 2703 et
959 2632 1168 2704 coelestium:
1196 2656 1239 2702 ne
1266 2636 1410 2729 aspicias
1437 2633 1596 2704 viIitatem
1622 2644 1781 2720 nostram,
1810 2636 1885 2727 quia
1912 2636 1970 2703 in-

606 2750 697 2843 digni
723 2770 835 2821 sumus
862 2748 1043 2820 accedendi
1069 2760 1103 2820 et
1128 2753 1308 2844 participes
1335 2751 1405 2820 lieri
1433 2771 1602 2820 munerum
1619 2759 1747 2821 tuorum
1768 2748 1970 2836 divinorum,

605 2865 668 2941 scd
692 2886 754 2961 per
780 2866 921 2956 gratiam
947 2875 1035 2935 tuam
1063 2875 1096 2936 et
1123 2889 1272 2937 amorem
1299 2875 1387 2936 tuum
1415 2887 1497 2956 erga
1524 2864 1689 2953 homines,
1722 2869 1822 2937 visita
1848 2889 1911 2938 nos
1937 2868 1969 2937 in

602 2980 829 3056 misericordia
858 2991 891 3052 et
916 2983 1148 3069 miseratione,
1176 2992 1209 3053 et
1234 2980 1340 3052 bbera
1367 3002 1429 3053 nos
1459 2981 1500 3053 ab
1535 2985 1622 3052 omni
1657 2981 1731 3053 dolo
1769 2990 1803 3052 et
1834 2980 1970 3054 invidia.

601 3095 746 3190 Largire
772 3098 869 3170 nobis
896 3098 1052 3193 Spiritum
1079 3097 1167 3167 illmn
1202 3107 1291 3169 tuum
1323 3107 1487 3184 sanetum,
1529 3097 1684 3192 Spiritum
1718 3101 1900 3191 sapientiae
1937 3106 1971 3168 et

601 3213 814 3311 prudentiae3
841 3213 998 3309 Spiritum
1024 3215 1184 3285 scientiae
1211 3223 1244 3284 et
1269 3211 1480 3302 fortitudinis
1507 3213 1664 3307 Spiritum
1691 3215 1907 3284 castimoniae
1937 3224 1970 3285 et

602 3330 805 3417 sanctitatiS,
833 3329 988 3424 Spiritum
1015 3332 1158 3416 timoris,
1186 3338 1220 3399 et
1244 3324 1355 3400 bonae
1381 3328 1581 3417 voluntatis,
1607 3338 1643 3399 ut
1668 3331 1863 3424 aspersione
1879 3328 1968 3423 bys-

602 3449 680 3544 sopi
707 3447 750 3517 tui
777 3443 941 3534 mundati,
968 3455 1001 3515 et
1027 3442 1187 3532 abstersi,
1213 3468 1400 3516 mereamur
1427 3444 1529 3516 corde
1555 3468 1639 3540 puro
1667 3456 1756 3517 stare
1791 3468 1903 3517 coram
1936 3456 1969 3516 te

602 3572 638 3634 et
662 3563 848 3633 ministrare
876 3558 952 3648 tibi,
979 3559 1220 3655 olleramusque
1247 3561 1304 3632 tibi
1331 3559 1529 3633 sacrificium
1555 3561 1619 3633 boc
1646 3562 1822 3633 timendum
1849 3572 1884 3633 et
1911 3565 1968 3631 in-

601 3686 783 3763 cruentum,
811 3677 854 3747 ad
881 3676 1147 3771 consequendam
1173 3681 1306 3748 veniam
1335 3677 1528 3750 delictorum
1554 3687 1755 3766 nostrorum,
1786 3689 1819 3750 et
1843 3681 1969 3750 remis-

601 3794 731 3866 sionem
767 3801 981 3887 peccatorum
1022 3801 1228 3864 nostrorum:
1270 3793 1312 3864 ad
1346 3797 1538 3866 memoriam
1576 3794 1820 3882 defunctorum,
1855 3803 1891 3865 et
1927 3794 1968 3866 ad

600 3906 743 4001 gloriam
782 3920 870 3980 tuam
903 3909 995 3979 Deus
1029 3909 1150 3995 Pater,
1189 3918 1222 3978 et
1254 3911 1413 4000 unigeniti
1439 3910 1535 3999 Filii,
1562 3920 1594 3982 et
1627 3911 1768 4005 Spiritus
1805 3912 1850 3981 tui
1882 3932 1967 3983 san-

601 4025 750 4098 ctissimi.

705 4139 892 4210 Diaconos.
946 4138 1079 4210 Stemus
1108 4137 1274 4209 decenter.

705 4254 887 4325 Sacerdos.
943 4251 1073 4325 Caritas
1100 4256 1163 4325 Dei
1190 4254 1309 4326 Patris.

705 4370 888 4442 Sacerdos.
942 4370 1081 4441 Sursum
1108 4369 1220 4441 eorda.

707 4486 866 4579 Populus.
920 4486 1089 4558 Habemus
1117 4486 1159 4556 ad
1186 4488 1373 4558 Dominum.

705 4602 888 4674 Sacerdos.
943 4603 1073 4674 Gratias
1102 4625 1240 4693 agamus
1268 4604 1422 4675 Domino.

705 4718 865 4811 Populus.
918 4720 1061 4809 Dignum
1090 4729 1123 4788 et
1145 4722 1268 4810 justum
1297 4727 1357 4789 est.

704 4831 879 4904 Sacerdos
904 4835 1095 4904 inclinatus.
1148 4834 1203 4907 Ad
1232 4846 1263 4905 te
1290 4836 1382 4905 Deus
1410 4836 1553 4904 omnium
1580 4835 1738 4924 Domine,
1765 4835 1908 4907 timenda
1931 4846 1964 4906 et

600 4946 783 5035 laudande,
813 4959 845 5020 et
871 4950 1000 5022 iaciens
1028 4949 1206 5035 mirabilia,
1240 4951 1341 5021 Pater
1367 4952 1457 5021 vitae
1491 4959 1524 5020 et
1549 4949 1627 5022 Rex
1662 4954 1803 5024 omnium
1838 4975 1964 5025 saecu-

599 5062 725 5135 lorum:
754 5065 883 5137 occulte
911 5089 974 5136 nee
1000 5066 1251 5157 investigabilis,
1280 5066 1417 5139 excelse
1432 5090 1494 5138 nec
1509 5067 1831 5163 comprehensibilis3
1857 5091 1963 5163 prae-

602 5177 693 5251 clare
725 5184 779 5274 qui
812 5180 901 5252 nullo
936 5182 999 5253 fine
1035 5180 1326 5253 circumscriberis
1380 5183 1472 5254 Deus
1508 5207 1605 5278 quem
1639 5186 1771 5277 assequi
1805 5186 1963 5275 cogitatio

599 5313 670 5363 non
694 5304 822 5388 potest,
849 5296 950 5368 Pater
977 5309 1010 5370 et
1036 5301 1167 5389 genitor
1193 5299 1325 5370 Domini
1352 5304 1456 5372 nostri
1483 5300 1563 5374 lesu
1590 5297 1710 5371 Christi
1736 5300 1808 5371 Filii
1834 5304 1879 5371 tui
1907 5300 1963 5371 di-

1685 5416 1761 5490 48*
