5150 6534
627 837 708 915 ut
976 825 1154 906 numam
1178 823 1381 904 menimis
1407 824 1648 905 mdiocfluln.

627 1030 720 1100 uitae
747 1044 793 1095 ex
818 1017 882 1090 boo
907 1015 999 1087 fonte
1025 1037 1111 1111 puro
1138 1024 1172 1088 et
1197 1024 1325 1089 sancto.
1361 1017 1591 1111 Deprecamur
1608 1036 1694 1106 ergo
1716 1024 1750 1086 te
1778 1014 1938 1099 Domine,
1962 1021 1995 1084 nt

629 1158 815 1214 ‹sonserves
842 1136 874 1204 in
900 1129 999 1203 nobis
1026 1128 1210 1224 depositum
1235 1129 1301 1203 boc
1328 1152 1485 1223 magnum
1511 1142 1546 1210 et
1571 1127 1729 1204 amabile:
1764 1141 1801 1203 ut
1836 1153 1898 1226 per
1923 1128 1998 1202 illud

632 1269 665 1331 ot
697 1261 835 1352 propter
867 1245 945 1319 illud
977 1244 1159 1317 liberemur
1189 1268 1210 1317 a
1245 1245 1456 1320 damnatione
1483 1245 1598 1339 judicii
1627 1249 1661 1317 in
1693 1244 1748 1318 die
1782 1245 1842 1318 illo
1877 1266 1997 1338 magno

630 1366 896 1448 Resurrectionis
923 1363 1068 1433 omnium
1095 1361 1272 1451 bominum,
1299 1365 1476 1456 securique
1502 1372 1662 1458 perpetuo
1689 1362 1871 1434 efficiamur
1888 1382 1997 1433 coram

628 1500 662 1562 tc
690 1486 730 1559 ud
757 1480 951 1556 cenuvium
976 1473 1042 1547 boc
1068 1478 1256 1572 spirituale,
1292 1499 1518 1574 canamusque
1543 1475 1693 1573 perfecte
1718 1479 1831 1550 Deum
1857 1478 1997 1564 Patrem,

629 1616 662 1676 ot
689 1599 818 1685 Filium,
845 1602 879 1665 et
905 1591 1062 1687 Spiritum
1090 1605 1251 1684 sanctum,
1278 1593 1413 1684 bonum,
1440 1605 1474 1667 et
1505 1594 1739 1670 vivificantem.

730 1712 891 1805 Populus.
948 1709 1068 1780 Amen.

727 1826 913 1899 Sacerdos.
966 1823 1051 1897 Pax.

729 1941 891 2036 Populea.
944 1939 1088 2011 Etcum
1115 1942 1231 2036 spiritu
1257 1950 1326 2018 tuo.

729 2059 920 2132 Diaconos.
976 2056 1168 2150 Postquam.

727 2172 891 2266 Populus.
944 2169 1071 2245 Coram
1095 2184 1139 2245 te.

728 2289 915 2362 Sacerdos.
958 2285 1146 2359 Gratiarum
1174 2291 1338 2361 actionem
1366 2312 1440 2361 cum
1466 2286 1678 2362 confessione
1704 2297 1740 2360 et
1763 2285 1891 2379 gaudio
1918 2289 1993 2358 exi.-

626 2412 722 2481 miam
750 2403 918 2476 oderimus
945 2402 1004 2474 tibi
1029 2403 1190 2493 Domine,
1222 2428 1284 2501 pro
1318 2405 1489 2478 beneficiis
1516 2413 1551 2476 et
1569 2402 1765 2476 muneribus
1791 2405 1878 2489 tuis,
1914 2424 1994 2498 qnae

628 2523 742 2598 vorbis
771 2521 940 2592 enunciari
966 2541 1033 2590 non
1060 2531 1214 2615 possunt,
1245 2524 1323 2616 quia
1359 2520 1479 2613 dignos
1506 2520 1616 2593 iecisti
1642 2540 1705 2592 nos
1733 2518 1824 2591 douo
1850 2517 1918 2591 boo
1943 2517 1993 2588 di-

625 2644 716 2711 vino.
765 2635 820 2707 Ne
846 2632 1049 2705 condemnes
1076 2656 1138 2706 nos
1166 2634 1209 2708 ob
1237 2641 1484 2733 susceptionem
1511 2638 1744 2734 mysteriorum
1771 2644 1906 2707 tuorum
1931 2637 1993 2705 im-

624 2753 876 2838 maculatum,
904 2750 965 2823 sed
990 2752 1150 2822 miserere
1176 2752 1407 2848 peccatoribus
1435 2755 1545 2826 servis
1571 2756 1655 2841 tuis,
1687 2759 1722 2822 et
1747 2771 1832 2823 sana
1858 2748 1993 2821 vulnera

626 2869 740 2967 populi
767 2868 831 2937 tui:
859 2866 994 2960 suscipe
1021 2865 1275 2962 deprecationes
1302 2874 1419 2961 graffio
1446 2873 1512 2957 tui,
1545 2877 1579 2941 et
1612 2889 1674 2964 per
1707 2866 1911 2938 sacrificium
1935 2863 1993 2937 boc

626 2986 859 3057 remissionem
887 3002 1004 3052 omnes
1030 3004 1283 3077 consequamur.
1337 2985 1388 3056 Sit
1420 2984 1517 3059 nobis
1549 2983 1591 3056 ad
1623 2985 1757 3055 veniam
1791 2992 1827 3053 et
1858 2981 1992 3053 salutem
2028 2989 2031 3000 '

627 3104 808 3189 animarum
836 3117 1079 3191 corporumque
1105 3108 1306 3188 nostrorum,
1333 3100 1572 3196 prohibentque
1599 3123 1620 3171 a
1645 3097 1744 3172 nobis
1765 3107 1992 3193 coemptorem

626 3217 715 3288 illum
743 3213 962 3308 spiritualem,
999 3222 1098 3309 atque
1134 3238 1232 3288 omne
1259 3238 1367 3308 genus
1393 3220 1533 3313 peccati.
1584 3215 1736 3287 Dextera
1768 3223 1827 3286 tua
1860 3216 1992 3308 requie-

627 3340 700 3405 scat
718 3352 819 3425 super
838 3350 902 3399 nos
925 3326 1056 3401 Christe
1076 3329 1169 3403 Deus
1193 3343 1320 3420 noster,
1348 3342 1382 3404 et
1407 3355 1493 3405 crux
1518 3344 1573 3405 tua
1601 3330 1766 3404 custodiat
1789 3351 1874 3403 nos:
1901 3328 1991 3401 reie-

627 3468 805 3539 remusque
831 3443 889 3515 tibi
915 3443 1058 3534 gloriam
1084 3456 1117 3516 et
1142 3447 1273 3520 laudem
1300 3449 1462 3544 simulque
1487 3450 1578 3521 Patri
1605 3460 1679 3536 tuo,
1712 3457 1745 3518 et
1772 3444 1911 3541 Spiritui
1942 3454 1990 3517 tuo

626 3586 730 3650 rrunc,
758 3571 822 3633 etc.

730 3676 891 3769 Populus.
943 3678 1064 3748 Amen.

731 3794 918 3864 Diaconos.
971 3789 1117 3861 benedic
1142 3791 1294 3867 Domine.

938 4065 1114 4137 Sacerdos
1139 4068 1225 4140 dicit
1252 4072 1448 4142 Orationem
1474 4034 1685 4161 aipnutionis.
1815 4145 1823 4154 ,

730 4255 823 4330 Deus
851 4259 906 4351 qui
932 4258 1080 4351 suscepit
1106 4255 1307 4330 oblationem
1333 4258 1423 4331 Abel
1449 4262 1481 4330 in
1508 4258 1653 4354 planitie,
1681 4270 1715 4331 ct
1739 4257 1816 4329 Noe
1844 4260 1879 4329 in
1906 4278 1987 4341 arca,

626 4371 808 4446 Abrahami
834 4374 866 4441 in
893 4375 1012 4444 montis
1038 4376 1180 4464 vertice,
1206 4372 1302 4448 Eliae
1328 4380 1361 4447 in
1380 4375 1549 4463 carmelo,
1575 4375 1717 4448 Davidis
1743 4377 1778 4446 in
1805 4397 1887 4447 arca
1902 4376 1989 4446 Aran

625 4489 785 4561 lebunaei
812 4496 845 4557 et
879 4489 1001 4559 minuta
1033 4488 1153 4562 viduae
1187 4493 1221 4562 in
1254 4494 1461 4579 sanctuario,
1493 4494 1568 4587 ipse
1603 4494 1763 4587 suscipiat
1796 4488 1989 4573 oblationes,

625 4615 707 4677 vota
735 4612 768 4675 et
794 4603 941 4676 decimas
967 4614 1116 4694 vestras,
1154 4617 1187 4677 ct
1221 4631 1325 4705 opera
1352 4630 1507 4680 manuum
1534 4615 1742 4696 vestrarum,
1778 4616 1989 4704 praestetque

624 4723 819 4793 memoriam
845 4718 966 4791 bonam
1001 4720 1162 4794 defunctis
1196 4728 1338 4811 vestris,
1374 4745 1467 4818 spem
1499 4722 1708 4795 benedictam
1740 4732 1776 4795 et
1810 4723 1989 4797 custodiam

623 4841 715 4908 vitae
741 4844 880 4909 vestrae
905 4857 967 4931 per
993 4840 1175 4930 orationes,
1202 4850 1235 4910 et
1260 4861 1382 4936 preces
1408 4839 1589 4935 Deiparae‚
1615 4848 1678 4911 etc.

1062 5144 1560 5192 -Ἐῦθθῢ-κ
