5150 6534
624 827 699 902 562
1040 826 1547 905 Dissunvnvto

623 1016 774 1109 Regibus
814 1018 948 1111 saepius
988 1017 1089 1085 armis
1122 1025 1303 1110 occupata,
1340 1024 1441 1086 tutum
1474 1012 1628 1086 exulibus
1662 1011 1792 1109 asvlum
1826 1011 1996 1109 praebuit:

623 1134 821 1228 praesertim
849 1154 923 1203 cum
952 1129 1120 1219 Cosroes,
1148 1152 1244 1224 quem
1272 1130 1376 1223 vulgo
1404 1129 1668 1203 Nuscbiruanum
1684 1139 1821 1215 vocant,
1847 1128 1911 1201 illis
1938 1128 1998 1202 ia-

624 1259 721 1321 veret
747 1251 946 1343 impensius3
974 1246 1058 1318 adeo
1084 1255 1120 1318 ut
1151 1230 1341 1318 Eielesiam
1375 1246 1584 1320 Edessenam
1619 1249 1701 1342 ipsis
1736 1244 1920 1317 attribuerit
1952 1268 1998 1318 ex

585 1388 690 1474 ,oque
718 1361 760 1436 ab
788 1362 945 1435 Heraclio
973 1361 1095 1454 dejecti
1122 1373 1213 1434 sunt:
1247 1360 1396 1456 reliquos
1429 1365 1529 1434 etiam
1562 1360 1769 1433 Christianos
1805 1360 1848 1432 ad
1881 1384 1997 1434 eorum

303 1420 406 1475 cm
422 1422 447 1475 ν’
462 1422 522 1493 η’
531 1422 584 1474 415
626 1479 779 1550 haeresin
813 1476 1076 1572 amplectendam
1111 1487 1268 1569 cogeret,
1302 1488 1457 1572 quantum
1491 1480 1524 1548 iu
1557 1477 1613 1550 illo
1650 1487 1732 1548 eral-
1784 1476 1836 1548 Ea
1868 1480 1998 1549 Γᾶῑῑθῃθ

625 1594 747 1667 iactum
775 1604 809 1665 nt
834 1598 953 1686 ingens
981 1594 1143 1689 Syrorum
1171 1592 1342 1665 multitudo
1370 1592 1412 1664 ad
1440 1615 1500 1666 eos
1535 1616 1573 1665 se
1609 1593 1817 1687 adjunxerit,
1852 1596 1999 1664 maxime

627 1734 703 1782 cum
735 1709 868 1782 scholas
895 1708 1087 1782 Nisibenam
1115 1718 1149 1779 et
1174 1707 1382 1782 Edessenam
1412 1719 1647 1805 occupassent,
1680 1705 1871 1803 exquibus
1899 1708 1998 1779 cele-

627 1825 763 1899 berrimi
788 1825 962 1897 Ecclesiae
989 1825 1155 1920 Syriacae
1181 1824 1349 1897 Doctores
1367 1823 1580 1920 prodierant,
1607 1833 1781 1918 antequam
1796 1823 1998 1896 Nestoriaua

626 1941 778 2014 haeresis
805 1941 1083 2034 Mesopotamiam
1109 1939 1288 2012 iniecisset.

338 2090 378 2143 p,
401 2090 482 2159 prima
499 2087 615 2158 Lamp,
733 2057 787 2128 ΠΙ.
840 2054 951 2127 Prima
978 2054 1131 2147 Liturgia
1158 2078 1244 2148 quae
1271 2055 1470 2150 reliquarum
1499 2055 1616 2128 Canon
1644 2055 1776 2151 quidam
1803 2065 1864 2141 est,
1893 2063 2001 2126 etex

303 2190 372 2245 Μ
389 2176 483 2228 dicitur
499 2173 614 2243 aposto-
630 2197 694 2269 qua
721 2194 840 2268 preces
868 2193 1059 2244 communes
1086 2168 1207 2241 multae
1235 2175 1320 2243 sumi
1351 2172 1484 2262 solent,
1514 2172 1631 2245 dicitur
1662 2171 1868 2242 Sanctorum
1892 2171 1999 2264 Apo-

303 2260 397 2315 ’Μ’
627 2288 808 2358 stolorum:
835 2290 879 2359 ita
906 2287 1099 2360 Nestoriani
1124 2297 1248 2358 vocant
1273 2286 1427 2360 Adaeum
1454 2298 1488 2359 et
1513 2288 1641 2377 Mario,
1677 2309 1761 2381 quos
1790 2290 1889 2359 etiam
1915 2286 2000 2357 Do-

338 2433 432 2485 ama
448 2434 475 2484 a.
492 2432 555 2485 naa.
567 2431 615 2483 aa,
629 2406 743 2476 atores
771 2404 922 2474 Orientis
948 2401 1136 2498 appellant,
1164 2412 1197 2473 et
1223 2402 1265 2474 de
1295 2401 1413 2498 quibus
1440 2401 1541 2475 multa
1567 2413 1704 2475 narrant
1729 2403 1860 2474 illorum
1886 2400 2001 2475 bisto-

303 2517 352 2573 Ar.
627 2522 717 2608 riae,
758 2519 819 2591 sed
855 2540 940 2612 quae
984 2541 1058 2589 cum
1101 2520 1308 2612 antiquorum
1342 2519 1548 2590 Graecorum
1588 2521 1783 2591 testimoniis
1820 2516 2001 2590 conciliare

626 2634 727 2708 iacile
759 2655 826 2706 non
860 2644 921 2705 est.
974 2633 1118 2707 Nomina
1150 2633 1260 2706 Adaei
1293 2643 1326 2706 et
1361 2635 1465 2706 Maris
1491 2628 1564 2705 non'
1583 2643 1838 2730 repraesentant
1863 2631 2001 2705 codices

626 2753 854 2838 recentiores,
882 2752 967 2821 sicut
993 2748 1049 2820 illa
1076 2752 1201 2821 omissa
1228 2760 1304 2821 sunt
1328 2753 1362 2820 in
1376 2749 1495 2823 Latina
1513 2753 1671 2823 versione
1687 2750 1814 2822 Missae
1830 2747 2001 2820 Christia-

628 2888 748 2938 norum
776 2864 862 2961 apud
888 2863 999 2937 Indos.
1053 2865 1108 2936 An
1133 2886 1235 2959 porro
1261 2867 1368 2961 prima
1395 2868 1459 2937 ista
1474 2864 1624 2957 Litargia
1650 2876 1801 2937 veterem
1818 2863 2002 2940 Ecclesia-

627 3004 699 3055 rum
725 2982 991 3076 Mesopotamiae
1018 2979 1223 3075 disciplinam
1255 2982 1442 3070 contineat,
1479 3002 1577 3075 quam
1610 2980 1800 3053 Nestoriani
1830 2984 2002 3078 propriam

628 3097 786 3192 deinceps
814 3095 878 3175 sibi
904 3095 1062 3185 iecerint,
1089 3106 1145 3167 aut
1170 3118 1295 3168 novam
1323 3093 1364 3167 ab
1386 3098 1467 3192 ipsis
1485 3095 1715 3184 introductam,
1739 3095 1892 3187 judicare
1911 3097 2030 3171 diffi-.

629 3213 693 3285 cile
719 3221 780 3284 est.
834 3214 994 3299 Quamvis
1022 3215 1109 3283 enim
1136 3214 1254 3284 merito
1281 3219 1438 3306 suspecta
1470 3214 1513 3283 sit
1543 3211 1820 3284 Nestorianorum
1855 3212 2002 3304 traditio,

629 3328 761 3424 quando
789 3329 863 3402 solo
890 3334 1040 3423 ipsorum
1066 3331 1254 3401 testimonio
1280 3329 1412 3416 nititur,
1439 3324 1496 3398 ubi
1523 3337 1633 3398 tamen
1667 3326 1805 3400 aliorum
1838 3326 2002 3400 Orienta-

627 3443 706 3516 lium
732 3448 952 3517 monumentis
984 3443 1216 3529 confirmatur,
1250 3446 1457 3515 autoritatem
1490 3440 1599 3515 babet.
1650 3444 1698 3516 At
1731 3443 1819 3538 quod
1851 3444 2003 3533 Adaeus,

628 3563 703 3632 sive
730 3559 924 3652 Tbadaeus,
950 3560 1134 3634 Edessenis
1160 3557 1382 3651 Evangelium
1409 3558 1673 3656 praedicaverit,
1705 3570 1783 3656 post
1818 3563 2003 3633 ascensio-

627 3698 705 3748 nem
730 3676 881 3765 Domini,
909 3697 1091 3770 omnesque
1117 3674 1413 3771 Mesopotamenos
1440 3677 1474 3744 in
1500 3673 1564 3746 lide
1592 3673 1779 3747 Christiana
1814 3677 2004 3768 instituerit,

628 3790 789 3885 simulque
817 3791 965 3865 ordinem
992 3791 1168 3863 Ministerii
1194 3793 1282 3862 sacri
1310 3790 1397 3885 apud
1425 3812 1486 3862 eos
1513 3789 1733 3881 ordinaverit,
1760 3813 1834 3861 cum
1850 3791 1919 3883 Agi
1937 3814 2000 3866 suo

527 3936 537 3949 s
629 3905 811 4002 discipulo;
838 3909 1020 3980 communis
1048 3916 1099 3978 est
1125 3928 1258 4001 quoque
1284 3906 1512 3979 Jacobitarum
1539 3905 1681 3979 traditio.
1734 3905 1828 3978 Illam
1864 3909 2002 4002 reperi-

629 4027 761 4094 masin
790 4026 921 4118 antiqua
949 4020 1156 4095 Collectione
1187 4021 1379 4111 Canobum,
1413 4021 1687 4116 diversarumque
1724 4021 2002 4096 Constitutionum

629 4137 773 4233 Syriaca
799 4137 889 4210 MS⁸.
941 4134 1170 4210 Bibliothecae
1196 4137 1368 4210 Palatinae
1396 4137 1512 4211 Cosmi
1537 4137 1592 4209 lll.
1620 4136 1737 4230 Magni
1763 4136 1867 4208 Ducis
1893 4135 2002 4210 nuu-

629 4256 700 4325 riae
727 4252 788 4325 sub
816 4254 880 4327 boc
907 4253 1010 4325 titulo.
1062 4253 1237 4323 Doctrina
1262 4254 1379 4326 Adaei
1405 4255 1583 4348 Apostoli,
1611 4259 1669 4348 qai
1695 4256 1812 4325 docuit
1837 4261 1872 4324 et
1898 4260 2003 4324 cate-

632 4371 779 4441 cbisnm't
804 4370 999 4440 Edessenoe
1025 4374 1059 4438 et
1086 4390 1200 4439 omues
1223 4367 1530 4462 Mesopotamenos.
1582 4369 1674 4442 Fieri
1699 4372 1800 4463 igitur
1825 4373 1942 4466 potuit,
1968 4379 2005 4442 ut

630 4484 687 4557 illa
713 4485 952 4556 Ecclesiastico
980 4482 1171 4578 disciplina,
1199 4507 1284 4579 quae
1312 4489 1492 4581 praecipue
1519 4484 1560 4557 ad
1577 4496 1787 4559 sacramenta
1799 4483 2003 4558 celebranda

631 4603 792 4694 pertinet,
819 4602 995 4693 antiquitus
1022 4601 1053 4670 in
1080 4600 1345 4694 Mesopotamiae
1371 4600 1534 4674 Ecclesiis
1561 4604 1726 4694 viguerit,
1753 4613 1787 4673 et
1809 4601 2004 4673 Nestoriani

633 4738 724 4802 eam,
752 4720 804 4787 cni
830 4716 1007 4808 indigenae
1034 4719 1157 4788 assueti
1185 4727 1280 4788 erant
1305 4719 1508 4789 retinuerint.
1560 4716 1679 4812 Neque
1700 4721 1787 4788 enim
1807 4714 2004 4811 exprobra-

632 4841 700 4901 tum
727 4830 902 4927 aliqnando
930 4832 994 4903 illis
1020 4830 1125 4904 fuisse
1151 4832 1304 4904 videmus
1332 4830 1373 4903 ab
1402 4831 1607 4905 Ortbodonis
1634 4843 1690 4904 aut
1707 4830 1888 4920 Jacobitis,
1915 4831 2005 4926 quod

633 4966 755 5016 novam
790 4945 1064 5019 celebrandorum
1098 4947 1390 5019 sacramentorum
1423 4947 1566 5020 formam
1598 4952 1810 5039 invexerint,
1842 4957 2004 5044 praeter-

635 5082 733 5150 quam
760 5062 800 5133 ab
828 5086 893 5135 uuo
920 5063 1081 5150 Leontio,
1108 5062 1150 5132 de
1178 5083 1243 5156 quo
1271 5061 1398 5133 dicetur
1424 5061 1572 5134 iuferius.

333 5178 443 5276 Μαι.
455 5178 622 5274 uttusnaur-
737 5176 794 5250 IV.
846 5181 937 5253 Saue
965 5186 1121 5271 quantum
1148 5199 1194 5248 ex
1220 5181 1470 5272 comparatione
1498 5177 1636 5250 aliarum
1670 5178 1794 5251 diversi
1828 5181 1911 5250 ritus
1937 5176 2003 5249 Li-

314 5277 374 5332 ⁸¹⁸⁰
393 5270 538 5330 'mmmm‘
636 5291 816 5377 targiarnm
844 5299 1012 5388 conjicere
1039 5314 1235 5389 possumus,
1263 5297 1409 5366 maxima
1436 5302 1489 5366 est
1513 5295 1546 5364 iu
1564 5293 1774 5367 Nestorianis
1800 5294 2004 5390 simplicitas,
