5150 6534
977 845 1008 921 S.
1039 840 1254 920 dioscorii
1290 839 1517 935 EPISCOPI,
1548 857 1599 918 dc.
1897 844 1970 918 491

602 1028 645 1102 ab
673 1033 763 1102 omni
789 1033 1024 1125 corruptione,
1052 1040 1107 1102 aut
1133 1040 1240 1100 morte
1266 1027 1426 1123 pestilera
1455 1051 1542 1123 quae
1568 1051 1587 1098 a
1614 1038 1648 1100 te
1682 1039 1833 1124 separet,
1866 1030 1972 1103 libera

601 1167 686 1234 uos3
711 1167 774 1241 per
799 1144 995 1217 sacrificium
1022 1145 1088 1216 hoc
1115 1143 1202 1238 quod
1230 1143 1397 1217 offerimus
1425 1142 1501 1231 tibi,
1528 1154 1563 1214 ut
1599 1143 1734 1217 aboleat
1767 1169 1808 1217 ea
1842 1170 1927 1241 quae
1954 1172 1972 1217 a

601 1259 699 1334 nobis
725 1264 919 1356 insipienter
952 1264 1130 1332 commissa
1165 1271 1256 1331 sunt:
1297 1272 1330 1331 et
1364 1263 1528 1353 nequitias
1556 1270 1690 1332 nostras
1718 1263 1906 1353 abstergat:
1941 1272 1973 1333 et

601 1375 785 1449 referemus
813 1377 869 1449 tibi
897 1375 1038 1469 gloriam
1066 1385 1099 1446 et
1124 1374 1273 1463 laudem,
1301 1385 1335 1446 et
1360 1378 1531 1465 unigenito
1560 1376 1643 1447 Filio
1673 1388 1748 1465 tuo,
1776 1387 1810 1448 et
1837 1376 1972 1472 Spiritui

603 1502 723 1565 sancto
750 1502 818 1563 tuo.

706 1605 867 1700 Populum.
922 1607 1040 1677 Anien.

705 1721 893 1793 Diaconos.
947 1722 1081 1793 Stemus
1110 1722 1276 1793 decenter.

708 1821 868 1930 Populos.
922 1837 1165 1910 Misericordia.

705 1951 890 2024 Sacerdos.
946 1953 1076 2024 Caritas
1104 1953 1228 2041 Patris,
1255 1962 1318 2024 etc.

706 2055 867 2160 Populos.
920 2066 1064 2139 Etcum
1092 2072 1209 2163 spiritu
1237 2078 1303 2139 tuo.

706 2182 891 2254 Sacerdos.
945 2182 1083 2254 Sursum
1111 2182 1224 2255 corda.

705 2298 866 2392 Populus.
919 2297 1087 2369 Habemus
1116 2299 1157 2369 ad
1184 2299 1370 2371 Dominum.

705 2413 888 2486 Sacerdos.
943 2414 1076 2486 Gratias
1104 2435 1243 2505 agamus
1271 2416 1355 2486 Deo.

707 2529 869 2622 Populea.
922 2531 1067 2620 Dignum
1095 2539 1129 2601 ct
1151 2534 1274 2621 justum
1303 2543 1365 2603 est.

705 2644 880 2716 Sacerdos
905 2645 1096 2715 inclinatos.
1150 2645 1257 2716 Purus
1286 2657 1320 2717 et
1346 2645 1473 2740 absque
1500 2645 1626 2715 macula
1655 2646 1747 2717 solus
1770 2668 1807 2716 es
1830 2655 1863 2716 tu
1879 2647 1974 2717 Deus

600 2769 737 2850 noster,
764 2763 819 2855 qui
853 2761 1004 2833 adoraris
1037 2763 1069 2831 in
1105 2761 1273 2849 omnibus,
1308 2764 1361 2856 qui
1397 2761 1514 2832 laudes
1549 2761 1645 2832 nobis
1682 2760 1894 2833 absconditas
1930 2762 1971 2833 ab

600 2875 665 2948 illis
697 2880 858 2972 suscipis,
899 2878 954 2970 qui
989 2884 1101 2948 notam
1134 2875 1259 2947 iaciunt
1291 2879 1497 2967 majestatem
1535 2887 1643 2964 tuam,
1676 2880 1715 2948 iis
1750 2880 1805 2970 qui
1840 2880 1972 2972 priores

601 3002 812 3085 agnoverunt
837 2992 948 3062 lumen
976 2996 1140 3085 antiquum
1170 2995 1336 3064 essentiae
1364 3001 1457 3064 tuae:
1486 2994 1540 3085 qui
1562 3001 1594 3062 te
1610 2992 1716 3063 solum
1732 2991 1859 3086 absque
1875 2996 1973 3087 prin-

601 3111 709 3204 cipio,
735 3107 867 3203 hymnis
894 3118 928 3178 et
954 3106 1266 3179 sanctificationibus
1294 3112 1362 3180 suis
1396 3129 1474 3180 esse
1506 3107 1720 3179 confitentur:
1754 3109 1908 3202 quodque
1941 3111 1973 3176 in

601 3234 635 3295 te
661 3223 916 3318 unumquodque
942 3225 1110 3311 consistit,
1137 3233 1171 3293 et
1197 3222 1363 3310 subsistit,
1391 3222 1585 3294 mirabiliter
1611 3224 1765 3295 indicant.

704 3339 881 3410 Sacerdos
906 3338 1044 3409 elevans
1068 3360 1193 3407 uocem.
1248 3339 1312 3425 Qui
1340 3362 1386 3411 ex
1408 3350 1540 3410 secreta
1556 3351 1672 3412 natura
1692 3364 1772 3425 sua;
1800 3338 1972 3409 sublimem

600 3464 635 3528 et
660 3453 889 3527 absconditam
916 3465 1066 3525 naturam
1093 3463 1199 3541 tuaur,
1228 3477 1315 3547 quae
1342 3464 1439 3525 extra
1467 3457 1576 3525 omnia
1594 3464 1662 3543 est,
1691 3458 1867 3547 omniaque
1895 3475 1972 3523 am-

600 3570 770 3667 plectitur:
806 3569 958 3641 omnibus
994 3568 1164 3640 excelsior
1199 3581 1271 3658 est,
1308 3582 1342 3642 et
1375 3573 1521 3641 continet
1556 3573 1685 3660 omnia,
1723 3580 1756 3639 te
1793 3569 1971 3639 adorantes

601 3695 771 3782 aeternum
800 3696 834 3756 et
860 3684 986 3778 absque
1013 3685 1094 3772 line,
1121 3697 1326 3757 venerantur
1353 3684 1513 3780 simulque
1539 3707 1604 3756 una
1640 3694 1673 3754 et
1707 3684 1848 3754 indivisa
1883 3704 1972 3754 voce

599 3801 779 3875 inclamant
790 3799 1069 3883 sanctificationes
1084 3811 1134 3871 ter
1155 3805 1335 3895 repetitas,
1363 3801 1527 3873 diceutes:¹
1551 3801 1694 3872 Sanctus
1717 3809 1849 3871 creator
1867 3820 1971 3870 crea·
1998 3841 2000 3845 -

600 3929 761 3992 turanum:
788 3918 932 3989 Sanctus
960 3938 998 3987 es
1026 3920 1080 4010 qui
1107 3920 1220 4010 pueris
1249 3921 1444 4012 sapientiam
1467 3916 1593 3988 tribuis.
1646 3916 1846 3987 benedictus
1865 3914 1973 3986 honor

599 4043 675 4107 tuus
703 4058 722 4106 a
749 4037 890 4125 regione
916 4042 971 4104 tua
998 4030 1192 4102 metuendus
1221 4032 1262 4104 ab
1292 4033 1457 4105 omnibus:
1487 4031 1661 4103 benedicta
1679 4034 1783 4101 virtus
1812 4038 1878 4115 tua,
1907 4052 1972 4100 cu-

595 4153 653 4243 jus
678 4158 829 4246 potestas
856 4152 888 4219 in
916 4151 1025 4219 omnia
1053 4158 1113 4220 est.
1166 4148 1366 4220 Benedictus
1395 4173 1432 4219 es
1461 4151 1552 4220 Deus
1579 4157 1707 4234 noster,
1735 4148 1788 4239 qui
1822 4145 1972 4216 adoraris

601 4261 643 4338 ab
670 4263 841 4353 omuibus;
869 4267 922 4333 cui
950 4261 1126 4334 Cherubim
1153 4262 1364 4350 benedicunt,
1391 4265 1509 4359 plausu
1534 4265 1658 4334 alarum
1685 4283 1835 4347 suarum;
1863 4259 1972 4330 Sera-

598 4383 687 4481 pbim
714 4396 823 4457 autem
852 4383 974 4454 ardore
1001 4406 1062 4454 suo
1091 4383 1297 4455 sanctificant
1325 4392 1374 4452 te:
1403 4379 1529 4451 Throni
1556 4390 1589 4449 te
1606 4378 1715 4450 dorsis
1732 4380 1800 4448 suis
1818 4387 1971 4468 tanquam

598 4504 633 4571 iu
660 4522 759 4573 curru
786 4502 962 4572 sustinent:
992 4499 1138 4570 Virtutes
1166 4498 1387 4570 fortitudinem
1415 4496 1576 4566 dexterae
1603 4504 1679 4564 tuae
1711 4495 1873 4563 creaturis
1909 4492 1971 4560 tuis
2036 4579 2039 4585 β

598 4614 759 4686 indicant:
787 4624 822 4685 ut
848 4618 945 4687 etiam
973 4615 1162 4686 Potestates
1190 4638 1345 4706 magnam
1370 4615 1550 4708 potentiam
1578 4621 1665 4681 tuam
1701 4617 1812 4679 notam
1847 4606 1972 4676 faciunt

599 4729 759 4824 figmento
786 4739 852 4801 tuo.
906 4731 1158 4802 Dominationes
1187 4741 1296 4801 autom
1324 4732 1500 4819 imaginem
1529 4735 1649 4818 gerunt
1675 4724 1857 4815 majestatis
1885 4728 1971 4801 tuae,

601 4856 768 4942 quaeest
795 4846 915 4918 mundo
943 4847 1127 4919 excelsior:
1155 4846 1361 4940 Principatus
1389 4845 1560 4938 imperium
1589 4850 1678 4910 tuum
1713 4837 1907 4926 designant,
1940 4841 1974 4902 et

599 4964 795 5060 mysterium
830 4984 1006 5057 supremae
1041 4962 1208 5053 dignitatis
1246 4970 1321 5030 tuae
1360 4960 1596 5030 demonstrant.
1655 4950 1778 5043 Angeli
1814 4971 1898 5020 vero
1940 4957 1973 5017 et

600 5076 825 5170 Archangeli,
851 5079 1130 5150 reconciliationis
1157 5087 1233 5148 tuae
1262 5076 1304 5147 ad
1332 5097 1392 5145 eos
1421 5078 1475 5168 qui
1501 5076 1572 5143 irae
1599 5080 1676 5141 tuae
1711 5064 1848 5139 obnoxii
1885 5073 1972 5146 sunt,

598 5195 814 5289 interpretes,
848 5192 966 5284 'jubilis
1001 5196 1070 5265 suis
1117 5203 1149 5263 te
1183 5202 1384 5282 agnoscunt:
1435 5193 1489 5283 qui
1530 5180 1806 5275 modulationibus
1849 5200 2006 5252 vocum.

594 5329 753 5394 suarum,
799 5316 833 5378 et
869 5310 1076 5381 motitatione
1112 5308 1239 5379 alarum
1279 5304 1430 5392 suarum,
1484 5305 1641 5394 sonisque
1683 5297 1818 5368 musicis
1861 5294 1972 5365 canti-

640 5447 726 5490 renus
739 5446 763 5488 11.
1718 5414 1766 5487 05
