5150 6534
777 887 807 963 S.
834 882 970 961 Jacossr
996 882 1181 960 bPOSTdbl
1206 883 1364 958 FllelllS
1390 880 1534 959 DOlllNl.
1795 879 1845 952 43

476 1095 597 1167 corpus
633 1074 706 1164 ejus
734 1075 914 1166 accipimus
948 1079 981 1141 et
1015 1072 1210 1161 sanguinem
1245 1074 1317 1162 ojus
1351 1068 1511 1158 bibimus,
1545 1068 1587 1139 ad
1623 1070 1848 1162 expiationem

477 1188 680 1260 delictorum.
733 1189 876 1282 Suscipe
902 1186 1045 1256 Domine
1073 1188 1114 1258 ab
1144 1186 1375 1258 adoratoribus
1404 1189 1466 1256 tuis
1495 1184 1680 1256 oblationes
1721 1207 1849 1274 eorum,

477 1316 511 1376 et
535 1307 698 1400 propitius
726 1313 799 1375 esto
827 1324 888 1397 per
915 1304 1147 1373 miserationes
1174 1312 1247 1373 tuas
1275 1300 1446 1372 animabus
1465 1300 1693 1373 defunctorum
1710 1299 1848 1371 illorum.

972 1577 1093 1646 Oratio
1117 1599 1185 1668 pro
1211 1580 1361 1646 arrorluis.

581 1748 674 1820 Ecce
700 1747 826 1820 oblatio
853 1747 941 1818 illata
970 1759 1034 1818 est:
1067 1757 1100 1818 et
1133 1770 1215 1818 ecce
1242 1749 1371 1817 animae
1398 1747 1591 1843 purificatae
1618 1756 1708 1820 sunt:
1742 1769 1848 1841 prae-

480 1875 583 1936 stetur
609 1886 670 1959 per
698 1887 773 1936 eam
800 1865 932 1956 requies
959 1865 1121 1947 mortuis,
1148 1886 1209 1958 pru
1237 1862 1355 1957 quibus
1383 1863 1495 1934 oblata
1523 1873 1584 1934 ost.
1638 1860 1770 1934 Oblatio
1786 1866 1849 1933 ista

481 2002 567 2075 quae
593 2001 612 2048 a
640 1978 850 2066 viventibus,
878 2001 939 2073 pro
968 1979 1129 2050 defunctis
1159 1978 1316 2064 iulertur,
1344 1983 1457 2073 expilat
1483 1982 1685 2072 iniquitatem
1709 1981 1851 2066 audurae,

480 2097 602 2190 et'per
628 2117 702 2165 earu
728 2099 934 2167 remittuntur
961 2096 1024 2166 illis
1052 2095 1180 2166 delicta.
1233 2096 1310 2188 lpse
1347 2099 1401 2189 qui
1435 2098 1572 2166 vocarit
1605 2093 1784 2180 Lazarum,
1819 2102 1854 2163 et

478 2213 579 2283 ldium
605 2211 745 2300 viduae,
779 2221 918 2305 spargat
944 2233 1054 2282 rorem
1082 2212 1329 2281 miserationum
1356 2233 1505 2298 suarum,
1539 2232 1639 2304 super
1672 2231 1750 2280 ossa
1785 2208 1852 2278 de-

480 2326 675 2398 functorum.
730 2325 814 2398 Cum
841 2324 1029 2413 Abrabam,
1056 2329 1153 2398 Isaac
1180 2338 1214 2398 et
1240 2327 1344 2397 lsrael
1373 2350 1477 2412 vero,
1511 2334 1662 2418 praesta,
1695 2324 1851 2412 Domine,
1907 2348 1909 2352 ⁴

480 2446 672 2514 memoriam
700 2442 762 2528 illi,
791 2464 852 2536 pro
880 2465 945 2535 quo
974 2443 1085 2514 oblata
1113 2453 1171 2514 est.

583 2559 661 2629 Rex
689 2558 846 2628 coelestis
873 2562 1006 2652 suscipe
1034 2557 1234 2629 oblationem
1262 2580 1437 2630 servorum
1465 2568 1612 2643 tuorum,
1641 2566 1674 2626 et
1696 2556 1750 2626 lac
1774 2579 1852 2626 me-

481 2677 619 2744 moriam
647 2695 761 2744 eorum
790 2676 823 2742 in
850 2673 1037 2744 Jerusalem
1063 2675 1118 2744 illa
1147 2675 1303 2746 coelesti:
1337 2678 1369 2743 iu
1396 2674 1583 2744 Jerusalem
1619 2693 1783 2766 superna,
1820 2681 1854 2742 et

483 2811 568 2883 quae
594 2811 693 2884 supra
722 2798 859 2860 terram:
887 2800 920 2860 et
947 2812 1047 2883 super
1074 2790 1178 2862 altare
1206 2791 1296 2883 ‹qrrod
1323 2801 1375 2860 est
1402 2793 1434 2859 iu
1461 2791 1617 2876 excelso,
1650 2792 1692 2861 sit
1718 2810 1853 2858 memo-

482 2907 532 2976 ria
559 2927 676 2977 corum
703 2904 801 2977 bona.
854 2908 955 2997 Ague
981 2907 1062 2996 Dei,
1089 2919 1122 2978 et
1148 2918 1264 3001 pastor·
1292 2910 1345 3002 qui
1382 2916 1530 2979 mortuus
1564 2929 1602 2979 es
1635 2927 1697 3000 pro
1732 2901 1853 2974 ovibus

482 3022 563 3107 tuiS,
590 3029 724 3114 praesta
751 3023 893 3092 Domine
921 3045 982 3116 per
1008 3027 1150 3112 gratiam
1178 3034 1266 3094 tuam
1292 3028 1440 3117 requiem
1469 3023 1631 3094 deluuctis
1658 3019 1818 3091 lidelibus.

589 3137 720 3231 Corpus
748 3148 836 3207 tuum
863 3141 929 3208 sitit
956 3143 1064 3209 anunm
1084 3162 1177 3227 urea,
1206 3149 1239 3210 et
1256 3140 1420 3211 accedere
1437 3140 1478 3210 ad
1496 3138 1574 3208 illud
1597 3158 1739 3223 rere0r3
1766 3157 1854 3230 pec-

486 3262 558 3323 cata
585 3276 660 3324 mea
689 3265 865 3324 tremorem
894 3254 969 3323 milii
997 3257 1168 3326 incutiunt:
1203 3259 1378 3350 expientur
1412 3257 1573 3341 Domino,
1609 3274 1670 3346 per
1702 3251 1855 3322 clemen-

483 3371 562 3440 tiam
589 3377 686 3439 tuam.
727 3366 858 3463 Corpus
886 3380 973 3440 tuum
1002 3380 1036 3441 et
1063 3375 1199 3463 sanguis
1226 3382 1301 3443 tuus
1330 3395 1414 3466 quae
1443 3373 1657 3468 accepimus,
1675 3370 1739 3437 sint
1759 3364 1855 3435 nobis

484 3487 562 3573 via,
589 3494 623 3554 et
650 3487 823 3571 transituS,
858 3495 892 3555 ut
918 3485 1045 3579 absquo
1074 3491 1188 3559 timore
1215 3515 1235 3560 a
1263 3486 1409 3558 tenebris
1437 3497 1643 3558 transeamus
1671 3483 1711 3554 ad
1738 3482 1868 3553 lucem.¹

486 3597 647 3671 Gaudium
674 3602 707 3670 iu
734 3601 982 3694 superioribus,
1009 3613 1043 3672 et
1069 3627 1147 3698 spes
1174 3603 1262 3675 bona
1291 3608 1323 3674 in
1349 3603 1581 3691 inferioribus,
1618 3623 1679 3695 per
1706 3598 1856 3670 oblatio-

484 3738 546 3787 nes
574 3737 655 3809 quas
683 3717 808 3788 iaciunt
832 3721 989 3788 viventes
1015 3741 1077 3812 pro
1104 3719 1265 3791 debuistis
1294 3723 1372 3792 suis.

588 3832 776 3902 Diaconos.
815 3833 989 3902 llloultmu..
1035 3833 1176 3906 Oremus
1203 3847 1378 3929 postquam
1406 3835 1496 3926 digni
1522 3833 1601 3905 laeti
1634 3855 1746 3904 sumus
1773 3853 1856 3903 sus-

1904 2863 1960 2930 *x*

489 3949 602 4040 cipere
636 3968 756 4041 corpus
790 3958 823 4018 et
851 3951 1046 4039 sanguinem
1075 3949 1263 4022 Salvator-is
1297 3955 1418 4023 nostri:
1454 3950 1543 4043 quod
1576 3961 1628 4021 est
1660 3951 1857 4044 mysterium
1944 3999 1951 4020 .

486 4063 673 4155 pignusque
700 4060 787 4154 (prod
821 4061 993 4136 descendit
1025 4066 1067 4135 de
1101 4067 1215 4152 coelo,
1250 4066 1403 4160 quodque
1437 4089 1503 4137 non
1537 4069 1713 4159 praeterit,
1749 4083 1857 4155 neque

488 4175 672 4246 destruitur.
726 4175 888 4268 Oremus,
923 4189 959 4249 ut
992 4181 1079 4274 apud
1105 4203 1167 4253 nos
1191 4193 1404 4286 permaneat,
1441 4192 1474 4251 ot
1507 4192 1542 4251 ut
1575 4204 1638 4252 nos
1674 4178 1750 4250 illud
1783 4197 1858 4246 eum

487 4294 627 4385 puritate
653 4313 837 4364 servemus.
893 4293 1006 4365 Gloria
1032 4296 1176 4368 Domino
1213 4298 1257 4368 illi
1293 4297 1405 4387 brino,
1441 4300 1496 4391 qui
1529 4319 1591 4368 uos
1628 4296 1746 4387 dignos
1779 4292 1859 4363 lecit

489 4405 575 4478 dono
603 4406 659 4478 illo
688 4408 855 4500 spirituali.

589 4522 711 4593 Iterum
732 4531 831 4616 atque
853 4525 969 4595 iterum
994 4527 1025 4594 in
1049 4531 1331 4599 consummatione
1353 4531 1589 4623 mysteriorum
1611 4529 1749 4598 istorum
1773 4548 1859 4597 sau-

489 4644 615 4707 ctorum
650 4635 843 4708 confitemur
878 4649 931 4729 te,
965 4638 1107 4712 Domine
1141 4642 1224 4714 Jesu
1259 4643 1407 4730 Cluiste,
1442 4654 1579 4739 propter
1612 4665 1734 4737 corpus
1769 4650 1859 4710 tumn

489 4772 553 4845 quo
581 4748 699 4823 cibasti
725 4774 806 4844 noe,
834 4764 867 4824 et
893 4758 1089 4847 sauguinem
1116 4768 1205 4828 tuum
1233 4781 1298 4853 que
1326 4763 1447 4854 potasti
1474 4782 1546 4832 nes.
1574 4760 1737 4831 bliserere
1754 4758 1859 4827 nostri

489 4876 523 4936 et
550 4866 672 4936 exaudi
698 4888 771 4940 uos.

858 5059 943 5128 Atta
971 5061 1091 5132 Oratio
1118 5066 1308 5162 pretiorum
1335 5066 1491 5134 actionis.

593 5225 662 5297 Ora
697 5238 831 5300 assueta
868 5229 1022 5302 alimento
1061 5257 1106 5304 ex
1136 5233 1307 5326 frugibus,
1348 5236 1543 5306 confitentur
1579 5236 1721 5324 gratiam
1759 5242 1860 5321 tuam,

486 5360 674 5434 perquam
700 5356 891 5416 meruerunt
917 5347 1039 5419 donum
1065 5348 1129 5420 boc
1156 5349 1323 5439 coeleste,
1358 5350 1446 5444 quod
1481 5361 1532 5420 ost
1565 5371 1688 5444 corpus
1716 5360 1749 5421 et
1776 5370 1860 5422 san-

528 5477 653 5521 rcuusn.
1633 5469 1656 5541 9
