5150 6534
594 802 672 876 lto
1105 804 1463 883 tttttttttt

595 993 680 1060 senii
705 1002 891 1087 expertem,
917 991 1008 1065 bona
1034 991 1270 1079 indesinentia,
1297 990 1436 1064 delicias
1465 991 1697 1064 mannes
1748 991 1968 1065 Purifieentur

595 1129 658 1201 per
682 1106 891 1181 clementiam
918 1121 1019 1198 tuam,
1045 1113 1189 1204 qmetem
1216 1111 1383 1205 accipiam
1414 1132 1478 1205 per
1501 1112 1733 1181 mmerutiunes
1758 1120 1851 1198 uas,
1876 1131 1968 1205 pro-

595 1233 753 1313 tegantur
784 1223 846 1297 sub
879 1225 943 1298 alis
976 1226 1134 1298 bonitatis
1166 1234 1262 1310 tune,
1297 1247 1408 1321 neque
1439 1224 1722 1312 eoudmentm
1754 1228 1834 1320 quia
1864 1229 1901 1297 iu
1932 1236 1968 1298 tc

595 1351 828 1433 speraverunt,
854 1349 891 1412 et
915 1345 949 1413 in
974 1343 1178 1433 unigenitum
1202 1340 1323 1413 Fdium
1350 1352 1454 1413 tuum:
1478 1363 1656 1437 perquem
1681 1363 1745 1413 nos
1770 1343 1874 1412 elim
1898 1342 1967 1413 mi-

594 1455 813 1527 scricordiam
839 1461 999 1553 consequi
1025 1480 1218 1554 speramus,
1250 1468 1286 1528 et
1310 1460 1543 1529 remissionem
1576 1466 1791 1552 peecatorum
1827 1465 1967 1553 propter

595 1572 1965 1669 eunumnobtsquamttlts.tuquiooeutunoauet1ulexcogita-

596 1691 720 1758 ticinum
747 1711 798 1776 es,
824 1689 980 1762 auferet
1005 1691 1081 1763 dele
1107 1694 1218 1762 omnia
1243 1700 1385 1785 peccata
1411 1699 1539 1777 nostra,
1565 1690 1769 1776 somnum,
1797 1698 1833 1759 et
1856 1692 1965 1762 invo-

591 1802 752 1890 luntaria,
779 1819 912 1879 secreta
938 1819 972 1879 ct
997 1806 1193 1896 manifesta,
1227 1809 1416 1903 praesentis
1446 1816 1483 1877 et
1515 1808 1686 1902 praeteriti
1717 1809 1900 1900 tempor‘m:
1931 1816 1966 1879 et

593 1918 723 2007 deinde,
748 1945 824 1993 cum
849 1927 990 2020 imperio
1016 1935 1074 1996 tuo
1099 1923 1199 1995 linem
1223 1925 1316 1994 vitae
1340 1924 1558 2013 attigerimus,
1581 1924 1680 2014 Juxta
1704 1923 1793 1992 um
1819 1925 1964 1995 uniem-

594 2034 699 2106 salcm
727 2038 879 2111 omnibus
905 2040 1092 2112 bominibus
1118 2041 1347 2124 constitutam,
1380 2047 1496 2110 reatus
1522 2040 1683 2111 immunes
1708 2058 1877 2132 praepara
1901 2059 1965 2112 nos

594 2148 635 2219 ad
662 2155 911 2228 consistendum
937 2178 1053 2229 coram
1079 2167 1134 2245 te,
1159 2166 1195 2227 et
1220 2154 1344 2247 adjura
1370 2175 1455 2244 nos,
1480 2155 1643 2243 Domine,
1669 2154 1821 2226 salvator
1832 2162 1964 2227 noster:

593 2265 700 2337 indica
727 2267 825 2342 nobis
850 2275 926 2344 vias
951 2275 1064 2361 vitae,
1090 2283 1125 2345 ct
1150 2274 1288 2344 semitas
1313 2269 1397 2342 lucis
1428 2269 1564 2366 plenas,
1596 2292 1683 2365 qnae
1714 2278 1810 2341 recta
1842 2269 1965 2344 mmm

593 2380 635 2452 ad
662 2395 794 2477 portum
819 2384 1033 2480 benignitatis
1059 2399 1154 2477 tuae,
1180 2397 1215 2459 ut
1240 2389 1275 2457 in
1300 2385 1416 2474 nobis,
1441 2408 1505 2481 pro
1531 2386 1648 2474 nobis,
1675 2394 1708 2456 et
1733 2394 1876 2481 propter
1901 2409 1962 2460 nos

593 2497 636 2568 ab
664 2499 817 2571 omuibus
843 2503 1023 2576 extollatur
1048 2525 1171 2576 nomen
1197 2511 1307 2592 uum,
1342 2502 1504 2597 simulque
1528 2504 1688 2595 unigeniti
1721 2501 1800 2574 Filii
1831 2505 1899 2592 tui,
1932 2512 1965 2574 et

593 2614 738 2709 Spiritus
766 2620 812 2688 tui
837 2624 955 2691 sancti.

699 2731 861 2824 Populus.
915 2734 969 2806 Ut.

696 2847 881 2920 Sacerdos.
934 2850 1019 2922 Pax.

696 2961 859 3057 Populus.
912 2966 955 3038 Et
981 2989 1056 3038 cum
1083 2969 1200 3061 spiritu
1226 2976 1294 3038 tuo.

695 3078 879 3153 Sacerdos.
932 3082 1006 3155 Sint
1032 3082 1302 3170 benedictiones,
1328 3092 1393 3153 etc.

695 3194 857 3289 Populos.
910 3196 1055 3270 Etcum
1081 3201 1198 3294 spiritu
1223 3208 1292 3269 tuo.

695 3310 883 3384 Diaconos.
936 3314 1058 3386 lterum
1085 3326 1186 3409 atque
1211 3316 1340 3385 iterum.

619 3585 795 3659 Sacerdos
808 3593 954 3681 froapil,
981 3596 1017 3660 et
1035 3593 1150 3682 cipum
1174 3593 1243 3657 tam
1261 3588 1348 3657 dicit
1367 3587 1564 3657 oratiam
1583 3592 1664 3655 calc
1682 3585 1785 3656 Pater
1810 3593 1936 3656 noster.
2041 3688 2043 3692 Ι

696 3774 788 3846 Vere
814 3779 901 3848 euim
928 3788 961 3849 et
988 3777 1209 3850 indubitanter
1234 3787 1270 3847 tu
1297 3797 1335 3847 es
1361 3777 1463 3847 Pater
1488 3785 1621 3846 sanctus
1648 3772 1722 3844 Filii
1748 3776 1875 3861 sancti,
1908 3774 1960 3867 qui

593 3889 742 3985 aequalis
770 3901 822 3964 est
848 3898 1024 3966 sanctitate
1050 3916 1123 3964 cum
1151 3893 1275 3989 Spiritu
1310 3902 1447 3981 sancto,
1482 3895 1537 3986 qui
1563 3901 1599 3962 ut
1624 3888 1794 3984 perfector
1819 3899 1855 3961 ct
1880 3887 1958 3960 Do-

594 4012 702 4077 minus
728 4009 761 4078 in
789 4013 911 4081 sanctis
939 4013 1142 4104 requiescis,
1171 4019 1205 4080 et
1229 4019 1392 4104 perpetuo
1419 4016 1535 4078 saneta
1561 4009 1827 4079 consecrantium
1847 4008 1960 4078 susei-

593 4126 655 4218 pis.
709 4122 760 4192 Tu
786 4146 824 4195 es
850 4124 927 4200 fons
955 4129 1158 4214 sanctitatis,
1184 4133 1218 4195 et
1244 4129 1342 4217 origo
1371 4124 1503 4211 auxilii,
1539 4133 1638 4195 tues
1668 4144 1790 4217 pareus
1822 4123 1960 4192 miseri-

593 4238 793 4329 cordiarum,
820 4250 854 4312 et
870 4253 966 4337 pater
981 4241 1188 4328 clementiae,
1215 4244 1410 4330 miserator,
1437 4240 1642 4327 misericors,
1669 4238 1867 4324 anniliator,
1893 4235 1960 4309 ad-

590 4358 699 4446 jutor,
731 4366 764 4426 et
800 4368 934 4430 curator
966 4380 1167 4454 pauperum,
1200 4355 1363 4449 refugium
1398 4356 1609 4444 afflictorum,
1644 4351 1821 4449 hospitium
1854 4374 1961 4447 pere-

593 4473 809 4563 grinantium,
835 4483 951 4569 portus
978 4485 1012 4546 et
1037 4475 1170 4567 requies
1196 4496 1313 4546 eorum
1339 4475 1395 4567 qui
1416 4475 1584 4564 jactantur
1609 4473 1643 4541 in
1669 4472 1763 4556 mari,
1789 4467 1961 4539 familiaris

592 4595 828 4681 peccatorum,
855 4590 1003 4662 medicus
1030 4590 1138 4661 bonus
1166 4588 1382 4662 infirmorum:
1410 4590 1463 4659 cui
1490 4596 1651 4682 acceptae
1682 4593 1759 4657 snut
1788 4583 1963 4678 lacrymae

593 4707 845 4795 poenitentium:
878 4710 932 4799 qui
959 4708 1082 4801 aspicis
1109 4703 1228 4777 sordes
1255 4728 1370 4778 eorum
1397 4704 1499 4797 quiin
1523 4705 1636 4774 cinere
1651 4700 1860 4774 volutantur:
1885 4698 1962 4770 lar·
2078 4788 2081 4797 „

594 4821 684 4908 gitor
711 4819 894 4909 donomm,
920 4819 1094 4894 thesaurus
1120 4843 1280 4912 gazarum
1308 4817 1551 4893 abundantium
1605 4816 1683 4889 Tibi
1705 4819 1761 4913 qui
1786 4813 1829 4886 ab
1856 4817 1963 4903 initio,

596 4941 630 5002 et
656 4938 835 5007 creationis
862 4936 972 5007 mimdi
998 4937 1205 5033 primordiis,
1233 4945 1371 5008 aeterne
1397 4942 1532 5007 amotus
1546 4954 1603 5023 es,
1630 4934 1804 5005 sanctitate
1830 4930 1964 5027 plenus,

596 5028 818 5120 sanctificator
844 5061 878 5121 et
910 5051 1079 5147 perfector
1113 5052 1328 5138 Sanctorum,
1362 5049 1577 5142 doxologiam
1613 5058 1762 5121 sanctam
1794 5041 1975 5134 mittimus,

597 5186 741 5258 quama
768 5165 853 5238 Filio
880 5177 937 5239 tao
963 5171 1132 5259 unigenito
1159 5166 1340 5239 didicimus.
1391 5164 1630 5258 Rogamusque
1656 5175 1690 5237 te
1716 5173 1829 5237 ntuos
1847 5185 1966 5238 omnes

596 5279 716 5372 dignos
743 5282 883 5371 efficias,
911 5286 967 5378 qui
993 5282 1096 5356 corde
1120 5306 1223 5378 puro,
1251 5292 1286 5355 et
1312 5280 1467 5355 ardenter
1492 5279 1666 5373 vigilante,
1693 5281 1767 5353 nelo
1793 5277 1967 5367 laudabili,
