5150 6534
945 841 975 916 S.
1008 843 1029 916 J
1037 839 1204 917 olitis
1250 840 1568 917 'hTthllCllhE
1855 842 1927 916 481

567 1027 829 1124 Episcopomm,
864 1029 918 1119 qui
950 1028 982 1096 in
1017 1050 1221 1122 quacumque
1254 1029 1394 1117 regione
1427 1026 1502 1098 olim
1538 1030 1680 1121 quietem
1714 1040 1930 1120 acceperuut:

569 1146 623 1238 qui
649 1169 668 1216 a
695 1144 794 1215 Petro
825 1147 840 1180 ⁴
867 1153 900 1213 ct
925 1142 1054 1214 lacobu
1088 1142 1273 1238 Apostolis,
1302 1143 1342 1213 ad
1370 1144 1467 1214 hnem
1493 1165 1598 1237 usqne
1626 1142 1750 1215 saecrdi
1784 1166 1847 1238 per
1874 1143 1930 1213 di-

568 1260 716 1330 vinarum
745 1282 852 1332 rerum
881 1258 1062 1330 doctrinam
1076 1259 1237 1355 praeclari
1255 1259 1502 1352 splenduerunt,
1521 1262 1640 1351 aprique
1653 1259 1930 1353 praedicaverunt

567 1377 600 1445 in
625 1375 787 1448 Ecclesiis
816 1377 877 1446 tuis
905 1378 1028 1446 sanctis
1056 1386 1090 1445 et
1116 1375 1387 1446 sacerdotalibus.
1439 1370 1452 1408 ⁵
1478 1376 1662 1469 Praecipue
1688 1397 1772 1446 vero
1800 1377 1928 1467 Ignatii,

566 1492 730 1586 Dionysii,
756 1492 941 1576 Athanasii,
969 1489 1094 1579 llasilii,
1122 1491 1287 1582 Gregorii,
1310 1490 1484 1576 Timothei,
1511 1490 1660 1578 Joannis,
1689 1490 1817 1585 Cprilli,
1844 1491 1928 1561 Phi-

565 1605 691 1693 loxeni,
720 1605 912 1690 Caelestini,
941 1604 1131 1692 Clementia,
1149 1608 1282 1693 Severi,
1309 1607 1439 1693 Jacobi,
1457 1605 1636 1701 Ephraem,
1664 1607 1927 1702 etreliqnormn3

564 1724 813 1819 Apostolorum,
840 1722 1103 1816 sanctorumque
1132 1722 1412 1809 orthodoxorum,
1444 1726 1497 1816 qui
1525 1720 1582 1792 tibi
1609 1723 1774 1822 manifesti
1802 1735 1834 1793 et
1860 1746 1926 1795 co-

564 1842 645 1931 gniti
672 1849 755 1910 sunt.

668 1954 842 2024 Sacerdos
868 1953 1004 2024 elaeone
1029 1975 1154 2023 aecem.
1195 1955 1309 2023 Insere
1335 1951 1371 2022 in
1394 1952 1492 2024 nobis
1519 1953 1661 2022 Domine
1688 1951 1784 2023 fidem
1813 1975 1927 2026 eorum

563 2092 696 2156 veram,
727 2070 898 2163 zelumque
931 2068 1060 2140 illorum
1100 2068 1295 2140 laudabilem
1332 2091 1392 2162 pro
1426 2090 1509 2138 vera
1543 2066 1723 2157 religione,
1757 2072 1927 2139 caritatem

507 2228 514 2248 ·-
564 2210 679 2260 eorum
707 2187 881 2271 sinceram,
909 2208 1020 2257 rnores
1048 2209 1162 2256 eorum
1191 2195 1318 2269 castos,
1354 2185 1450 2274 leges
1478 2205 1592 2253 corum
1619 2192 1745 2269 rectas,
1779 2206 1926 2279 praece-

562 2313 685 2399 ptaque
712 2312 825 2372 sancta
854 2300 994 2388 illorum,
1022 2305 1076 2394 qui
1102 2305 1367 2395 persecutionem
1385 2310 1418 2370 et
1436 2298 1594 2392 colaphos
1621 2304 1713 2393 passi
1739 2311 1813 2370 sunt
1839 2324 1926 2394 pro-

563 2429 638 2514 pter
663 2417 760 2489 hdcm
788 2416 1020 2488 orthodoxam:
1049 2421 1103 2511 qui
1130 2428 1268 2511 propter
1296 2439 1416 2487 nomen
1437 2425 1524 2485 tuum
1541 2425 1686 2485 sanctum
1705 2419 1927 2487 sustinuerunt

562 2536 830 2627 persecutioneS,
866 2543 1050 2618 tormenta,
1078 2544 1111 2603 et
1138 2537 1303 2603 cruciatus
1330 2553 1443 2602 coram
1470 2528 1638 2621 RegihuS,
1675 2542 1708 2601 et
1743 2532 1829 2603 colla
1865 2556 1925 2603 sua

562 2647 764 2719 tradiderunt
789 2671 850 2743 pro
878 2652 1019 2720 veritate
1046 2648 1121 2719 hdei
1138 2660 1226 2736 tuae,
1254 2658 1722 2740 certaveruntquegenerose.
1759 2648 1925 2719 Conhrma

562 2763 748 2835 Ecclesiam
776 2775 924 2835 sanctam
950 2786 1011 2858 pcr
1038 2767 1208 2835 orationes
1243 2787 1358 2835 eornm
1387 2760 1630 2855 acceptabiles,
1665 2773 1696 2832 ct
1729 2786 1790 2857 per
1817 2764 1925 2836 obsc-

562 2882 728 2949 crationes
755 2902 869 2950 cornm
896 2880 1000 2951 audiri
1028 2880 1158 2970 dignas,
1186 2903 1303 2973 pacem
1323 2889 1514 2973 perpetuam
1531 2876 1706 2948 Ecclesiae
1733 2888 1809 2950 tuac
1836 2902 1924 2952 eon-

561 2994 654 3065 cedc.
699 2994 890 3066 Doctrinum
917 3018 1032 3065 eorum
1058 2999 1091 3065 in
1120 2994 1290 3065 animabus
1317 2998 1440 3065 nostris
1468 2993 1643 3080 conhrma3
1671 3005 1704 3064 ct
1729 2999 1762 3065 in
1790 2994 1923 3067 habita-

560 3109 643 3181 culis
676 3133 790 3181 eorum
827 3110 1007 3181 benedictis
1041 3134 1103 3183 nos
1138 3111 1286 3183 colloca:
1321 3133 1382 3180 nos
1417 3132 1548 3203 qnoque
1579 3108 1675 3180 honis
1708 3111 1770 3182 illis
1806 3112 1923 3205 quibus

561 3226 780 3319 perfruuntur,
808 3224 860 3295 sac
887 3227 1044 3317 gaudere.
1084 3226 1206 3298 Libera
1235 3249 1366 3320 quoquc
1393 3247 1455 3294 nos
1483 3225 1523 3294 ab
1553 3223 1702 3297 omnibus
1728 3224 1922 3298 haeresibus

560 3344 768 3437 perniciosis,
796 3351 829 3411 et.
856 3341 976 3436 dissipa
1005 3342 1146 3437 populos
1175 3346 1229 3436 apri
1256 3342 1342 3413 bella
1370 3341 1497 3410 volunt:
1525 3339 1737 3420 rebelliones,
1765 3352 1798 3411 et
1825 3342 1922 3411 cala-

561 3458 690 3528 mitates
718 3459 750 3525 in
776 3460 933 3528 universo
963 3457 1045 3528 urhe
1066 3463 1259 3552 comprime:
1286 3460 1402 3547 virgas
1430 3456 1551 3525 luroris
1579 3466 1612 3525 et
1640 3459 1833 3528 tentationes
1860 3479 1921 3527 ar-

562 3571 642 3642 duas
677 3570 771 3643 aufer
805 3596 824 3642 a
858 3572 963 3642 nobis.
1026 3573 1078 3644 lla
1113 3574 1208 3645 nohis
1244 3584 1279 3644 ut
1313 3594 1513 3643 exornemur
1548 3570 1694 3642 moribus
1728 3573 1854 3667 pudicis
1889 3582 1923 3642 ct

562 3677 718 3782 operibus
745 3691 938 3775 sanctitatis,
967 3698 1140 3783 menteque
1169 3690 1373 3761 orthodoxa:
1411 3698 1443 3758 et
1469 3699 1602 3782 praesta
1629 3687 1725 3759 nohis
1752 3699 1787 3758 ut
1812 3712 1920 3759 reve-

560 3800 626 3872 lata
653 3801 739 3872 lucie
767 3805 868 3872 simus
902 3827 1015 3875 coram
1050 3814 1091 3890 te,
1128 3810 1202 3899 quia
1236 3818 1268 3876 tu
1303 3804 1409 3877 bonus
1444 3816 1476 3875 ct
1508 3804 1671 3895 benignus
1705 3826 1763 3891 es,
1800 3806 1921 3899 tibique

561 3915 701 4007 gloriam
729 3927 762 3987 et
788 3915 916 3988 landem
945 3920 1110 3992 ollerhnus
1137 3932 1201 3992 etc.

663 4031 823 4124 Populus.
877 4037 995 4106 Amen.

661 4146 835 4217 Sacerdos
861 4152 1052 4223 inclinatus.
1102 4152 1152 4222 Tu
1181 4155 1234 4246 qui
1261 4152 1368 4225 honus
1395 4174 1445 4239 ca,
1471 4151 1655 4246 plenusque
1681 4151 1918 4241 misericordia,

529 4282 533 4290 ·
559 4273 724 4334 memento
751 4270 976 4357 pergratiam
1005 4278 1101 4354 tuam,
1134 4278 1168 4338 et
1193 4291 1296 4362 parce
1322 4291 1382 4363 per
1408 4268 1472 4339 hoc
1499 4267 1692 4337 sacrificium
1720 4267 1918 4338 Sacerdoti-

560 4377 620 4450 bus
648 4377 851 4451 Orthodoxis
879 4386 932 4475 qni
960 4384 1037 4455 alirn
1065 4388 1272 4479 quieverunt,
1300 4386 1467 4471 DiaconiS,
1486 4382 1715 4468 subdiaconis,
1743 4382 1917 4469 Solitariis,

558 4493 741 4584 blonachis,
770 4507 803 4567 et
828 4501 1001 4591 unicuique
1029 4524 1143 4571 eorum
1179 4503 1232 4593 qui
1260 4503 1292 4570 in
1319 4502 1499 4571 ministerio
1527 4499 1765 4570 Ecclesiastico
1791 4520 1917 4568 recen-

499 4701 504 4712 ·
559 4620 681 4682 santur.
734 4613 886 4686 Patribus
914 4618 1011 4687 etiam
1046 4626 1079 4687 et
1112 4614 1266 4688 iratribus
1293 4619 1425 4699 nostris,
1454 4626 1516 4685 tam
1545 4615 1722 4686 secundum
1757 4616 1916 4707 spiritum,

558 4748 656 4820 qnam
681 4731 860 4800 secundnm
888 4753 1023 4826 corpus:
1061 4733 1287 4827 defunctisque
1314 4732 1463 4803 lidelibus
1498 4734 1553 4824 qui
1587 4727 1810 4801 decubuerunt
1842 4750 1916 4798 cum

557 4861 619 4934 spe
646 4852 712 4931 tua,
738 4848 771 4914 in
797 4845 861 4915 hde
888 4868 986 4918 vera:
1014 4858 1048 4918 ut
1074 4851 1300 4919 etiameorum
1322 4870 1457 4943 quorum
1485 4851 1611 4937 ignota,
1639 4845 1681 4916 ad
1707 4865 1916 4915 commemo-

557 4955 693 5027 randum
721 4970 796 5030 sunt
821 4964 964 5049 nomina,
993 4973 1025 5032 et
1052 4986 1189 5057 quornm
1217 4986 1371 5034 numerus
1399 4973 1496 5036 notus
1520 4959 1666 5034 esttibi:
1693 4963 1758 5031 mei
1785 4981 1917 5054 quoque

555 5069 683 5160 infirmi,
710 5084 905 5167 patrumque
932 5100 1079 5149 meorum
1107 5078 1327 5172 corporahnm
1355 5088 1389 5150 et
1415 5076 1636 5173 spiritualium.

660 5186 819 5280 Populus.
872 5191 976 5286 llprie
1003 5193 1138 5263 cleison.
