5150 6534
565 5599 910 5801 ι

1033 777 1273 909 ‘3ae
2125 832 2843 911 LITURGIA

1115 1018 1576 1113 Evangelicae
1629 1018 2125 1094 illustraverunt
2175 1019 2491 1094 tenebras
2514 1022 2835 1117 gentium,
2889 1028 2957 1091 et
3005 1022 3338 1116 persecuti
3392 1030 3546 1093 sunt
3594 1018 3862 1093 obscu-

1115 1159 1262 1207 rum
1316 1158 1613 1208 errorem
1668 1134 2074 1224 haereseon,
2125 1159 2296 1233 quae
2348 1135 2901 1234 blasphemabant
2965 1138 3165 1231 impie
3235 1136 3565 1208 adversus
3610 1136 3863 1209 Incar-

1113 1254 1454 1323 nationem
1504 1249 1715 1323 Verbi
1769 1254 2088 1344 unigeniti
2140 1252 2290 1325 Filii
2337 1256 2450 1343 tui,
2505 1264 2573 1326 et
2634 1249 2662 1289 ⁷
2714 1256 3021 1324 unionem
3075 1254 3144 1322 in
3167 1262 3425 1339 natura,
3479 1275 3630 1324 cum
3657 1274 3861 1325 carne

1116 1379 1409 1439 assumta
1465 1390 1557 1438 ex
1609 1378 1839 1440 sancta
1891 1371 2216 1461 genitrice
2268 1370 2397 1441 Dei
2450 1369 2871 1458 dividebant;
2923 1389 3338 1462 gregemque
3371 1365 3862 1439 sacerdotalem

1117 1481 1203 1556 ab
1254 1482 1563 1556 ‘onmibus
1614 1486 2005 1579 perniciosis
2055 1489 2328 1580 pascuis
2381 1485 2760 1579 dogmatum
2811 1504 3285 1580 perversorum
3339 1483 3860 1574 elongaverunt:
3905 1525 3910 1530 -

1117 1601 1272 1693 quia
1327 1599 1412 1670 ad
1466 1602 1805 1672 orationes
1860 1621 2093 1672 eorum
2147 1599 2594 1693 confugimus,
2645 1610 2719 1673 ut
2768 1604 2837 1673 in
2887 1599 3017 1672 fide
3046 1598 3406 1694 prudentes
3444 1600 3672 1685 simus,
3723 1596 3858 1669 ba-

1115 1713 1558 1809 bitaculisque
1612 1736 1842 1787 eornm
1896 1716 2127 1787 lucidis
2184 1716 2365 1810 digni
2419 1717 2798 1807 efficiamur,
2854 1726 2923 1787 et
2969 1712 3210 1786 lumine
3265 1713 3486 1785 vultus
3543 1717 3656 1801 tui.
3711 1737 3855 1785 cum

1116 1829 1464 1927 voluptate
1516 1829 2018 1927 perfundamur:
2074 1834 2228 1927 quia
2283 1843 2351 1921 tu
2401 1832 2731 1926 benignus
2796 1854 2871 1904 es
2938 1852 3104 1923 erga
3170 1853 3699 1922 unumquemque
3755 1833 3859 1925 qui

1116 1948 1187 2016 in
1238 1955 1306 2017 te
1359 1958 1606 2042 sperat,
1661 1955 1728 2020 et
1778 1946 1895 2019 tibi
1947 1947 2228 2039 gloriam
2282 1947 2658 2038 referimuS‚
2714 1960 2840 2021 etc.

1328 2061 1651 2155 Populus.
1760 2062 2001 2135 Amen.

1325 2176 1678 2249 Sacerdos
1730 2179 2113 2252 inclinat-ns.
2219 2180 2555 2251 Memento
2622 2179 2910 2251 Domine
2979 2201 3103 2274 per
3182 2177 3623 2249 abundantem
3707 2177 3855 2245 cle-

1118 2296 1429 2365 mentiam
1483 2302 1683 2385 tuam,
1738 2298 2021 2367 omnium
2077 2293 2535 2367 defunctorum
2604 2294 2932 2382 fidelium,
2999 2298 3111 2389 qui
3178 2321 3266 2365 ex
3338 2293 3462 2364 hnc
3530 2293 3683 2361 iarn
3751 2301 3863 2361 aut

1120 2432 1213 2480 ex
1264 2409 1461 2482 nobis
1513 2422 1731 2484 morte
1784 2409 1979 2483 divisi
2033 2420 2216 2499 sunt,
2270 2414 2335 2482 in
2402 2409 2831 2484 confessione
2902 2408 3326 2493 Orthoduxa,
3398 2421 3595 2501 atque
3664 2409 3859 2477 etiam

1121 2547 1215 2596 ex
1269 2529 1448 2597 omni
1499 2524 1684 2597 loco:
1737 2537 2021 2621 patrum.
2073 2525 2481 2620 fratrumque
2532 2536 2936 2615 nostrorum,
2994 2535 3124 2596 tam
3178 2525 3534 2597 secundum
3591 2545 3861 2593 carnem

1121 2664 1320 2737 quam
1385 2640 1747 2715 secundum
1829 2644 2161 2738 spiritum:
2229 2641 2702 2732 Sacerdotum‚
2790 2642 3274 2725 Diaconorum.
3358 2637 3859 2725 Manachnrnm.

988 2837 995 2841 ‚
1118 2754 1476 2855 hospitum,
1529 2757 1913 2845 alienorum,
1968 2760 2364 2853 praesertim
2415 2780 2587 2830 vero
2643 2780 2874 2831 eorum
2939 2780 3061 2852 pro
3119 2759 3354 2853 quibus
3414 2757 3683 2829 uffart-111-
3735 2757 3863 2825 huc

1119 2873 1537 2946 sacrificium.

1328 2990 1628 3060 fflevam
1690 3010 1938 3059 vocem.
2044 2987 2333 3060 Domine
2403 2990 2587 3061 Deus
2656 2990 2998 3083 spirituum
3067 2996 3134 3058 et
3202 2993 3406 3057 trinnis
3478 2993 3699 3058 narnis
3759 2988 3864 3057 fac

1120 3113 1195 3176 ut
1243 3105 1337 3176 illi
1390 3127 1622 3178 omnes
1675 3125 1955 3199 quorum
2009 3106 2456 3189 meminimu8‚
2499 3112 2583 3175 et
2633 3101 2725 3175 illi
2778 3105 2977 3175 etiam
3032 3124 3306 3197 quorum
3361 3125 3490 3173 nun
3551 3109 3867 3173 utemini-

1120 3242 1290 3308 mus,
1344 3223 1456 3314 qui
1507 3225 1574 3291 in
1626 3220 1755 3293 fide
1811 3218 2204 3293 orthodoxa
2272 3242 2364 3290 ex
2427 3223 2565 3291 vita
2619 3217 2744 3290 hac
2799 3216 3093 3290 mutabili
3148 3225 3623 3309 migraverunt.
3683 3221 3871 3309 digni

1119 3335 1280 3408 fiant
1331 3340 1468 3409 vita
1524 3335 1985 3422 indefectibili,
2050 3339 2116 3406 in
2183 3339 2328 3408 sinu
2393 3333 2776 3420 Abraham,
2845 3336 3039 3406 Isaac
3111 3347 3178 3405 et
3230 3333 3482 3420 Jacob..
3555 3337 3663 3405 ubi
3723 3346 3871 3405 sunt

1124 3474 1359 3524 omnes
1414 3456 1655 3525 sancti:
1709 3452 1822 3524 ubi
1876 3451 2147 3525 dolores
2201 3461 2269 3522 et
2321 3455 2673 3543 angustiae
2701 3472 2836 3523 non
2880 3454 3318 3545 reperiuntur.
3374 3449 3494 3521 sed
3534 3449 3643 3521 uhi
3687 3449 3875 3521 bea-

1123 3566 1330 3640 titudo
1396 3578 1466 3639 et
1532 3567 1845 3659 gaudium
1908 3575 2193 3659 regnant
2256 3565 2743 3639 tantummodo:
2826 3566 2938 3638 ubi
3003 3569 3378 3658 unigenitus
3446 3565 3647 3633 Filius
3723 3577 3871 3633 tuus

1128 3692 1350 3753 tecum
1405 3682 1488 3755 ab
1547 3682 1850 3755 omnibus
1905 3683 2351 3774 glorificatum
2419 3703 2543 3778 per
2605 3704 2796 3774 quem
2865 3683 3061 3754 etiam
3115 3681 3635 3753 misericordiam
3691 3705 3879 3749 crin—-

1123 3800 1350 3891 sequi,
1419 3808 1486 3868 et
1549 3798 2033 3870 revelationem
2094 3796 2294 3869 faciei
2366 3819 2594 3868 coram
2664 3806 2730 3865 te
2796 3819 3180 3890 speramuS.
3250 3809 3310 3865 et
3382 3805 3651 3889 propte-r
3723 3821 3875 3865 eum

1124 3920 1261 3982 tam
1313 3909 1508 3984 nobis
1550 3936 1760 4007 quam
1816 3917 1997 4008 ipsis.

1334 4028 1654 4121 Populus.
1762 4029 2069 4115 Quietem
2122 4038 2409 4124 praesta.

1333 4141 1699 4216 Sacerdos.
1807 4146 2110 4231 Quietem
2186 4155 2456 4239 praesta
2531 4144 2817 4214 Domine
2897 4146 2963 4212 in
3049 4141 3427 4245 habitaculo
3504 4143 3695 4232 regni
3775 4144 3871 4213 tui

1127 4258 1435 4331 omnibus
1488 4264 1596 4353 qui
1650 4263 1716 4329 in
1770 4281 1893 4356 spe
1946 4272 2055 4331 tua
2112 4259 2641 4348 obdormierunt,
2710 4270 2778 4330 et
2845 4256 3056 4329 libera
3127 4280 3252 4331 nos
3326 4269 3521 4352 atque
3572 4254 3726 4328 illos
3785 4258 3873 4330 ab

1127 4376 1288 4462 igne
1352 4374 1866 4465 inextinguibili,
1939 4385 2005 4446 et
2071 4397 2108 4444 a
2172 4396 2406 4446 verme
2477 4377 2588 4468 qui
2651 4398 2784 4448 non
2855 4376 3147 4445 moritur.
3234 4374 3496 4464 Dignos
3561 4371 3673 4444 fac
3742 4397 3879 4449 nos

1127 4486 1474 4584 voluptate
1539 4490 1649 4561 illa
1724 4513 1918 4585 quam
1985 4490 2214 4563 oculus
2266 4512 2402 4562 non
2454 4488 2643 4579 vidit,
2699 4500 2766 4561 et
2819 4493 2995 4561 auris
3049 4511 3185 4561 non
3239 4489 3476 4579 audiit,
3529 4510 3755 4582 neque
3813 4493 3882 4562 in

1134 4627 1257 4678 cor
1309 4603 1592 4678 hominis
1649 4607 1947 4680 ascendit
1997 4629 2170 4701 quae
2222 4604 2454 4677 electis
2506 4609 2635 4677 tuis
2689 4614 3090 4700 praeparata
3145 4614 3284 4688 est,
3350 4612 3420 4673 ut
3486 4604 3551 4673 in
3617 4602 3752 4675 hoc
3812 4616 3881 4677 et

1125 4722 1195 4790 in
1252 4720 1555 4794 omnibus
1608 4720 2015 4812 glorificetur
2068 4733 2136 4793 et
2186 4719 2489 4793 laudetur
2540 4743 2784 4793 nomen
2849 4731 3026 4792 tuum
3080 4719 3530 4808 benedictum,
3587 4726 3654 4789 et
3707 4724 3880 4791 uni-

1127 4838 1338 4926 geniti
1389 4836 1541 4907 Filii
1595 4840 1683 4909 tui
1738 4848 1806 4909 et
1858 4838 2138 4932 Spiritus
2193 4840 2284 4907 tui
2338 4840 2568 4907 sancti.
3173 4841 3178 4851 ‘

1338 4950 1659 5044 Populus.
1765 4951 1875 5041 Ut,
1930 4962 2050 5022 etc.

1338 5066 1706 5137 Sacerdos.
1810 5067 1977 5138 Pax.

1244 5240 1250 5246 .
1345 5180 1662 5274 Populus.
1768 5182 1854 5253 Et
1906 5205 2054 5252 cum
2108 5184 2338 5277 spiritu
2389 5193 2525 5256 tuo.

1348 5294 1714 5369 Sacerdos.
1821 5298 2288 5371 Miserationes
2342 5299 2470 5370 Dei
2522 5301 2651 5372 sint
2702 5320 2904 5396 super
2955 5321 3086 5371 vos
3141 5316 3397 5371 omnes.
