5150 6534
594 756 672 832 624
1099 753 1458 832 birunain

591 945 689 1018 tionis
715 941 906 1032 illuminato,
934 950 967 1012 et
993 943 1196 1035 cogitatione
1221 951 1364 1038 purgata
1391 939 1610 1014 obedientiae.
1643 943 1863 1038 Aspiciamus
1892 944 1972 1016 sin-

478 1059 481 1065 ’
593 1061 753 1152 gulariter
779 1068 812 1130 et
838 1057 1011 1131 videamus
1035 1055 1155 1129 Filium
1179 1059 1383 1149 unigenitum
1402 1058 1522 1146 Patris,
1548 1057 1679 1129 ductum
1699 1057 1741 1128 ad
1769 1061 1971 1154 passionem

595 1199 750 1268 magnam
777 1178 896 1247 crucis.

698 1293 740 1362 ln
766 1289 973 1383 Epiphania.
1027 1290 1091 1376 Oui
1119 1288 1252 1361 inclinat
1276 1300 1376 1384 caput
1402 1312 1496 1362 suum
1522 1288 1719 1386 baptismati.

697 1408 885 1478 Diaconos.
940 1405 1080 1478 Oramus
1105 1427 1224 1500 pacem
1249 1404 1434 1478 nobiscum.
1662 1493 1671 1508 .

699 1523 746 1592 Et
772 1522 856 1592 dicit
881 1521 1057 1592 Sacerdos
1081 1520 1171 1592 bunc
1198 1524 1397 1593 orationem.
1446 1521 1475 1595 0
1501 1523 1643 1596 Domine
1669 1531 1704 1593 et
1727 1522 1824 1594 Deus
1853 1533 1973 1594 noster

595 1648 719 1712 coerce
746 1640 967 1730 cogitationes
993 1659 1099 1728 meaS,
1125 1660 1169 1708 ne
1196 1646 1383 1731 evagentur
1415 1641 1448 1709 in
1475 1637 1677 1711 vanitatibus
1702 1635 1799 1729 hujus
1829 1639 1972 1712 saeculi.

752 1913 927 1984 Socerum
952 1913 1037 1983 dicit
1064 1912 1261 1982 Orationem
1285 1912 1376 1984 bono
1402 1912 1635 1985 inclinationis
1659 1919 1807 1984 secreto.

701 2102 773 2174 Nos
807 2125 939 2196 quoque
970 2103 1113 2174 Domine
1151 2104 1244 2177 Deus
1279 2102 1381 2174 Pater
1413 2101 1528 2192 fortis,
1567 2123 1869 2176 commemoramus
1904 2103 1972 2178 boc

596 2228 828 2314 praeceptum,
864 2228 898 2289 et
929 2217 1065 2290 salutem
1098 2241 1184 2312 quae
1215 2220 1321 2291 nostri
1353 2239 1455 2290 causa
1490 2218 1579 2290 lacta
1614 2229 1675 2292 est.
1727 2218 1821 2289 Ante
1858 2223 1970 2292 omnia

597 2335 774 2422 credimus,
801 2343 834 2404 et
860 2335 1053 2406 conlitemur
1079 2345 1111 2407 te
1137 2334 1230 2406 Deus
1255 2336 1358 2406 Pater
1383 2357 1477 2422 vere,
1505 2347 1539 2407 et
1564 2333 1681 2407 Filium
1708 2344 1884 2406 aeternum
1913 2335 1971 2406 di-

597 2453 741 2523 vinitatis
768 2453 987 2541 unigenitum,
1021 2455 1074 2544 qui
1110 2474 1156 2522 ex
1189 2462 1222 2522 te
1256 2460 1329 2538 est,
1363 2473 1425 2544 per
1455 2450 1831 2524 consubstantialitatem
1860 2461 1971 2523 tecum

598 2569 813 2657 conjunctim:
842 2565 1120 2661 dispensationem
1147 2570 1220 2659 ejus
1248 2565 1495 2657 admirabilem,
1526 2590 1612 2662 quae
1646 2590 1707 2662 per
1732 2565 1972 2640 humanitatem

596 2693 744 2757 nostram
771 2680 897 2769 ellectu,
925 2692 959 2753 et
983 2695 1121 2779 propter
1147 2684 1284 2755 salutem
1312 2694 1460 2755 nostram
1487 2682 1710 2756 administrata
1737 2692 1804 2754 est:
1834 2704 1972 2756 crucem

598 2808 632 2870 et
658 2801 861 2894 passionem,
888 2809 1040 2889 mortem,
1067 2801 1280 2895 sepulturam,
1307 2803 1586 2871 resurrectionem
1615 2802 1710 2871 tertia
1737 2797 1810 2880 die,
1841 2823 1972 2872 ascen-

599 2920 727 2989 sionem
754 2918 788 2985 in
814 2913 954 3002 coelum,
986 2919 1172 2988 sessionem
1206 2917 1248 2989 ad
1280 2918 1475 3007 dexteram,
1511 2930 1545 2990 et
1577 2918 1756 2991 secundum
1789 2917 1974 2988 adventum

598 3032 641 3103 ad
667 3026 730 3102 no's
758 3030 942 3122 gloriosum
969 3031 1102 3104 Domini
1128 3037 1233 3105 nostri
1259 3035 1342 3107 lesu
1369 3035 1501 3121 Cbristi,
1530 3037 1562 3106 in
1590 3058 1655 3128 quo
1679 3033 1892 3125 judicaturus
1920 3042 1973 3104 est

494 3167 497 3172 ’
595 3151 697 3219 vivos
724 3157 758 3218 et
782 3156 948 3234 mortuos,
976 3159 1009 3219 et
1035 3147 1220 3222 redditurus
1239 3154 1414 3245 unicuique
1429 3149 1608 3225 secundum
1636 3171 1740 3245 opera
1761 3171 1834 3222 sua.
1869 3147 1972 3220 Con-

596 3264 726 3335 fitomur
752 3266 850 3334 etiarn
877 3263 1035 3358 Spiritum
1062 3276 1222 3353 sanctum,
1251 3270 1305 3362 qui
1332 3277 1384 3339 est
1411 3266 1452 3337 dc
1480 3266 1662 3340 substantia
1695 3265 1847 3357 gloriosa
1875 3264 1972 3335 divi-

596 3383 707 3452 nitatis
739 3390 829 3451 tuae:
867 3383 922 3474 qui
957 3390 1064 3452 tecum
1097 3391 1229 3454 etcum
1256 3386 1426 3475 unigenito
1454 3394 1521 3474 tuo,
1548 3381 1707 3454 adoratur
1732 3390 1766 3451 et
1791 3379 1971 3472 glorifica-

599 3507 665 3568 tur:
701 3507 733 3568 et
769 3495 935 3568 offerimus
968 3495 1025 3567 tibi
1061 3497 1256 3571 sacrificium
1292 3500 1356 3570 hoc
1388 3503 1522 3588 vivum,
1558 3508 1722 3586 sanctum,
1749 3494 1970 3592 acceptabile,

597 3612 824 3707 praeclarum,
859 3624 894 3684 et
926 3617 1150 3704 incruentum,
1181 3636 1244 3708 pro
1280 3615 1433 3687 omnibus
1460 3617 1638 3687 creaturis:
1664 3626 1697 3687 et
1722 3635 1783 3708 pro
1811 3611 1970 3684 Ecclesia

599 3741 724 3816 sancta,
751 3729 949 3824 Apostolica
976 3739 1010 3800 ot
1045 3730 1231 3817 Catholica‚
1266 3754 1352 3824 quae
1386 3743 1438 3803 est
1469 3753 1489 3801 a
1517 3730 1636 3801 linibus
1670 3752 1774 3823 usque
1809 3727 1852 3799 ad
1887 3728 1969 3799 lines

598 3855 727 3932 terrae,
761 3855 795 3915 ut
828 3868 1013 3917 conserves
1049 3869 1121 3917 eam
1154 3846 1440 3943 imperturbatam,
1479 3856 1514 3917 et
1544 3846 1693 3917 illaesam
1735 3841 1775 3913 ab
1815 3844 1969 3915 omnibus

599 3961 783 4049 scandalis,
815 3974 849 4033 et
880 3984 947 4033 non
983 3966 1083 4034 sitin
1111 3986 1151 4035 ea
1178 3964 1328 4050 macula,
1360 3986 1468 4056 noque
1500 3960 1617 4050 labes,
1644 3982 1752 4054 neque
1778 3981 1884 4050 ruga,
1913 3969 1970 4030 aut

600 4079 774 4174 quidquam
801 4079 915 4150 simile.
969 4079 1020 4150 Tu
1047 4081 1132 4149 enim
1160 4078 1271 4150 dixisti
1305 4102 1365 4173 per
1392 4078 1508 4150 Filium
1536 4090 1624 4149 tuum
1658 4078 1861 4167 unigenitum
1889 4076 1969 4147 Do-

598 4199 720 4265 minum
746 4205 895 4266 nostrum
921 4195 1035 4266 lesum
1065 4195 1247 4282 Christum,
1275 4195 1363 4289 quod
1389 4204 1507 4266 vectes
1539 4192 1658 4264 inferni
1684 4213 1752 4262 non
1778 4192 1968 4286 praevale-

597 4310 678 4383 bunt
711 4312 873 4383 adversus
909 4333 992 4381 earn.
1045 4310 1088 4381 Et
1118 4334 1180 4406 pro
1217 4312 1368 4383 omnibus
1405 4310 1583 4406 Episcopis
1622 4313 1656 4379 in
1701 4310 1790 4378 omni
1823 4305 1903 4379 loco
1937 4318 1970 4378 ct

598 4431 748 4519 regione,
769 4418 831 4522 'qui
858 4427 1050 4522 praedicant
1075 4438 1200 4498 rectum
1227 4426 1368 4499 verbum
1395 4426 1471 4497 lidei
1497 4448 1612 4497 verae.
1656 4423 1700 4494 Et
1725 4444 1787 4517 pro
1817 4422 1970 4494 omnibus

600 4544 848 4631 Sacerdotibus,
877 4546 931 4638 qui
958 4543 1147 4616 sacerdotio
1174 4543 1354 4634 bunguntur
1380 4565 1494 4614 coram
1521 4553 1574 4628 te,
1606 4545 1640 4611 in
1662 4541 1788 4632 justitia
1822 4546 1856 4608 et
1884 4561 1970 4610 san-

597 4664 707 4732 ctitate
734 4665 894 4732 veritatis,
949 4660 992 4730 Et
1024 4683 1086 4755 pro
1121 4659 1272 4731 omnibus
1306 4660 1465 4730 Diaconis
1502 4661 1557 4752 qui
1593 4665 1797 4728 conservant
1831 4665 1971 4749 myste-

595 4778 679 4847 rium
704 4777 780 4848 fidoi
809 4788 886 4848 tuae
911 4779 944 4846 in
972 4779 1174 4848 conscicntia
1211 4798 1301 4871 pura.
1355 4774 1399 4845 Et
1429 4796 1492 4869 pro
1526 4776 1615 4847 omni
1650 4784 1737 4843 statu
1770 4770 1889 4865 populi
1924 4773 1971 4841 tui

596 4896 641 4986 pii
668 4904 700 4964 ct
727 4896 831 4965 sancti
858 4896 891 4963 in
919 4916 1126 4987 quocumque
1152 4891 1239 4964 loco.
1291 4889 1335 4962 Et
1362 4911 1424 4986 pro
1457 4890 1609 4963 omnibus
1643 4891 1698 4983 qui
1729 4890 1876 4958 scienter
1914 4887 1972 4958 vel

598 5013 790 5100 ignoranter
817 5019 1041 5105 peccaverunt
1067 5018 1100 5080 et
1127 5008 1332 5081 offenderunt
1358 5030 1472 5080 coram
1499 5018 1541 5077 te.
1594 5005 1638 5078 Et
1672 5026 1732 5100 pro
1767 5024 1873 5074 servo
1912 5015 1970 5076 tuo

601 5138 781 5219 peccatore
808 5135 841 5195 et
868 5127 1037 5196 criminum
1064 5148 1145 5211 reo,
1173 5147 1269 5219 quem
1296 5146 1357 5220 per
1392 5127 1532 5215 gratiam
1567 5133 1653 5193 tuarn
1689 5120 1823 5211 dignum
1858 5121 1972 5192 iecisti

602 5241 760 5315 ollerendi
788 5265 900 5313 coram
928 5252 960 5312 te
987 5242 1071 5312 luauc
1102 5242 1313 5314 oblationem.
1365 5239 1408 5311 Et
1443 5262 1504 5336 pro
1538 5239 1688 5311 omnibus
1721 5239 1775 5331 qui
1808 5236 1975 5309 laudabi-
