5150 6534
473 896 489 909 .
607 852 684 927 sco
988 798 989 801 Ὺ
1111 851 1503 936 nicanori.

633 1122 669 1193 3.
696 1126 831 1217 Aquam
845 1124 937 1195 illam
955 1125 1108 1218 deputatu,
1126 1147 1199 1195 cam
1216 1124 1319 1195 turba
1333 1124 1577 1217 discipulam
1596 1131 1730 1197 tucamn
1744 1124 1958 1198 consedisset.

719 1315 797 1392 lucu
819 1327 932 1408 legitur
953 1327 982 1389 in
1006 1328 1101 1407 priori
1121 1326 1269 1410 Litargiu,
1293 1334 1324 1389 et
1342 1327 1373 1387 iu
1395 1326 1571 1407 quibusdam
1594 1325 1671 1407 aliis,
1695 1346 1735 1390 cx
1757 1329 1907 1392 communi
1918 1328 1984 1392 Ec-

468 1411 469 1415 *
604 1429 764 1492 etesiarum
785 1425 883 1511 prope
905 1431 1036 1492 omnium
1051 1429 1227 1492 traditione:
1249 1431 1280 1492 in
1303 1447 1361 1511 qua
1384 1437 1482 1492 tumen
1505 1429 1647 1510 opinione
1669 1448 1730 1493 nou
1747 1429 1844 1493 tuisse
1862 1430 1983 1513 Hippo·

604 1528 699 1608 lytum
721 1527 901 1607 Romanurn,
932 1536 964 1590 ut
993 1528 1076 1591 illum
1098 1535 1209 1591 vocant
1232 1528 1418 1604 orientales,
1447 1545 1548 1608 namne
1569 1528 1637 1590 htar
1658 1529 1824 1610 Joanuem,
1851 1536 1982 1614 testatur

603 1626 750 1689 Barsalibi
777 1628 808 1689 in
837 1626 1058 1690 Commentario
1081 1627 1118 1690 od
1141 1626 1340 1711 Evangelium
1367 1625 1525 1704 Matthaei,
1556 1627 1642 1689 utin
1665 1625 1807 1690 Tractatu
1829 1627 1869 1691 de
1891 1627 1982 1691 Feria

605 1727 706 1806 quinta
736 1725 842 1806 majori
872 1733 904 1788 ct
931 1725 1137 1789 Eucharistiae
1167 1727 1354 1788 institutione
1382 1742 1448 1806 cap.
1472 1725 1501 1786 5.
1531 1724 1661 1789 videnda
1691 1744 1770 1807 quac
1798 1728 1928 1790 diximus
1949 1726 1980 1789 in

605 1824 684 1884 notis
707 1822 745 1884 ad
767 1822 934 1905 Liturgiam
955 1823 1106 1888 Dioscori.

1057 2130 1536 2177 —W

982 2523 1587 2700 LITURGIA

835 2854 1128 2972 SEVERI
1197 2852 1710 2972 ANTIOCHENI
1776 2860 1786 2870 ’

690 3093 792 3181 outa
818 3092 859 3168 u
883 3091 983 3169 nus
1011 3089 1211 3171 coeranus
1238 3090 1421 3170 umorum
1445 3090 1703 3170 munaum
1729 3089 1892 3170 cronon

1015 3363 1136 3435 Oratio
1165 3371 1246 3435 aotc
1273 3362 1422 3435 occataan
1447 3361 1565 3434 Pacis.

667 3558 785 3663 Duas
813 3584 931 3681 opifex
958 3590 1121 3676 omnium,
1147 3588 1328 3681 praecipue
1354 3607 1440 3658 vero
1467 3584 1626 3673 hominis,
1659 3605 1758 3679 quem
1791 3586 1971 3659 secudum

598 3700 842 3773 similitudinem
867 3712 969 3789 tuam,
996 3701 1104 3775 fecisti
1129 3700 1343 3788 rationalem,
1377 3709 1423 3771 ct.
1442 3699 1484 3771 ud
1511 3698 1544 3770 id
1572 3698 1661 3795 quod
1688 3710 1741 3772 est
1765 3699 1856 3773 illum
1880 3724 1969 3798 pro-

597 3814 731 3903 duxisti,
759 3816 915 3910 illumque
942 3815 1037 3889 donis
1064 3820 1129 3888 tuis
1156 3817 1276 3889 divinis
1310 3818 1450 3887 ornasti:
1483 3818 1539 3909 qui
1564 3813 1676 3908 legem
1708 3819 1856 3891 cantatis
1889 3840 1969 3888 mu-

595 3943 674 4003 tuae
699 3931 796 4004 nohis
823 3933 976 4026 posuisti,
1004 3934 1138 4026 quivis
1165 3944 1201 4005 ut
1228 3951 1345 4005 omncs
1372 3953 1472 4001 unum
1500 3934 1620 4022 simus,
1656 3934 1742 4003 sicut
1766 3941 1802 4001 tu
1828 3940 1864 4002 et
1888 3934 1969 4002 uni-

595 4050 728 4138 genitus
755 4047 860 4118 Filius
896 4056 989 4136 tuus,
1016 4047 1178 4120 Dominus
1212 4057 1246 4120 et
1279 4048 1373 4118 Deus
1407 4058 1523 4120 noster
1554 4046 1655 4119 Jesus
1684 4043 1835 4119 Christus
1869 4068 1970 4117 unum

596 4167 693 4236 estis:
720 4172 755 4233 tu
781 4183 866 4253 ergo
893 4184 956 4234 nos
983 4160 1026 4233 ah
1054 4169 1143 4235 omni
1169 4163 1342 4261 hypocrisi
1368 4160 1527 4253 liberans,
1553 4172 1587 4233 et
1613 4161 1716 4235 corda
1736 4172 1852 4235 nostra
1878 4183 1971 4234 cou-

591 4278 738 4369 jungens
771 4300 833 4373 per
865 4281 1213 4367 communicationem,
1253 4289 1288 4351 et
1322 4278 1477 4370 gaudium
1513 4278 1656 4373 Spiritus
1683 4280 1729 4349 tui
1756 4280 1880 4363 sancti,
1914 4276 1971 4348 iac

595 4414 660 4465 nos
688 4393 808 4486 dignos
837 4393 1039 4487 apprecandi
1065 4405 1209 4467 mutuam
1236 4418 1355 4491 pacem
1382 4398 1414 4464 in
1442 4392 1559 4467 osculo
1586 4404 1723 4483 sancto,
1757 4416 1858 4463 unum
1883 4414 1970 4464 cor-

594 4531 658 4604 pus
686 4520 720 4580 et
746 4529 829 4578 unus
857 4508 1000 4602 Spiritus
1027 4513 1230 4601 existentes,
1263 4515 1348 4583 sicut
1384 4520 1417 4581 et
1450 4513 1565 4580 vocati
1599 4531 1712 4581 sumus
1743 4512 1777 4579 in
1811 4531 1877 4579 una
1906 4530 1971 4604 spe

593 4627 783 4696 vocationis
809 4624 958 4694 nostrae:
985 4646 1046 4717 per
1073 4625 1239 4700 Christum
1265 4627 1379 4698 Jesum
1407 4626 1584 4697 Dominum
1611 4635 1774 4714 nostrum,
1801 4646 1876 4695 cum
1899 4647 1969 4719 quo

594 4749 627 4809 te
654 4739 752 4811 decet
777 4738 887 4830 gloria
913 4747 948 4809 et
972 4738 1090 4811 honor.
1785 4747 1789 4753 ’

696 4854 882 4925 Sacerdos.
936 4852 1019 4924 Pax.

698 4968 859 5063 Populus.
912 4967 1056 5040 Etcum
1082 4970 1207 5065 Spiritu
1233 4983 1302 5043 tuo.
1431 5011 1437 5018 ·

695 5084 885 5157 Diaconos.
937 5086 1064 5157 Demus
1090 5108 1208 5181 pacem
1236 5088 1472 5181 unusquisque,
1499 5093 1562 5156 etc.

697 5199 858 5294 Populos.
915 5199 1039 5304 Coram
1066 5210 1100 5273 te
1125 5203 1279 5275 Domine.

697 5315 882 5389 Sacerdos.
934 5318 1078 5391 Domine
1110 5316 1204 5392 Deus
1238 5322 1294 5414 qui
1329 5319 1482 5391 dilectum
1518 5315 1636 5389 Filium
1679 5326 1768 5388 tuum
1805 5312 1972 5391 demisisti
