5150 6534
841 820 1544 949 1111111111111111111.
1826 870 1874 945 11

508 1057 634 1135 saepiat
659 1061 691 1115 et
710 1054 851 1116 tumultu:
877 1057 923 1117 ita
951 1057 1041 1117 etiam
1068 1054 1118 1116 itio
1144 1054 1266 1133 placide
1295 1054 1463 1132 descendit,
1494 1062 1524 1115 et
1551 1055 1653 1117 uniar
1677 1056 1878 1135 personaliter

504 1152 1155 1235 pametoimmmenmtnpmnbme.

594 1253 667 1316 biox
689 1253 767 1315 idem
789 1251 963 1335 'theologus
985 1254 1031 1315 sic
1051 1253 1256 1333 prosequitur.
1301 1251 1465 1332 Postquam
1486 1259 1586 1313 mnem
1608 1251 1764 1314 Sacerdos
1786 1256 1877 1317 inco-

508 1354 592 1413 cacit
603 1351 749 1431 Spiritum
771 1359 907 1413 sanctum
920 1352 1091 1426 inclinatus,
1114 1353 1203 1430 eripit
1223 1370 1266 1425 se,
1285 1357 1315 1411 et
1328 1351 1411 1425 dicit,
1426 1349 1463 1411 Ut
1476 1350 1651 1426 adveniens,
1660 1359 1718 1414 ete.
1743 1352 1879 1433 ibaeque

509 1448 649 1512 Oblatam
671 1458 717 1511 ter
739 1467 828 1510 cruce
850 1452 959 1531 sipnat,
982 1458 1028 1512 ter
1050 1468 1164 1529 quamne
1186 1449 1328 1510 enicem:
1350 1456 1383 1509 nt
1396 1450 1441 1509 ita
1452 1451 1609 1529 mortificet,
1630 1450 1726 1512 Derim
1744 1451 1879 1526 Verbimr,

508 1549 661 1611 oobmtote
686 1549 792 1610 Patris
818 1549 1015 1626 descendere,
1046 1555 1075 1609 et
1096 1548 1182 1609 illabi
1201 1550 1234 1608 in
1254 1549 1414 1629 mysteria,
1442 1568 1537 1629 eaque
1559 1550 1709 1627 perficere
1727 1568 1785 1629 per
1805 1550 1880 1630 Spi-

508 1648 600 1709 ritum
620 1658 767 1722 sanctum,
786 1666 898 1725 panem
919 1648 1055 1727 quidem,
1085 1650 1136 1720 (nt
1156 1648 1212 1721 sit)
1242 1665 1369 1725 corpus:
1398 1649 1517 1708 mistmn
1543 1648 1624 1726 quod
1651 1648 1684 1708 in
1706 1648 1803 1709 calice
1824 1658 1880 1723 est,

508 1742 624 1826 efficiat
643 1748 827 1825 sanquinem.
871 1745 983 1806 lterum
1006 1764 1066 1824 per
1091 1746 1238 1823 triplicem
1259 1746 1341 1807 ittam
1367 1744 1605 1825 obsipnationem
1625 1746 1776 1825 npnficat
1796 1748 1879 1815 illstd,

511 1843 640 1925 Spiritus
662 1851 783 1907 sanctus
807 1846 1002 1923 superveniet
1029 1845 1059 1906 in
1082 1851 1131 1920 te,
1162 1852 1194 1905 et
1220 1845 1316 1906 virtus
1345 1843 1491 1906 Altissimi
1520 1843 1709 1907 obumbrabit
1736 1844 1799 1909 tibi.
1843 1846 1881 1908 Si
1964 1845 1968 1852 ’

508 1945 626 2023 miden
644 1952 803 2024 postauam
824 1925 1004 2005 cansec‘rota
1016 1952 1062 2004 est
1071 1941 1193 2021 Oblata,
1217 1944 1336 2004 habitat
1355 1944 1387 2003 in
1409 1961 1447 2004 eo
1464 1942 1598 2019 Verbum,
1622 1945 1701 2004 sicut
1717 1952 1878 2025 pastoriam

507 2045 699 2122 martificata
721 2047 767 2102 est
793 2042 881 2121 Virpo
899 2061 957 2121 per
976 2040 1121 2120 Spiritstm
1143 2050 1298 2115 sanctum,
1327 2041 1478 2102 habitavit
1502 2044 1533 2102 in
1562 2061 1600 2103 eo
1634 2042 1759 2104 Verbum
1779 2043 1879 2105 Deus.-

507 2141 553 2201 ita
573 2158 687 2220 quaque
706 2160 764 2219 per
782 2141 963 2201 oomutmcm
983 2139 1089 2201 Patris
1111 2140 1168 2216 sui,
1192 2147 1221 2201 et
1238 2159 1297 2219 per
1319 2141 1457 2217 illapsum
1476 2140 1610 2219 Spiritum
1631 2143 1739 2216 sancti,
1759 2145 1880 2223 perficit

504 2257 619 2318 panem
640 2256 769 2317 carpus:
798 2247 829 2299 et
847 2223 949 2300 cirum
970 2241 1144 2319 sanmrinem
1167 2241 1249 2312 (sive
1271 2238 1389 2319 perimit
1410 2245 1443 2300 ut
1465 2241 1524 2300 sint
1546 2258 1659 2321 eorpus
1684 2248 1714 2302 et
1736 2241 1877 2322 sangnis)

509 2339 594 2416 ejus,·
623 2337 728 2398 eadem
753 2339 887 2412 ratione,
916 2357 954 2399 ac
981 2340 1132 2400 cohmtote
1156 2337 1261 2399 Patris
1283 2340 1348 2413 sui,
1375 2336 1599 2418 perspiritum
1624 2358 1710 2400 sunm
1732 2345 1878 2413 sanchtm,

508 2436 622 2517 absorte
633 2438 796 2498 nutatim
816 2438 904 2498 homo
924 2438 1027 2515 factus
1041 2445 1087 2498 est
1099 2457 1139 2498 en
1155 2436 1285 2517 Vimine,
1308 2445 1397 2517 atque
1418 2439 1463 2497 ita
1478 2457 1518 2497 es
1526 2455 1616 2516 pane,
1634 2458 1693 2518 per
1700 2445 1878 2517 potestatem

507 2534 613 2612 Patris
633 2555 723 2597 unum
745 2555 857 2616 corpus
878 2538 1023 2611 coeleste,
1053 2537 1203 2615 sipnificat
1230 2539 1419 2617 ntysterium,
1451 2554 1509 2615 qno
1543 2555 1583 2597 ex
1612 2538 1785 2615 diuinitate,
1816 2556 1878 2598 una

507 2641 620 2696 natssra
648 2636 810 2696 incantato
839 2643 869 2696 et
890 2654 1024 2714 persona
1051 2637 1218 2714 omnposita
1247 2643 1309 2696 est:
1336 2638 1464 2715 unioqne
1491 2636 1544 2696 illa
1569 2639 1698 2717 mystica
1726 2637 1878 2715 significat

507 2734 647 2795 1111111111
667 2735 835 2794 naturalem
857 2742 887 2794 et
904 2736 1095 2812 personalem
1121 2734 1208 2795 Verbi
1221 2740 1297 2795 'cum
1319 2753 1413 2795 carne
1434 2753 1500 2798 nin.
1545 2734 1628 2797 Haec
1650 2734 1812 2813 Barsalihi,
1835 2752 1875 2796 ex

508 2832 657 2894 communi
685 2831 808 2894 aliorum
837 2832 1060 2914 Theologorum
1090 2832 1294 2895 Jacobitarum
1322 2836 1486 2913 sententia,
1517 2851 1576 2896 non
1605 2836 1700 2896 minus
1731 2834 1876 2915 Syrorum

507 2947 596 3011 quiam
617 2932 849 3015 Acgyptiorum,
873 2951 1000 3014 quorum
1024 2933 1093 2996 alibi
1116 2936 1285 2996 testimonia
1307 2931 1489 2994 reseruntur.

594 3030 728 3094 Vidimus
760 3049 839 3111 quae
867 3025 946 3094 illius
977 3033 1079 3112 opinio
1107 3033 1186 3096 iuret
1215 3035 1253 3096 de
1283 3032 1506 3095 Dominicorum
1536 3033 1698 3095 verborum
1728 3032 1870 3105 efficacia,
1917 3034 2017 3086 bullam
2040 3036 2195 3105 singularem
2287 3080 2289 3082 .

507 3149 608 3213 neque
627 3129 855 3195 existimandum
877 3139 923 3194 est
946 3130 1069 3193 illumin
1086 3133 1193 3194 eodem
1215 3150 1310 3213 opere
1334 3132 1485 3192 contraria
1508 3132 1678 3212 scripsisse,
1702 3132 1770 3193 11111
1793 3122 2194 3219 111110111110111101111911·

506 3229 687 3294 videbuntur
700 3249 737 3292 ea
750 3249 828 3312 quae
842 3250 912 3294 mox
926 3230 1092 3309 retulimus,
1115 3232 1144 3293 in
1159 3231 1266 3312 quibus
1280 3231 1318 3292 de
1331 3230 1532 3292 invocationis
1550 3230 1659 3292 ellectu
1675 3237 1732 3291 tam
1752 3232 1873 3313 magni-
1885 3212 1955 3260 “⁰¹¹⁰
1964 3205 2194 3260 uaducumonen-

508 3331 565 3393 irae
586 3331 732 3412 loquitur,
761 3331 788 3392 si
818 3348 836 3392 a
865 3332 1095 3411 praeoccupatis
1125 3330 1292 3393 hominibus
1321 3330 1359 3391 ad
1388 3329 1579 3392 Bessnrionis
1600 3338 1630 3392 et
1652 3329 1778 3391 Arcadii
1802 3339 1873 3391 tru-

506 3431 598 3492 tinam
620 3430 839 3510 expendantur.
867 3430 1004 3506 Eiiciant,
1027 3430 1053 3491 si
1075 3429 1167 3508 lubet,
1191 3449 1231 3491 ex
1252 3430 1331 3491 illius
1355 3430 1500 3490 orationis
1523 3430 1625 3492 verbis
1648 3447 1771 3492 errores
1794 3428 1873 3490 mul-

477 3513 480 3519 *
506 3529 638 3609 tiplices;
660 3529 733 3591 nihil
755 3537 847 3612 agunt
869 3537 972 3591 contra
990 3529 1085 3609 Syros
1109 3538 1140 3591 et
1161 3527 1296 3609 reliquos
1310 3528 1492 3605 Orientales,
1506 3545 1604 3609 neque
1618 3537 1723 3590 eontra
1739 3528 1873 3591 Graecos

506 3630 604 3709 ipsos,
626 3630 675 3709 qni
697 3627 776 3690 iilius
799 3628 944 3691 orationis
968 3637 1089 3690 autores
1111 3645 1174 3691 uon
1197 3627 1333 3704 inerunt,
1364 3613 1419 3690 sed
1448 3646 1514 3689 eam
1542 3634 1690 3707 perpetua
1713 3625 1873 3689 traditione

506 3725 742 3789 commendatam
765 3745 781 3787 a
803 3726 966 3808 majoribus
989 3735 1182 3807 acceperunt.
1221 3727 1341 3789 Vidisse
1371 3735 1429 3787 tam
1453 3733 1586 3802 acutum,
1616 3726 1875 3787 Turrecrematam

506 3833 536 3888 et
558 3825 645 3904 alios,
669 3833 700 3888 ut
714 3843 792 3906 quae
806 3827 917 3889 sanctis
930 3826 1065 3888 Patribus
1088 3828 1136 3906 pia
1160 3834 1190 3889 et
1211 3827 1345 3908 legitima
1363 3826 1494 3906 Judicatn
1518 3832 1596 3901 sunt,
1619 3825 1649 3885 in
1673 3823 1730 3885 illis
1754 3832 1871 3905 pestem

465 3961 468 3966 ·
506 3933 537 3988 et
559 3924 771 4006 blasphemiam
799 3926 1075 4006 deprehenderent,
1105 3944 1193 3987 nemo
1224 3925 1336 3987 credat.
1383 3926 1427 3987 De
1451 3932 1599 3987 momento
1622 3922 1870 3998 consecrationis,

505 4023 587 4085 nulla
609 4042 737 4104 unquam
759 4025 837 4086 inter
860 4025 1028 4087 Orientnies
1051 4025 1185 4105 quaestio
1208 4024 1276 4086 luit:
1299 4024 1377 4085 iliam
1400 4025 1537 4104 periente
1553 4031 1786 4085 consummatam
1802 4023 1871 4083 oxi-

506 4123 641 4200 stimant,
666 4141 733 4184 eum
755 4124 909 4186 lnvooatio
932 4126 1129 4204 pronunciata
1152 4131 1208 4185 est.

593 4221 654 4285 Sed
677 4230 763 4283 orant
786 4240 841 4302 pro
865 4226 1094 4285 consecratione
1117 4223 1263 4285 donorum
1294 4229 1483 4293 sanctorum,
1513 4239 1590 4301 quae
1615 4223 1678 4300 jam
1706 4220 1784 4282 iacta
1813 4227 1869 4283 est.
1936 4239 2016 4293 Orant
2032 4258 2109 4311 super
2126 4243 2194 4296 donn

1885 3295 1958 3347 tales.

504 4313 699 4384 Eamiactam
714 4340 792 4399 esse,
816 4340 873 4384 nec
897 4331 1018 4402 negant,
1041 4341 1100 4385 neo
1128 4323 1286 4396 affirmant;
1310 4330 1432 4383 orantes
1455 4339 1530 4383 vero
1552 4320 2040 4402 superEueharistiamconsecrata,
2060 4331 2192 4384 attactum
2293 4366 2294 4370 ,

502 4422 563 4502 jam
587 4428 804 4499 consecratam,
828 4421 938 4484 habent
960 4422 1097 4502 exempla
1122 4421 1227 4503 quibus
1251 4438 1285 4483 se
1308 4428 1456 4483 tueantur.
1495 4420 1568 4481 Nam
1591 4420 1701 4482 similes
1717 4416 2174 4486 11111111111111111111111111·

504 4521 648 4604 leguntur
669 4521 699 4582 in
720 4521 856 4601 Liturgia
879 4520 1029 4583 Gallicana
1052 4524 1164 4598 veteri,
1187 4521 1217 4583 in
1241 4521 1367 4598 Gotticn,
1391 4522 1420 4582 in
1443 4520 1631 4582 hlosarabicn
1654 4526 1684 4579 et
1706 4519 1781 4595 aliis,
1802 4527 1873 4597 post

505 4627 625 4682 secreta
646 4620 696 4683 vel
714 4629 786 4700 post
808 4622 926 4699 pridie,
957 4621 985 4682 id
1009 4629 1055 4682 est
1077 4621 1280 4701 pronunciatis
1306 4619 1415 4683 Christi
1436 4620 1547 4681 verbis.
1593 4617 1756 4699 inprims,
1786 4617 1871 4678 Haec

505 4738 562 4781 nos
581 4718 709 4780 Domine
729 4721 865 4780 instituta
887 4726 917 4780 et
933 4726 1100 4799 praecepta
1122 4722 1298 4794 retinentes,
1321 4720 1494 4798 suppliciter
1515 4738 1651 4793 mamus,
1673 4721 1718 4779 uti
1737 4719 1796 4779 hoc
1817 4736 1871 4777 so-

505 4819 651 4897 11ἱρ11111
673 4819 825 4897 suscipere
847 4825 877 4878 et
898 4818 1074 4879 benedicere
1095 4819 1248 4897 digneris,
1275 4826 1311 4879 nt
1327 4820 1383 4897 fiat
1404 4818 1492 4880 nobis
1513 4821 1644 4897 lepitima
1665 4817 1870 4891 Eucharistia,

504 4919 537 4979 in
558 4925 609 4979 tuo
629 4918 740 4997 fitir'que
761 4919 806 4978 tui
826 4918 945 4977 nomine
967 4925 997 4977 et
1016 4916 1149 4995 Spiritum
1170 4919 1283 4996 sancti,
1312 4920 1344 4979 in
1373 4919 1639 4996 transfornmtione
1666 4918 1805 4995 emporis
1832 4935 1872 4977 ac

504 5018 662 5095 marinis
683 5016 805 5078 Domini
825 5015 884 5077 Dei
903 5018 1002 5077 nostri
1022 5017 1095 5078 iesu
1119 5016 1234 5079 Christi
1254 5020 1399 5096 nniqeniti
1419 5022 1474 5079 sui.
1504 5018 1536 5079 ln
1559 5017 1651 5078 biissa
1672 5015 1872 5078 Assumtionis

503 5113 537 5178 B.
550 5114 673 5176 Mariae.
707 5116 879 5177 Descendat
894 5114 1021 5177 Domine
1042 5117 1074 5176 in
1094 5116 1143 5176 his
1164 5118 1335 5195 sacrificiis,
1358 5124 1428 5178 tuae
1450 5116 1673 5189 benedictionis,
1695 5121 1873 5177 caneremus

503 5222 534 5276 et
554 5222 736 5293 cooperator
757 5213 931 5276 Paraclitus
951 5214 1100 5293 Spiritus:
1122 5222 1156 5275 ut
1176 5215 1356 5277 oblationem
1377 5235 1466 5297 mnam
1489 5216 1543 5277 tibi
1564 5216 1601 5276 de
1623 5223 1707 5275 terra
1728 5221 1781 5275 tua
1799 5213 1871 5293 sns-

504 5314 653 5393 ctificante
672 5315 878 5394 porreoimns,
906 5314 1029 5376 coelesti
1051 5318 1329 5393 permaneretione,
1360 5322 1389 5375 te
1416 5317 1620 5394 sanctificante
1647 5332 1816 5375 sumamus:
1838 5321 1872 5374 ut

542 5451 628 5493 nomm
640 5451 665 5493 11.
1616 5432 1662 5505 15
