5150 6534
913 839 920 856 ¹
974 855 1003 931 S.
1038 853 1231 931 loannis
1269 843 1601 966 rnnnlnncnnn
1889 854 1964 928 475

600 1066 685 1115 rmus
711 1043 816 1128 Deus,
843 1064 908 1113 una
936 1042 1130 1128 substantia,
1157 1063 1221 1111 una
1248 1053 1381 1113 natura:
1414 1065 1481 1114 non
1514 1044 1600 1113 enim
1633 1064 1785 1131 mensura
1820 1042 1962 1115 conclu-

603 1160 689 1231 ditur
714 1162 872 1230 sanctitas
899 1169 968 1245 tua,
995 1179 1104 1252 neque
1130 1157 1228 1228 finem
1255 1157 1354 1229 babet
1387 1181 1479 1230 mare
1505 1158 1753 1238 misericordiae
1787 1169 1877 1229 tuae:
1911 1160 1965 1251 qui

602 1297 665 1371 pro
692 1273 798 1345 salute
831 1284 944 1344 nostra
978 1275 1181 1363 unigenitum
1216 1271 1334 1343 Filium
1369 1284 1455 1344 tuum
1488 1276 1602 1346 misisti
1636 1276 1669 1342 in
1702 1275 1874 1360 mundum,
1911 1277 1966 1367 qni

603 1391 749 1463 salvavit
775 1411 850 1478 nos,
878 1400 912 1460 et
938 1388 980 1460 ad
1006 1391 1106 1459 vitam
1135 1388 1266 1459 beatam
1294 1393 1458 1460 convertit
1484 1410 1557 1461 nos.

707 1505 857 1575 Elaeam
886 1527 1010 1574 vocent.
1063 1505 1139 1596 lpse
1186 1507 1269 1573 enim
1309 1503 1470 1603 Dominus
1505 1512 1620 1575 noster
1659 1505 1758 1574 lesus
1800 1501 1964 1582 Christus,

604 1643 680 1693 cum
706 1643 787 1691 mox
814 1619 954 1707 inimum
982 1631 1083 1707 esset,
1110 1630 1144 1689 ut
1171 1623 1356 1713 susciperet
1389 1631 1529 1691 mortem
1561 1620 1779 1691 voluntariam
1808 1643 1868 1713 pro
1895 1641 1965 1690 no-

602 1736 936 1831 bispeccatoribus,
968 1739 1040 1830 ipse
1073 1737 1201 1829 peccati
1233 1757 1377 1828 experS,
1414 1739 1544 1829 accepit
1577 1758 1696 1829 panem
1724 1759 1824 1830 super
1850 1758 1966 1808 manns

603 1875 683 1926 suus
709 1861 843 1924 sanctas
871 1862 905 1923 et
931 1851 1168 1938 immaculatas,
1196 1854 1394 1945 aspexitque
1420 1851 1463 1922 ad
1491 1862 1534 1938 te,
1561 1853 1654 1922 Deus
1681 1853 1792 1929 Pater,
1821 1863 1853 1924 et
1878 1875 1965 1943 gra-

604 1971 667 2040 tias
695 1989 812 2059 agens,
839 1974 859 2049 †
886 1966 1074 2053 benedixit,
1101 1974 1121 2047 †
1149 1967 1384 2053 sanctificavit,
1411 1973 1431 2048 †
1458 1966 1575 2058 fregit,
1613 1966 1766 2061 deditque
1798 1968 1965 2062 discipulis

603 2088 672 2155 snis
700 2093 734 2154 et
757 2087 918 2178 mysterio
947 2107 1008 2155 suo
1035 2083 1209 2169 initiandis
1238 2082 1366 2153 dicens:
1399 2086 1572 2177 Accipite,
1600 2082 1793 2154 manducate
1829 2107 1874 2154 ex
1907 2107 1964 2153 eo:

602 2199 677 2271 Hoc
704 2211 755 2271 est
781 2221 902 2292 eorpus
929 2222 1058 2287 meum,
1094 2199 1183 2292 quod
1216 2220 1280 2291 pro
1309 2198 1407 2269 vobis
1436 2209 1469 2268 et
1494 2220 1556 2292 pro
1584 2197 1690 2268 multis
1724 2198 1904 2291 frangitur,
1932 2209 1965 2270 et

603 2314 698 2385 datur
725 2315 767 2386 ad
794 2317 1016 2409 expiationem
1043 2315 1247 2400 delictorum,
1276 2315 1504 2385 remissionem
1532 2323 1761 2407 peecatorum,
1795 2326 1828 2386 et
1864 2319 1965 2387 vitam

603 2442 782 2502 aeternam.

705 2522 865 2639 Populus.
918 2547 1035 2617 Amen.

707 2662 889 2733 Sacerdos.
942 2662 991 2731 lta
1025 2665 1123 2732 etiam
1160 2672 1192 2731 et
1225 2661 1361 2732 calicem
1396 2683 1491 2754 quem
1528 2663 1705 2731 miscuerat
1740 2642 1785 2730 ex
1821 2664 1898 2731 vino
1933 2673 1966 2732 et

604 2800 706 2872 aqua;
734 2781 867 2869 gratias.
886 2799 1004 2869 agenS,
1030 2785 1050 2858 †
1077 2776 1256 2862 benedixit
1283 2783 1304 2858 †
1331 2774 1557 2863 sanctificavit3
1583 2782 1604 2857 †
1631 2774 1784 2868 deditque
1811 2775 1963 2869 discipu-

602 2893 644 2965 lis
671 2895 738 2965 suis
765 2897 906 2990 sanctis,
938 2902 972 2963 et
999 2893 1096 2963 dixit:
1127 2892 1189 2962 Hie
1223 2903 1274 2962 est
1307 2894 1443 2982 sanguis
1478 2913 1586 2961 meus:
1615 2894 1759 2988 accipite
1794 2902 1828 2961 et
1862 2891 1964 2963 bibite

603 3031 649 3080 ex
677 3031 718 3081 eo
746 3031 811 3083 vos
839 3032 972 3081 omnes:
1007 3007 1058 3078 hic
1095 3008 1267 3078 ellunditur
1299 3029 1361 3102 pro
1396 3007 1505 3077 mundi
1540 3009 1627 3094 vita,
1662 3008 1702 3076 ad
1739 3011 1962 3102 expiationem

603 3123 816 3204 delictorum,
843 3129 1070 3197 remissionem
1097 3136 1328 3221 peccatorum,
1356 3136 1389 3195 et
1415 3128 1515 3195 vitam
1544 3136 1721 3195 aeternam.

706 3241 866 3334 Populea.
921 3243 1039 3312 Amen,

705 3357 888 3427 Sacerdos.
930 3357 973 3429 Et
1000 3359 1129 3453 quando
1156 3360 1367 3429 ministerium
1395 3357 1458 3426 boe
1485 3360 1671 3452 mysticum,
1699 3358 1875 3428 secundum
1895 3358 1962 3430 do-

603 3475 739 3545 ctrinam
766 3497 875 3545 meam
901 3476 1099 3568 perficietis,
1131 3475 1173 3545 ad
1200 3473 1339 3545 salutem
1365 3475 1454 3544 vitae
1481 3481 1633 3558 vestrae,
1668 3496 1861 3569 panemque
1877 3475 1963 3547 lrunc

602 3589 851 3679 manducabitis,
879 3601 912 3660 et
939 3591 1074 3661 calicem
1101 3590 1185 3660 bunc
1211 3588 1344 3676 bibetis,
1371 3599 1509 3659 mortem
1532 3610 1639 3658 meam
1658 3588 1906 3677 annunciabitis,
1930 3602 1963 3661 et

600 3710 878 3778 resurrectionem
905 3729 1011 3776 meam
1040 3705 1293 3794 confitebimini,
1321 3703 1427 3774 donec
1454 3706 1594 3774 veniam.

705 3821 866 3913 Populea.
918 3820 1035 3891 Mortis
1062 3832 1149 3907 tuae,
1179 3833 1240 3895 etc.

703 3937 886 4007 Sacerdos.
939 3937 1033 4007 iuste
1060 3948 1093 4008 et
1119 3936 1245 4030 absque
1273 3934 1436 4023 molestia,
1465 3937 1653 4005 universam
1682 3936 1962 4031 dispensationem

601 4063 688 4126 luam
716 4054 893 4125 salutarem
919 4055 951 4122 in
979 4075 1081 4123 carne
1108 4074 1168 4146 pro
1195 4051 1291 4123 nobis
1319 4073 1628 4137 commemoramus
1656 4050 1839 4122 oVerbum
1854 4053 1961 4124 Deus:

601 4179 635 4239 et
662 4167 850 4255 adoramus
877 4167 1032 4258 Domine,
1059 4171 1263 4239 nativitatem
1276 4178 1382 4255 tunm,
1409 4166 1630 4257 glorificamus
1649 4166 1844 4262 baptismum
1863 4178 1962 4255 tuum,

603 4284 794 4356 confitemur
821 4286 996 4377 passiones
1024 4294 1105 4370 tuas,
1133 4283 1358 4357 benedicimus
1385 4282 1583 4376 sepulturam
1607 4292 1705 4372 tuam,
1732 4283 1961 4377 praedicamus

602 4404 879 4471 resurrectionem
902 4409 999 4485 tuam,
1025 4412 1058 4471 et
1079 4399 1263 4471 exaltamus
1283 4402 1514 4471 ascensionem
1531 4408 1630 4486 tuam,
1657 4410 1689 4469 et
1705 4397 1960 4494 procumbentes

601 4517 634 4586 in
661 4513 762 4585 iacies
789 4525 923 4588 nostras
952 4525 1221 4609 superterram,
1250 4514 1413 4585 credimus
1441 4517 1624 4584 sessionem
1652 4523 1739 4585 tuam
1767 4515 1807 4585 ad
1836 4514 1960 4586 dexte-

601 4652 672 4702 ram
699 4631 762 4701 Dei
789 4632 905 4703 Patris.
955 4633 1076 4702 lterum
1103 4636 1201 4703 etiam
1230 4631 1405 4701 adventum
1435 4641 1520 4701 tuum
1549 4630 1727 4701 secundum
1753 4652 1961 4702 commemo-

605 4768 735 4832 ramus,
773 4746 948 4819 terribilem
983 4748 1092 4835 illum,
1125 4747 1324 4841 plenumque
1358 4757 1500 4817 tremore
1534 4755 1566 4816 et
1593 4757 1739 4836 terrore,
1773 4745 1902 4839 quando
1929 4749 1962 4814 in
2009 4734 2015 4755 ‘

603 4862 711 4955 gloria
743 4866 900 4933 exoriens
935 4862 1120 4934 terribiliter
1151 4861 1349 4957 apparebis;
1390 4863 1518 4957 quando
1545 4862 1668 4953 Angeli
1704 4886 1723 4932 a
1755 4863 1877 4955 Judicio
1906 4873 1961 4932 tuo

605 4981 868 5064 contremiscent,
896 4989 929 5050 et
955 4977 1155 5069 Archangeli
1182 4981 1305 5072 pariter
1333 4989 1487 5050 trement:
1515 4979 1645 5072 quando
1674 4999 1788 5049 omnes
1813 4977 1961 5080 homines

605 5096 638 5176 in
664 5091 751 5163 luctu
779 5105 812 5164 et
839 5094 953 5165 dolore
981 5098 1177 5177 consistent,
1212 5103 1244 5163 et
1278 5094 1318 5164 ad
1348 5094 1502 5186 judicium
1530 5093 1765 5163 formidandum
1793 5103 1826 5163 et
1852 5116 1959 5166 seve-

606 5231 678 5279 rum
704 5231 742 5279 se
769 5211 1030 5304 praeparabunt:
1058 5207 1188 5303 quando
1216 5207 1348 5281 sedebis
1376 5232 1476 5303 super
1509 5208 1657 5279 thronum
1690 5207 1891 5296 flammeum,
1929 5217 1962 5279 et

605 5322 736 5395 stabunt
762 5347 874 5397 coram
902 5338 935 5398 te
963 5326 1073 5400 decies
1100 5324 1187 5395 mille
1212 5323 1419 5416 Angelorum
1445 5324 1631 5420 myriades,
1664 5334 1696 5395 et
1726 5325 1843 5397 millies
1871 5324 1958 5396 inille

656 5463 741 5506 ramus
757 5464 781 5505 n.
1707 5444 1754 5515 63
