5150 6534
885 880 1030 962 DRDO
1071 882 1366 963 conductis
1406 886 1733 963 traductis.
1955 888 1978 962 3

610 1075 744 1168 suspice
781 1071 925 1145 Domine
970 1060 1157 1146 oblationes
1199 1093 1376 1145 servorum
1415 1083 1561 1161 tuorum,
1609 1095 1691 1168 quas
1722 1078 1980 1167 'separavemmt

609 1199 643 1260 et
667 1187 863 1278 intulerunt,
897 1198 1035 1285 propter
1061 1210 1210 1260 amorem
1236 1199 1340 1278 hrum,
1376 1198 1409 1260 et
1433 1210 1556 1261 nomen
1572 1198 1662 1261 tuum
1698 1199 1862 1262 sanctum:
1890 1212 1979 1263 con-

611 1327 729 1379 serva.
747 1315 781 1376 et
814 1303 956 1377 benedic
983 1327 1044 1378 eos
1079 1304 1230 1377 omnibus
1257 1302 1544 1377 benedictionibus
1571 1302 1979 1401 spiritualibus31netifica

610 1441 670 1491 eos
696 1420 794 1494 bonis
820 1419 1097 1509 indeficientibus,
1132 1429 1167 1493 et
1198 1443 1261 1516 spe
1292 1422 1531 1516 promissorum
1563 1442 1696 1509 eorum,
1734 1442 1820 1515 quae
1855 1428 1978 1497 sanctis

609 1539 673 1608 tuis
699 1534 787 1607 iacta
814 1544 900 1611 sunt.
952 1534 1092 1609 Effunde
1124 1536 1374 1608 benedictiones
1408 1546 1481 1607 tuas
1514 1538 1547 1607 in
1581 1538 1689 1608 omnia
1721 1559 1807 1631 quac
1842 1537 1885 1609 ad
1917 1561 1979 1613 eos

608 1655 790 1747 pertinent:
818 1652 968 1724 concede
995 1656 1169 1725 sanitatem
1196 1661 1231 1723 et
1256 1654 1492 1724 continentiam
1519 1650 1714 1747 corporibus
1740 1673 1875 1741 eorum,
1909 1676 1978 1749 pu-

608 1770 740 1839 ritatem
767 1776 801 1838 et
826 1771 1033 1840 sanctitatem
1061 1766 1231 1840 animabus
1259 1790 1392 1856 eorum,
1419 1774 1454 1839 et
1480 1767 1521 1838 da
1546 1769 1695 1863 requiem
1715 1765 1886 1840 animabus
1912 1770 1978 1842 de·
2028 1765 2030 1767 ’

608 1882 796 1956 functorum
823 1906 869 1956 ex
895 1886 994 1979 ipsis,
1021 1887 1054 1955 in
1079 1883 1274 1957 habitaculis
1301 1887 1365 1955 tuis
1382 1881 1507 1972 beatis,
1534 1886 1569 1955 in
1585 1894 1768 1956 aeteruum:
1797 1892 1896 1978 atque
1915 1908 1978 1982 pro

607 1997 709 2071 rebus
735 2002 808 2072 istis
835 1998 1089 2095 temporalibus,
1117 2000 1158 2072 da
1185 2001 1248 2072 illis
1274 2003 1378 2071 vitam
1405 2008 1440 2070 et
1464 2020 1614 2091 regnum.
1666 2001 1787 2073 Amen.

711 2115 843 2184 Pacem
869 2121 1027 2209 quonium
1053 2138 1137 2210 opus
1164 2124 1215 2188 est
1245 2115 1465 2208 multiplicat,
1500 2119 1672 2204 incensat,
1708 2117 1909 2209 reponitque
1928 2118 1978 2184 'in

609 2231 731 2317 altori,
759 2231 896 2303 diceas:

712 2346 884 2440 Tanquam
911 2371 1018 2441 agnus
1046 2348 1087 2419 ad
1115 2351 1318 2421 occisionem
1345 2347 1460 2420 ductus
1488 2356 1557 2437 est,
1585 2356 1618 2418 et
1644 2348 1737 2420 velut
1762 2352 1838 2422 ovis
1866 2370 1977 2421 coram

606 2462 763 2536 tondente
790 2486 829 2536 sc
855 2461 1032 2553 obmutuit,
1058 2486 1122 2536 nec
1149 2468 1277 2559 aperuit
1304 2487 1343 2536 ns
1370 2486 1464 2536 suum
1491 2460 1652 2555 affligenti
1680 2486 1727 2537 se.

711 2581 759 2651 Et
779 2587 960 2676 postquam
981 2603 1106 2672 ponam
1119 2580 1394 2652 Eucharisticum
1419 2579 1573 2650 intulerit
1591 2579 1638 2649 od
1654 2579 1778 2668 altare,
1805 2583 1980 2675 occipiens

608 2717 681 2767 cum
706 2700 851 2788 utroque
876 2718 977 2766 mortu
1003 2696 1106 2766 dicit:

710 2812 803 2884 Deus
830 2814 885 2905 qui
913 2812 1110 2884 sacrificium
1140 2809 1230 2885 Abel
1262 2814 1298 2882 in
1329 2834 1447 2907 campo
1483 2813 1677 2906 suscepisti,
1708 2810 1785 2884 Noe
1816 2815 1851 2883 iu
1886 2834 1978 2903 arca,

606 2925 764 3000 Abrahae
790 2930 823 2998 in
850 2931 970 3000 montis
997 2931 1185 3017 cacumine,
1211 2925 1353 3000 Davidis
1380 2931 1413 2999 iu
1441 2949 1520 2999 area
1546 2927 1664 3000 Doran
1684 2926 1856 3017 lebusaei,
1881 2927 1978 3001 Eliae

606 3044 640 3113 in
672 3052 783 3114 monte
817 3041 989 3131 Carmelo,
1027 3053 1062 3114 et
1092 3047 1215 3115 minuta
1245 3042 1369 3115 viduae
1399 3044 1432 3113 in
1465 3041 1731 3139 Gazophylacin:
1765 3055 1800 3117 tu
1835 3044 1979 3117 Domine

606 3161 740 3254 suscipe
765 3157 825 3229 has
853 3156 1039 3230 oblationes
1066 3181 1154 3253 quae
1179 3160 1237 3231 tibi
1265 3158 1444 3230 offeruntur
1475 3159 1628 3230 manibus
1654 3161 1756 3249 meis,
1790 3160 1910 3230 insumi
1944 3170 1979 3231 et

607 3276 811 3368 peccatoris:
839 3282 873 3345 et
897 3297 958 3370 per
984 3273 1058 3346 illas
1084 3285 1219 3369 praesta
1250 3277 1444 3346 memoriam
1479 3271 1601 3345 bonam
1635 3276 1725 3346 vivis
1760 3284 1795 3345 et
1824 3279 1977 3367 mortuis,

606 3411 669 3485 pro
698 3388 815 3485 quibus
842 3390 1042 3481 oilemmtur,
1067 3388 1274 3485 benedicque
1300 3386 1534 3463 habitationem
1562 3412 1677 3461 eorum
1704 3391 1759 3482 qui
1785 3387 1859 3462 illas
1887 3391 1977 3463 offe-

606 3512 691 3577 runt.
742 3506 864 3578 Amen.
1381 3492 1389 3531 ¹

708 3620 862 3713 Deponit
888 3621 1038 3696 oblatum
1063 3625 1100 3693 ia
1126 3623 1220 3693 diaco
1248 3627 1283 3692 ct
1309 3622 1412 3692 dicit:

710 3734 865 3808 Paratum
893 3737 964 3809 sedi
991 3748 1068 3809 tuae
1103 3737 1209 3809 iecisti
1245 3738 1468 3809 sanctuarium
1503 3746 1592 3808 hrum
1624 3737 1785 3811 Domine:
1817 3737 1976 3810 confirma

607 3851 685 3924 illud
711 3851 854 3924 Domine
880 3852 1031 3924 manibus
1059 3856 1133 3927 tuis.
1166 3851 1329 3925 Dominus
1355 3851 1510 3944 regnabit
1534 3856 1568 3923 in
1596 3852 1728 3925 saecula
1752 3852 1972 3927 saeculorum.

711 3967 871 4040 incensat
895 3968 1003 4039 celum
1028 3972 1150 4060 minuc,
1177 3972 1261 4063 tepit
1285 3968 1344 4038 illo
1372 3969 1514 4056 diacum,
1541 3973 1576 4038 ct
1601 3957 1705 4039 dicit:

595 4157 600 4168 ,
714 4082 876 4156 Dominus
913 4086 1088 4177 regnavit,
1132 4083 1291 4156 decorem
1326 4082 1444 4157 induit:
1479 4084 1596 4173 Pater,
1631 4084 1734 4158 Filius
1770 4094 1803 4156 et
1835 4083 1976 4179 Spiritus

613 4210 767 4291 sanctus,
792 4200 912 4272 Amen.

713 4315 856 4409 Accipit
882 4316 1023 4387 codicem
1049 4321 1084 4387 et
1110 4317 1208 4387 dicit:
1235 4314 1382 4389 Calicem
1409 4314 1524 4389 solutis
1552 4317 1729 4411 accipiam,
1753 4336 1875 4387 nomeu
1894 4314 1975 4387 Do-

604 4434 683 4503 mini
707 4429 889 4520 invocabo,
918 4443 952 4503 et
975 4441 1057 4528 vota
1083 4455 1158 4504 mea
1183 4431 1328 4504 Domino
1355 4430 1502 4503 reddam.

706 4548 833 4619 Fundit
858 4552 970 4618 uinum
995 4551 1032 4618 in
1058 4549 1199 4619 codicem
1226 4554 1260 4619 ct
1286 4548 1388 4619 dicit:

704 4662 812 4734 Etiam
839 4663 904 4735 hoc
929 4667 1043 4736 vinum
1071 4663 1159 4758 quod
1186 4674 1238 4736 est
1264 4674 1366 4760 typus
1393 4666 1575 4758 sanguinis,
1603 4666 1659 4758 qui
1684 4660 1780 4734 iluxit
1804 4659 1902 4734 nobis
1929 4685 1975 4733 ex

602 4779 709 4852 latere
735 4778 791 4851 lilii
818 4782 864 4849 tui
901 4779 1011 4853 dilecti
1043 4780 1126 4853 lesu
1159 4780 1280 4853 Christi
1313 4780 1447 4853 Domini
1481 4783 1605 4869 nostri,
1641 4778 1741 4851 fundo
1776 4782 1809 4850 in
1837 4777 1974 4849 calicem

600 4893 708 4987 hunc,
742 4894 880 4968 calicem
913 4896 1049 4983 salutm,
1075 4899 1109 4967 in
1136 4899 1268 4968 nomine
1296 4898 1403 4969 Patris
1439 4905 1472 4967 et
1506 4894 1580 4966 Filii
1613 4906 1647 4967 et
1681 4894 1822 4990 Spiritus
1849 4896 1975 4983 sancti,

601 5013 722 5084 Amen.

708 5130 885 5201 Admiscet
909 5132 989 5199 cino
1011 5128 1184 5222 pauidum
1209 5150 1322 5222 oquae
1348 5134 1383 5199 ct
1408 5128 1510 5199 dicit:

709 5243 805 5318 Hanc
832 5247 930 5317 etiam
960 5268 1094 5341 aquam,
1123 5266 1209 5338 quae
1235 5253 1334 5341 typus
1361 5253 1414 5317 est
1440 5265 1547 5338 aquae
1564 5239 1662 5330 illius,
1689 5261 1775 5335 quae
1792 5237 1886 5311 iluxit
1903 5260 1972 5312 no-

603 5360 656 5434 bis
684 5382 704 5432 e
729 5362 836 5436 latere
861 5362 919 5435 filii
945 5366 992 5434 tui
1018 5360 1128 5433 dilecti
1146 5359 1279 5431 Domini
1305 5363 1410 5435 nostri
1437 5360 1519 5432 Jesu
1533 5357 1665 5445 Christi,
1693 5358 1818 5428 misceo
1845 5359 1879 5428 in
1906 5380 1972 5431 ca-

649 5494 738 5544 torum
751 5500 776 5543 m
1750 5473 1776 5548 4
