5150 6534
830 832 883 912 Ill
915 831 1202 950 utnunstns
1236 830 1512 911 statuens.
1784 832 1861 913 tra

485 1022 581 1079 tatum
602 1034 697 1097 porro
720 1023 768 1081 eat
789 1022 855 1081 toto
878 1015 1019 1096 Oriente,
1048 1022 1082 1079 ut
1104 1014 1254 1080 Sacerdos
1277 1015 1436 1080 celebrans
1465 1016 1562 1097 prima
1590 1015 1686 1081 verba
1714 1018 1860 1083 orationis

485 1115 652 1180 dominicae
674 1115 758 1194 sola,
783 1115 842 1178 alta
863 1110 944 1180 voce
966 1116 1158 1196 pronunciet,
1181 1115 1299 1196 reliqua
1321 1123 1443 1185 secreto
1470 1115 1550 1197 apud
1579 1134 1614 1180 se
1636 1118 1753 1180 recitat
1797 1118 1861 1181 Po·

483 1214 574 1295 pulus
596 1214 800 1295 prosequitur.
845 1213 1018 1292 Sciendum,
1040 1214 1136 1295 iuquit
1157 1213 1315 1291 Barsalibi,
1337 1215 1419 1294 quod
1430 1213 1626 1277 Sacerdotem
1640 1216 1741 1293 primo
1763 1233 1861 1295 opor-

483 1320 548 1375 teat
567 1314 701 1393 incipere
722 1314 891 1376 orationem
913 1314 1113 1389 Conamen,
1141 1314 1231 1393 quari
1251 1314 1384 1393 Omnem
1412 1315 1553 1393 corporis
1581 1312 1757 1378 Ecclesiae:
1786 1334 1861 1377 moe

484 1430 553 1473 eom
574 1412 681 1492 reliqui
699 1412 804 1490 fideles
820 1421 1052 1492 prosequatur.
1097 1397 1222 1473 Dicitur
1235 1419 1335 1475 autem
1358 1413 1500 1492 Syriacc,
1530 1412 1666 1493 quamvis
1690 1412 1776 1493 plebs
1798 1412 1860 1476 lin-

483 1526 576 1591 guam
597 1525 659 1571 non
681 1509 841 1592 intelligat,
863 1517 897 1571 ut
920 1510 998 1591 apud
1012 1510 1185 1593 Aegyptios
1203 1511 1317 1573 veteris
1340 1510 1462 1592 linguae
1485 1528 1582 1593 aeque
1605 1512 1770 1591 imperitos,
1794 1509 1859 1574 Co-

483 1609 576 1690 ptioe.
626 1608 703 1671 Nam
730 1608 802 1673 licet
829 1608 960 1672 habeant
985 1610 1145 1672 versiones
1172 1610 1337 1703 Arabicas*
1350 1608 1503 1672 Orationis
1531 1610 1718 1690 dominicae,
1749 1610 1857 1692 quibus

483 1709 624 1789 privatim
644 1708 688 1785 uti
710 1707 820 1787 solent,
842 1710 874 1771 iu
896 1708 1007 1773 otnctis
1030 1707 1157 1789 publicis
1180 1707 1238 1770 illis
1261 1725 1323 1770 nou
1344 1715 1483 1771 utuntur:
1506 1708 1612 1771 saltem
1633 1708 1748 1771 nullum
1766 1717 1857 1773 auto-

428 1834 430 1837 ·
484 1823 549 1869 rern
572 1813 622 1869 aut
644 1806 752 1869 librum
774 1806 922 1872 Ritualem
949 1806 1094 1883 vidimus,
1125 1806 1195 1888 qui,
1223 1814 1255 1868 ut
1282 1806 1315 1867 in
1341 1805 1521 1870 lectionibus
1551 1825 1659 1870 sacrae
1682 1807 1857 1889 Scripturas

485 1903 672 1969 consuetudo
701 1912 766 1984 est,
796 1914 941 1989 utraque,
971 1903 1091 1986 vulgari
1120 1913 1152 1968 ct
1181 1905 1302 1985 antiqua
1330 1904 1433 1987 lingua
1462 1906 1655 1986 pronunciari
1682 1906 1857 1970 Orationem

485 2002 673 2082 dominicam,
696 2004 786 2068 etiam
807 2003 937 2070 obscure
960 2002 1119 2086 significet.
1152 2003 1379 2084 Explicationes
1402 2004 1482 2066 illius
1504 2004 1612 2067 multas
1634 2005 1756 2083 hahent,
1778 2023 1858 2087 qua-

484 2119 551 2165 rum
573 2098 650 2166 aliae
673 2101 877 2185 Theologicae
899 2109 979 2181 suut,
1003 2102 1081 2165 aliae
1103 2101 1141 2166 ad
1163 2102 1262 2183 plebis
1285 2109 1405 2183 captum
1426 2102 1640 2184 simpliciores:
1663 2104 1719 2167 sed
1740 2106 1771 2167 iu
1789 2104 1856 2168 Ec·

484 2200 586 2265 clcsiis
607 2219 670 2266 nou
691 2199 843 2284 leguntur.
950 2211 954 2215 “

821 2563 1001 2635 Diacouus.
1054 2561 1223 2633 lnolinole
1250 2566 1368 2657 capito
1392 2570 1518 2635 oestro.

580 2785 705 2865 Parcus
727 2815 805 2880 quae
828 2798 965 2863 Orationi
986 2799 1162 2863 Dominicae
1183 2798 1393 2880 subjiciuntur,
1417 2800 1542 2880 Graecis
1566 2806 1707 2862 accurate
1722 2817 1857 2880 respon-

486 2901 574 2978 dent,
602 2910 847 2984 usurpanturque
869 2903 900 2965 in
923 2902 1061 2964 omuibus
1083 2902 1237 2983 Liturgiie.
1281 2902 1407 2966 blonitio
1429 2903 1556 2966 Diacoui
1578 2903 1616 2966 ad
1638 2901 1801 2983 populum,
1823 2910 1857 2965 ut

484 3002 583 3081 capita
606 3018 708 3065 coram
729 3001 797 3066 Oeo
819 3002 975 3080 inclinent,
997 3002 1145 3065 iudicatur
1167 3009 1280 3064 tantum
1303 3019 1361 3082 per
1381 3003 1493 3081 primas
1515 3017 1626 3077 voces,
1654 2999 1684 3060 in
1707 3002 1774 3082 ipso
1796 3000 1858 3064 Li-

483 3102 604 3181 turgiae
627 3108 781 3180 contextu,
805 3100 860 3165 sed
882 3108 965 3164 extat
987 3101 1018 3161 in
1041 3100 1145 3163 Olllcio
1166 3100 1326 3164 bliuistcrii
1347 3101 1511 3164 Diaconici.
1559 3098 1625 3160 Nec
1653 3096 1743 3162 hahet
1765 3099 1857 3180 quid-

485 3216 584 3278 quam,
607 3197 688 3279 quod
711 3198 954 3279 frequentissime
976 3216 1038 3260 non
1061 3199 1180 3281 legatur
1202 3200 1232 3261 in
1254 3200 1346 3261 variis
1368 3199 1565 3276 orationibus,
1587 3197 1618 3258 in
1633 3198 1741 3278 quibus
1755 3216 1856 3279 agno-

483 3314 574 3359 scere
596 3315 631 3360 se
654 3305 804 3362 testantur
826 3298 997 3362 Orientales
1021 3297 1133 3361 Christi
1156 3315 1267 3378 corpus
1291 3299 1322 3359 in
1336 3297 1422 3359 altari
1438 3298 1582 3377 positum;
1605 3296 1686 3375 quod
1702 3315 1741 3358 ex
1754 3297 1855 3360 multis

482 3395 663 3458 testimoniis
691 3397 761 3460 alibi
791 3396 893 3460 relatis
923 3397 1091 3460 certissime
1122 3394 1356 3473 demonstratur,
1406 3396 1505 3458 Habet
1532 3395 1590 3458 hoc
1620 3395 1690 3456 loco
1721 3394 1856 3457 Graecus

486 3493 595 3558 Codex
618 3497 801 3573 orationem,
831 3513 909 3575 quae
933 3495 1018 3576 Syris
1041 3502 1173 3557 nonest
1201 3496 1232 3556 in
1260 3512 1327 3557 usu.
1370 3481 1461 3576 ‘'Ayea
1487 3487 1521 3556 ἐν
1549 3482 1657 3575 ἁγίοις
1686 3479 1858 3557 ἀναπαυό-

482 3612 591 3672 μενος,
614 3593 670 3657 scd
691 3612 770 3677 quae
794 3594 928 3657 occurrit
951 3593 1031 3657 alibi.

571 3692 729 3755 Inclinatio
754 3693 860 3773 capitis
884 3710 961 3773 quae
984 3692 1031 3753 hic
1054 3691 1281 3772 praescribitur,
1305 3698 1339 3753 ut
1359 3684 1598 3774 yoequluoloin
1613 3688 1731 3753 Gracco
1750 3709 1858 3753 exem-

483 3793 572 3875 plari,
594 3811 657 3856 nou
678 3783 810 3854 relertur
838 3792 877 3855 ad
903 3792 1075 3867 solennem,
1106 3807 1184 3870 quae
1213 3790 1303 3870 paulo
1332 3798 1401 3871 post
1430 3789 1624 3870 subsequitur
1650 3790 1858 3854 Eucharistiae

484 3889 708 3969 adorationem,
739 3889 795 3954 aed
825 3892 863 3954 ad
893 3888 1113 3970 suscipiendam
1143 3888 1384 3951 benedictionem
1416 3887 1607 3965 Sacerdotis,
1638 3906 1696 3968 qua
1726 3889 1857 3969 populus

483 3999 684 4069 praeparetur
706 3990 744 4052 ad
767 3988 999 4053 Conlessioncm
1021 3990 1170 4050 sinceram
1193 3987 1273 4065 fidei,
1297 3987 1461 4049 secundum
1484 3987 1563 4049 illam
1585 3987 1752 4062 formulam,
1777 3986 1859 4048 unes

481 4094 573 4167 pater
594 4097 729 4164 sanctes,
751 4096 811 4151 etc.
835 4104 924 4168 quam
946 4105 1051 4149 omnes
1073 4086 1228 4166 liturgiae
1250 4093 1495 4165 repraesentant,
1524 4095 1555 4148 et
1583 4086 1753 4167 singulares
1784 4084 1858 4146 alias

485 4185 524 4248 de
545 4186 763 4249 lucamatiouis
786 4188 943 4268 mysterio,
952 4175 1026 4248 >¹turn
1049 4186 1087 4247 de
1109 4184 1238 4245 veritate
1261 4184 1399 4264 corporis
1423 4191 1454 4246 et
1476 4185 1633 4266 sanguinis
1649 4181 1760 4246 Christi
1782 4200 1857 4244 vere

484 4287 656 4365 praesentis
678 4287 709 4347 iu
731 4286 829 4363 altari,
853 4293 884 4347 et
906 4303 977 4347 mox
999 4283 1283 4347 communicantibus
1308 4282 1478 4346 exhibendi.
1517 4282 1576 4355 Oui
1593 4283 1673 4346 euim
1687 4281 1859 4346 testimonia

486 4383 601 4464 aliquot
618 4392 765 4460 veterum,
788 4402 866 4465 quae
881 4383 953 4445 nihil
970 4384 1066 4445 minus
1086 4400 1175 4463 quam
1194 4381 1399 4444 adorationem
1415 4381 1621 4444 Eucharistiae
1637 4380 1857 4464 significabant,

487 4483 526 4545 ad
548 4499 615 4546 eam
637 4481 820 4563 detorquere
842 4483 944 4545 eonati
966 4488 1046 4557 sunt,
1068 4480 1127 4542 isto
1150 4480 1211 4563 ritu
1229 4480 1322 4562 longe
1337 4479 1522 4560 probabilius
1541 4481 1585 4542 uti
1600 4486 1753 4560 poterant,
1777 4475 1859 4559 quod

485 4587 586 4643 tamen
608 4580 700 4659 nulli,
723 4567 761 4643 ut*
778 4582 898 4660 opinor,
920 4581 1003 4643 venit
1025 4581 1056 4641 in
1077 4586 1218 4655 mentem,
1241 4580 1312 4658 quia
1336 4578 1474 4659 plerique
1495 4586 1618 4641 veteres
1637 4577 1788 4659 Litnrgias
1807 4582 1859 4637 aut

484 4695 547 4741 non
570 4679 807 4757 consuluerunt,
830 4688 881 4743 aut
904 4697 964 4743 non
986 4677 1214 4741 intellexerunt:
1238 4677 1460 4755 multominus,
1483 4679 1545 4758 qui,
1567 4685 1601 4740 ut
1621 4675 1759 4758 plerique
1780 4673 1859 4734 Pro-

482 4784 633 4841 testantes
669 4779 861 4859 omniumque
890 4778 1124 4852 audacissimus,
1154 4775 1302 4857 simulque
1331 4776 1507 4858 discipliuae
1537 4784 1596 4838 tam
1628 4775 1742 4838 veteris
1769 4788 1858 4851 quam

482 4893 584 4941 norae
606 4878 847 4958 imperitissimus
871 4877 1024 4955 Claudius,
1046 4875 1255 4939 Eucharistiae
1278 4875 1485 4939 adorationem
1503 4874 1658 4937 veteribus
1681 4870 1857 4936 Christianis

483 4982 536 5038 aot
557 4975 762 5040 Orientalibus
791 4994 889 5058 aeque
917 4977 1101 5058 incognitam
1129 4975 1222 5037 luisse
1251 4973 1485 5037 affirmaverunt:
1518 4972 1557 5035 de
1592 4989 1652 5053 qua
1680 4968 1858 5050 discipliuae

481 5081 592 5156 panc,
616 5084 648 5139 et
670 5076 782 5141 dictum
804 5083 851 5141 est
873 5074 910 5138 ad
933 5074 1076 5156 Copticas
1098 5074 1269 5155 Liturgias,
1292 5081 1324 5136 et
1344 5090 1416 5136 mox
1437 5072 1564 5136 dicetur.
