5150 6534
902 830 951 905 IN
983 830 1229 907 tttunutas
1265 832 1674 912 tustonttbotttttt.
1896 837 1970 910 595

604 1022 708 1093 posset
730 1013 855 1097 alicujus
878 1014 988 1075 veneni
1010 1015 1183 1095 suspicione
1206 1016 1363 1094 laborare,
1394 1018 1529 1098 quamvis
1560 1018 1764 1084 Orthodoxam
1794 1022 1972 1084 sententiam

605 1115 765 1177 contineat.
809 1114 841 1176 ln
865 1115 950 1176 istam
973 1114 1144 1193 opinionem
1166 1118 1267 1196 potius
1290 1116 1419 1178 eundum
1442 1117 1575 1196 videtur,
1606 1138 1673 1181 cum
1695 1120 1725 1181 in
1747 1119 1804 1179 bac
1825 1118 1972 1203 Liturgia,

604 1216 663 1276 imo
686 1214 716 1274 in
738 1213 804 1275 aliis
831 1215 947 1277 duabus
970 1212 1121 1275 l'beodori
1150 1223 1181 1277 et
1209 1215 1357 1285 Nestorii,
1386 1217 1437 1276 vix
1467 1216 1626 1296 quidquam
1655 1218 1734 1299 quod
1764 1218 1802 1280 ad
1831 1218 1973 1281 haeresin

604 1314 809 1376 insinuandam
832 1314 999 1394 pertineat,
1023 1314 1202 1392 reperiatur.

691 1414 755 1475 Hoc
778 1414 846 1475 loco
869 1430 1008 1494 magnum
1031 1411 1190 1474 discrimen
1214 1412 1462 1476 animadvertitur
1484 1417 1562 1477 inter
1584 1417 1687 1493 istam,
1711 1425 1742 1478 et
1763 1413 1973 1477 Malabaricam

602 1511 776 1595 Liturgiam,
798 1513 829 1573 in
851 1529 910 1591 qua
932 1510 1041 1571 multae
1064 1529 1173 1591 preces
1197 1514 1371 1573 inseruntur
1394 1512 1432 1573 de
1455 1515 1592 1576 omnibus
1615 1522 1715 1595 etpro
1739 1515 1891 1590 omnibus;
1915 1533 1972 1595 pro

602 1630 693 1693 pace;
722 1630 779 1692 pro
810 1613 889 1672 aeris
912 1609 1103 1671 salubritate:
1134 1629 1190 1691 pro
1214 1611 1386 1672 Patriarcba
1409 1620 1439 1673 et
1461 1612 1685 1675 Ecclesiasticis
1715 1612 1885 1687 ordinibus;
1915 1633 1972 1695 pro

601 1710 750 1788 Ecclesia,
764 1717 822 1772 etc.
852 1710 926 1769 'lum
948 1710 1084 1787 sequitur
1107 1711 1248 1771 meritoria
1270 1709 1302 1769 B.
1324 1710 1437 1773 Maniae
1451 1712 1583 1793 Virginis
1602 1720 1631 1774 et
1648 1713 1839 1776 Sanctorum:
1864 1711 1973 1774 deinde

602 1817 803 1872 mertuorum:
835 1827 890 1887 pro
913 1808 1034 1869 civitate
1057 1817 1087 1869 et
1112 1810 1176 1889 ejus
1200 1809 1431 1886 habitatoribus,
1454 1827 1510 1890 pro
1534 1811 1715 1887 infidelibus,
1739 1811 1871 1885 inbrmis,
1894 1830 1973 1892 ege-

603 1912 660 1987 nis,
685 1917 744 1972 etc.
791 1908 905 1969 Deinde
928 1908 1093 1969 atteruntur
1115 1910 1199 1987 panis
1223 1916 1252 1969 et
1275 1908 1364 1985 calix,
1388 1917 1419 1970 ct
1441 1910 1470 1970 in
1493 1909 1579 1972 altari
1602 1909 1746 1992 religiose
1770 1910 1972 1971 collocamur:

603 2017 665 2071 tum
687 2016 758 2089 post
781 2007 869 2069 multa
894 2007 1004 2089 legitur
1027 2006 1162 2086 Epistola
1186 2015 1215 2068 et
1239 2006 1347 2069 deinde
1371 2007 1575 2089 Evangelium.
1622 2009 1899 2088 murmurarunt
1923 2007 1971 2069 le-

603 2111 731 2172 ctionem
755 2106 921 2187 praecedit,
945 2107 1083 2186 expulsio
1107 2125 1176 2189 non
1191 2108 1413 2186 baptisatorum.
1450 2108 1497 2169 An
1521 2108 1587 2170 talis
1611 2108 1701 2169 luerit
1724 2108 1880 2169 Ecclesiae
1904 2107 1973 2167 lla-

603 2207 754 2269 labaricae
770 2204 924 2285 disciplina
945 2204 1078 2267 divinare
1093 2223 1153 2267 non
1168 2224 1339 2286 possumus:
1364 2207 1416 2268 scd
1441 2207 1528 2268 aliam
1550 2206 1644 2268 luisse
1661 2206 1972 2287 blesopotamenarum

602 2305 806 2368 Ecclesiarurn
831 2306 1029 2365 certissimum
1059 2304 1192 2366 ridetur:
1221 2314 1252 2367 et
1279 2305 1358 2367 torte
1380 2305 1491 2368 Alexio
1513 2305 1648 2367 llenesio
1672 2307 1770 2367 visuro
1793 2312 1840 2367 est
1862 2303 1973 2384 aliquid

603 2407 770 2481 immutare,
794 2411 826 2465 ut
848 2403 940 2464 illatio
964 2405 1049 2482 panis
1073 2404 1186 2465 etvini
1209 2403 1245 2465 ad
1271 2402 1364 2466 altare
1387 2403 1473 2466 lieret
1489 2406 1661 2485 priusquam
1680 2404 1815 2484 Epistola
1828 2411 1857 2465 et
1870 2404 1973 2464 Evan-

603 2505 713 2587 getium
737 2502 930 2584 legerentur,
960 2504 1037 2563 sicut
1066 2504 1095 2563 in
1118 2500 1230 2563 Latinis
1260 2503 1436 2583 quibusdam
1459 2503 1603 2565 Ecclesiis
1627 2504 1692 2565 beri
1714 2503 1802 2564 solet.
1848 2503 1972 2563 Preeem

603 2605 681 2666 illam
704 2620 761 2683 pro
786 2602 921 2662 erunibus
945 2609 975 2661 et
999 2600 1035 2661 de
1059 2601 1196 2662 omnibus
1221 2620 1308 2681 quam
1338 2603 1451 2665 idcirco
1481 2603 1547 2664 libri
1570 2602 1703 2664 Rituales
1725 2601 1882 2662 Jacobitici
1907 2601 1972 2662 Co-

603 2702 743 2762 tbolr'com
760 2707 878 2774 vocant,
902 2701 1008 2760 (lictum
1027 2699 1117 2762 luisse
1138 2702 1166 2761 in
1186 2701 1361 2780 quibusdam
1376 2702 1523 2764 Ecclesiis
1538 2709 1606 2763 aute
1620 2702 1786 2763 oblatarum
1799 2700 1972 2779 illationem,

604 2799 873 2876 alibimonuirnus,
896 2818 961 2860 curn
984 2799 1025 2860 ita
1048 2800 1125 2861 serat
1147 2800 1305 2862 Ecclesiae
1328 2800 1552 2862 Alexandrinae
1576 2801 1781 2878 consuetodo,
1813 2802 1897 2881 cujus
1927 2803 1972 2862 si-

603 2900 701 2961 milem
731 2899 930 2959 blalabaricae
958 2899 1045 2978 sequi
1074 2907 1245 2978 potuerunt.
1292 2900 1404 2961 Verum
1427 2901 1590 2962 illationem
1619 2899 1835 2963 elementorum
1859 2918 1970 2961 conse-

603 2999 782 3062 crandorum
811 2997 890 3074 beri,
922 3005 990 3059 ante
1020 2998 1174 3077 Epistolae
1201 3006 1231 3058 et
1259 2997 1417 3080 Evangelii
1445 2998 1622 3077 lectionem,
1654 3007 1758 3060 eontra
1789 2998 1973 3061 Orientalem

603 3098 787 3178 disciplinam
811 3105 871 3158 cst:
901 3097 1109 3177 multomagis
1133 3096 1270 3177 expulsio
1295 3095 1601 3177 catechumenorum,
1624 3106 1780 3178 antequam
1804 3100 1972 3178 scripturae

602 3200 788 3281 legerentur,
812 3215 878 3257 cum
901 3214 960 3257 non
984 3196 1040 3257 nisi
1064 3204 1222 3276 antequam
1246 3198 1424 3258 actiosacra
1443 3199 1637 3277 inciperetur,
1660 3215 1769 3277 nempe
1783 3198 1863 3258 circa
1878 3213 1972 3257 oscu-

602 3297 662 3358 lum
685 3297 779 3376 pacis,
803 3294 937 3356 solerent
960 3296 1038 3375 ejici.
1070 3296 1107 3357 Ut
1121 3315 1154 3357 se
1173 3294 1262 3357 babet
1278 3296 1377 3358 codex
1389 3315 1477 3376 quem
1490 3297 1585 3358 secuti
1608 3296 1834 3376 interpretando
1858 3313 1971 3373 sumus,

603 3395 762 3475 disciplina
793 3413 881 3473 quam
903 3403 1128 3473 repraesentat,
1159 3395 1352 3458 confirmatur
1383 3396 1522 3475 exemplo
1553 3396 1738 3475 reliquarum
1765 3394 1969 3456 Ecclesiarurn
1996 3477 2001 3482 ἱ

603 3493 806 3556 Orientalium.
851 3493 937 3554 Plura
969 3493 1006 3555 dc
1037 3495 1515 3576 caeremoniisNestorianorum
1545 3495 1582 3556 ad
1612 3494 1689 3555 banc
1716 3492 1870 3574 Liturgiae
1899 3512 1974 3573 par-

597 3602 657 3656 tem
685 3593 786 3654 dicere
821 3612 880 3655 non
908 3610 1084 3673 possumus,
1108 3613 1174 3656 cum
1197 3592 1327 3656 Codices
1362 3595 1555 3674 manuscripti
1585 3593 1683 3655 nullas
1714 3611 1811 3674 prope
1834 3592 1971 3655 rubricas

600 3694 747 3755 habeant:
778 3693 886 3753 rituum
916 3691 1098 3774 interpretes
1127 3694 1225 3755 nullos
1254 3693 1312 3754 hnc
1336 3712 1431 3773 usque
1454 3693 1623 3755 viderimus.
1670 3692 1781 3753 Tamen
1803 3691 1970 3773 symbolum

600 3790 757 3851 recitatum
776 3789 869 3852 luisse
892 3801 959 3871 post
981 3793 1178 3874 Evangelium
1196 3809 1256 3854 non
1280 3792 1459 3869 dubitamus,
1483 3794 1618 3872 quamvis
1641 3790 1712 3852 nibil
1735 3790 1773 3852 de
1796 3810 1834 3853 eo
1858 3808 1971 3852 occur-

601 3896 658 3965 rat,
683 3907 749 3949 cum
773 3890 851 3950 inter
872 3889 1030 3953 blissarum
1053 3892 1188 3953 solennia
1220 3892 1299 3973 apud
1327 3891 1395 3954 illos
1424 3893 1490 3953 cani
1513 3891 1610 3953 multis
1634 3898 1771 3952 autorum
1795 3891 1969 3953 testimoniis

602 3994 730 4050 constet.

964 4250 998 4322 6.
1038 4248 1102 4334 (lui
1128 4271 1196 4319 nora
1223 4253 1360 4341 occepit
1386 4250 1605 4342 Baptiemum.

691 4439 782 4516 Hire
812 4454 915 4533 primis
948 4461 1057 4515 tantum
1088 4454 1214 4516 vocibus
1249 4452 1446 4535 designantur
1479 4454 1508 4513 in
1542 4454 1761 4535 manuscriptis.
1814 4452 1846 4512 ln
1877 4452 1969 4512 blissa

600 4554 782 4616 blalabarica
804 4557 843 4617 ita
867 4555 987 4638 legitur.
1017 4556 1078 4631 Oui
1098 4576 1158 4617 nore
1181 4556 1516 4635 maecepitBuptismnm
1539 4556 1686 4619 decedet.
1722 4554 1849 4615 Chorus.
1885 4555 1967 4618 Vere.

600 4654 660 4728 Oai
680 4673 740 4714 non
762 4658 894 4733 suscepit
914 4657 997 4732 iliud,
1021 4657 1167 4718 discedot.
1202 4654 1361 4717 Sacerdos.
1391 4656 1436 4716 lte
1458 4656 1615 4716 audierrtee
1637 4662 1667 4715 et
1686 4656 1785 4715 eidete
1807 4655 1894 4716 ertia.
1925 4655 1969 4715 Ea

599 4769 674 4813 uero
697 4752 789 4814 verba
812 4752 967 4815 formulam
990 4756 1150 4835 integram,
1172 4763 1204 4816 ut
1218 4755 1344 4817 maxime
1363 4754 1596 4832 verisimileest,
1611 4754 1773 4815 continent.
1804 4749 1836 4810 ln
1853 4753 1969 4815 Graeca

602 4850 819 4931 Clrrysostomi.
858 4841 949 4916 Ὅσοι
977 4840 1207 4936 κατηχούμενοι
1235 4846 1428 4939 προέλθετε.
1471 4854 1534 4936 Mq‘
1555 4872 1607 4924 τις
1628 4850 1691 4913 τῶν
1710 4845 1968 4934 κατηχουμὲνων.

602 4950 753 5030 Quotquot
780 4950 993 5013 Cotecbumeni
1019 4955 1093 5014 estis
1121 4954 1259 5015 recedite.
1295 4953 1341 5014 Ne
1370 4955 1438 5032 quio
1468 4950 1763 5012 Cotecbumenornnr.
1808 4949 1841 5010 lu
1862 4949 1970 5012 Jacobi

601 5047 728 5112 Graeca.
773 5037 835 5134 Ma}
856 5071 907 5123 τις
928 5045 1186 5135 κατηχουμὲνων,
1214 5041 1262 5134 μή
1282 5072 1334 5125 τις
1356 5037 1522 5135 deturpent,
1544 5045 1599 5111 καὶ
1620 5038 1667 5133 μὴ
1689 5042 1871 5126 δυναμένων
1892 5040 1969 5132 ἡμῖν

600 5145 828 5233 συνδεηθῆναι.
873 5151 918 5212 Ne
940 5153 1007 5231 quis
1029 5149 1335 5226 Catecbumenorum‚
1364 5171 1402 5212 ne
1431 5152 1499 5229 quis
1520 5168 1581 5209 non
1605 5149 1804 5221 initiatorum,
1834 5167 1872 5207 ne
1902 5151 1969 5227 quis

542 5310 545 5313 .
599 5265 704 5307 eorum
725 5250 777 5327 qui
796 5249 952 5311 nobiscum
973 5250 1062 5311 mmrd
1082 5269 1173 5311 orare
1194 5270 1255 5312 nort
1275 5258 1412 5329 possunt.
1444 5237 1505 5319 τοὶς
1527 5233 1645 5331 θύρας.
1681 5247 1795 5308 Portas
1828 5246 1967 5307 claudite.

598 5342 676 5405 Nihil
705 5345 763 5408 boc
791 5348 851 5410 ritu
880 5350 980 5411 notius
1011 5350 1041 5410 in
1068 5350 1166 5412 veteri
1195 5348 1368 5431 discipbna;
1398 5348 1452 5411 sed
1476 5348 1545 5427 quia
1569 5347 1631 5428 J'arn
1662 5365 1680 5408 a
1709 5344 1808 5407 multis
1838 5344 1967 5407 saeculis

638 5470 724 5513 Tourus
737 5470 761 5515 tt
1649 5481 1655 5493 ‘
1718 5451 1768 5523 78
