5150 6534
835 828 866 905 s.
897 789 1060 904 mooun
1085 824 1297 904 urrsuorr
1322 826 1663 909 norununnsrs.
1690 846 1740 909 a.
1909 833 1983 908 aas

685 1054 688 1060 -
715 1011 902 1085 Sacerdos.
954 1013 1007 1085 Ne
1031 1011 1175 1085 Domine
1200 1013 1339 1087 inducas
1365 1035 1429 1087 nos
1456 1017 1489 1085 in
1517 1021 1745 1104 tentationem,
1774 1021 1904 1090 animae
1923 1018 1983 1090 vel

609 1130 781 1222 corporis,
820 1132 866 1201 ita
897 1140 933 1201 ut
966 1150 1027 1224 per
1061 1127 1214 1217 dolores,
1249 1130 1307 1200 vel
1341 1152 1403 1225 per
1436 1142 1577 1224 peccata
1612 1142 1783 1204 tentemur.
1842 1132 1911 1205 Sed
1946 1144 1981 1205 tu

555 1233 558 1238 ’
608 1241 754 1321 Domine
779 1245 872 1316 Deus
898 1267 960 1340 per
987 1242 1246 1316 misericordiam
1276 1255 1364 1316 tuam
1397 1256 1552 1340 tanquam
1587 1248 1688 1319 Pater
1723 1251 1914 1320 misericors
1950 1257 1984 1320 et

610 1356 758 1430 clemens
785 1381 952 1432 conserva
979 1380 1102 1454 corpus
1129 1384 1148 1430 a
1176 1359 1348 1432 doloribus
1375 1371 1408 1431 et
1433 1361 1686 1451 infirmitatibus,
1714 1373 1749 1434 et
1774 1365 1915 1435 animam
1939 1362 1980 1434 ab

590 1472 835 1568 2iniquitatibus
863 1486 897 1546 et
922 1478 1091 1571 peceatis3
1118 1485 1217 1569 atque
1245 1479 1278 1546 iu
1305 1473 1390 1546 hunc
1417 1477 1548 1548 modum
1576 1478 1755 1550 liberemur
1781 1501 1802 1549 a
1829 1479 1934 1565 mulo,
1961 1503 1982 1549 a

610 1588 831 1684 potestatibus
864 1601 899 1661 et
934 1590 1078 1663 artificiis
1114 1596 1197 1683 ejus.
1251 1590 1328 1661 Non
1363 1595 1451 1663 enim
1486 1602 1537 1664 est
1577 1597 1610 1664 in
1644 1592 1741 1665 nobis
1776 1596 1882 1666 virtus
1918 1614 1983 1686 qua

601 1689 789 1799 ‘possumus
819 1706 966 1797 maligno
999 1710 1179 1795 resistere,
1218 1709 1247 1778 si
1281 1728 1403 1777 nomen
1437 1717 1527 1778 tuum
1563 1720 1714 1780 sanctum
1745 1730 1813 1779 non
1847 1707 1983 1798 adjuvat

610 1840 689 1904 nos:
717 1824 793 1915 quia
818 1831 908 1892 tuum
935 1833 988 1895 est
1012 1844 1153 1914 regnum
1180 1832 1213 1892 et
1239 1832 1402 1917 potestas,
1430 1832 1464 1893 et
1490 1823 1610 1915 gloria,
1639 1823 1801 1918 simulque
1820 1822 1982 1915 unigeniti

540 2031 543 2035 .
609 1932 686 2006 Filii
711 1939 778 2024 tui,
804 1945 840 2007 et
865 1935 1006 2032 Spiritus
1033 1940 1079 2009 tui
1107 1939 1222 2008 sancti.

714 2049 875 2143 Popatas.
928 2052 1048 2123 Amen.

699 2164 897 2238 Sacerdos.
950 2166 1033 2238 Pax.

613 2367 621 2378 Ἀ
681 2270 873 2374 ‘'Populas.
925 2282 1070 2354 Etcum
1097 2286 1212 2378 spiritu
1240 2294 1306 2355 tuo.

712 2396 900 2467 Diaconos.
955 2397 1071 2493 Capita
1099 2408 1213 2469 nostra
1239 2401 1314 2471 Deo
1342 2400 1546 2471 inclinemus.

713 2511 874 2605 Populus.
928 2512 1052 2586 Coram
1081 2524 1122 2584 te.

706 2627 896 2698 Sacerdos.
951 2630 1075 2703 Coram
1102 2639 1136 2700 te
1161 2632 1321 2719 Domine,
1348 2632 1427 2702 Rex
1459 2631 1591 2721 Regum
1627 2640 1660 2701 et
1685 2631 1827 2700 Domine
1854 2630 1978 2702 Domi-

606 2747 775 2832 nantium‚
802 2753 837 2815 et
861 2743 986 2817 iaciens
1013 2746 1191 2834 mirabilia,
1221 2747 1358 2818 excelse
1385 2769 1447 2841 per
1473 2746 1613 2837 gloriam
1629 2756 1728 2832 tuam,
1755 2744 1978 2838 praedicande

606 2882 670 2956 per
695 2864 924 2952 majestatem,
951 2860 1148 2932 abscondite
1181 2862 1361 2932 secundum
1396 2864 1591 2948 essentiam,
1624 2859 1780 2931 inclinant
1813 2862 1978 2931 servitui

606 2978 717 3071 cupita
744 2997 805 3047 sua
829 2974 894 3047 hoc
921 2986 1091 3071 tempore,
1119 2987 1337 3071 expectantes
1365 2999 1459 3072 spem
1484 2980 1726 3071 promissorum
1759 2986 1907 3062 tuorum,
1944 2985 1978 3045 et

605 3088 816 3162 clementiam
851 3100 956 3178 tuam,
993 3096 1207 3185 sitientesque
1239 3095 1472 3164 miserationes
1506 3114 1592 3186 quae
1625 3114 1644 3161 a
1678 3100 1710 3162 tc
1742 3090 1976 3162 conceduntur.

605 3204 762 3278 Extende
793 3207 937 3280 Domine
977 3229 1107 3278 manum
1148 3218 1234 3279 tuam
1274 3218 1458 3302 potentem,
1494 3217 1528 3277 et
1564 3207 1715 3279 omuibus
1749 3206 1976 3294 sufficientem,

609 3320 819 3417 benedicque
858 3326 968 3395 servis
1004 3335 1037 3395 et
1075 3322 1308 3395 adoratoribus
1341 3327 1437 3425 tuis..
1468 3323 1598 3395 Perfice
1630 3322 1724 3411 illos,
1757 3324 1802 3392 ita
1836 3331 1872 3391 ut
1902 3321 1977 3415 puri

607 3440 689 3526 sint,
717 3447 752 3509 et
778 3436 905 3531 absque
931 3437 1060 3509 macula
1088 3438 1310 3533 sordibusque
1323 3441 1463 3534 peccati,
1491 3449 1526 3510 ut
1539 3438 1629 3528 digni
1652 3438 1831 3509 efficiantur
1851 3456 1975 3507 susce-

605 3556 719 3648 ptione
745 3556 979 3648 mysteriorum
1007 3563 1136 3625 tuomm
1163 3563 1354 3625 sanctorum
1380 3563 1415 3625 et
1442 3554 1637 3626 divinorum.
1691 3551 1815 3624 Libera
1841 3572 1904 3622 nos
1932 3549 1973 3621 ab

606 3671 695 3741 omni
721 3666 893 3762 phantasia
920 3679 1098 3757 nocturna,
1127 3668 1254 3760 diurna,
1280 3670 1461 3740 meridiana
1490 3680 1523 3741 et
1548 3672 1758 3763 vespertina:
1786 3684 1976 3758 corpusque

605 3791 640 3854 et
665 3786 803 3875 sanguis
830 3785 988 3874 unigeniti
1015 3784 1091 3854 Filii
1118 3788 1163 3854 tui
1189 3789 1232 3856 sit
1258 3785 1355 3857 nobis
1382 3785 1595 3872 fermentum,
1622 3795 1656 3856 et
1681 3788 1802 3880 pignus
1828 3785 1921 3853 vitae
1941 3782 1975 3850 in

604 3894 659 3969 die
681 3898 815 3990 jndicii.
841 3920 927 3969 nunc
954 3909 988 3969 et
1015 3922 1167 3993 semper,
1195 3911 1228 3972 et
1254 3904 1287 3971 in
1315 3901 1452 3972 saecula
1477 3900 1698 3972 saeculorum.

708 4013 868 4107 Popata.
921 4014 1041 4085 Amen.
1251 4015 1435 4088 Sacerdos.
1488 4015 1571 4087 Pax.

708 4128 870 4223 Popalao.
923 4130 966 4201 Et
992 4151 1066 4200 cum
1092 4130 1216 4223 Spiritu
1242 4140 1309 4203 tuo.

709 4243 894 4317 Sacerdos.
946 4245 1200 4318 Misericordiae
1226 4245 1302 4316 Dei.

708 4360 868 4454 Papulas.
921 4361 964 4432 Et
985 4371 1064 4431 'cum
1092 4360 1215 4456 Spiritu
1242 4372 1309 4433 tuo.

707 4475 895 4549 Diaconos.
950 4476 1033 4548 Cum
1061 4478 1179 4547 timore
1206 4481 1416 4572 aspiciamus.

707 4591 891 4663 Sacerdos.
945 4591 1068 4663 Sancta
1096 4595 1230 4666 sanctis.

707 4706 870 4799 Populus.
922 4704 1015 4778 Unus
1042 4708 1152 4778 Pater.

707 4821 895 4892 Dimoam.
948 4820 1083 4893 Stemus
1111 4822 1277 4893 decenter.

596 4991 599 4997 .
706 4936 869 5030 Populos.
923 4936 1056 5007 Gratias
1083 4940 1222 5027 agimus.

706 5051 891 5124 Sacerdos.
945 5052 1031 5138 Quid
1057 5052 1216 5125 babemus
1243 5052 1332 5146 quod
1358 5050 1576 5123 retribuamus
1603 5049 1748 5122 Domino
1775 5069 1838 5144 pro
1859 5048 1973 5118 omni-

602 5165 665 5241 bus
692 5191 779 5263 quae
805 5168 956 5241 retribuit
988 5166 1103 5255 nobis;
1129 5178 1162 5239 et
1188 5190 1250 5263 pro
1278 5168 1429 5240 omnibus
1456 5166 1564 5258 donis,
1590 5163 1774 5253 beneficiis,
1800 5172 1835 5234 et
1848 5183 1971 5234 muue-

601 5279 694 5356 ribus
722 5286 795 5375 ejus
823 5305 906 5376 erga
932 5304 1013 5356 nos:
1042 5286 1097 5378 qui
1123 5305 1187 5356 nos
1215 5295 1412 5373 terrestres,
1446 5281 1565 5374 dignos
1599 5281 1678 5353 iecit
1711 5275 1974 5352 communicandi

1152 5414 1167 5424 ”
1687 5395 1772 5472 49*
