5150 6534
594 832 670 907 594
1161 834 1392 912 NOTAE

591 1024 652 1079 est:
675 1026 736 1080 tum
759 1037 826 1082 curn
847 1019 973 1082 verbum
996 1020 1091 1082 verbo
1113 1022 1228 1083 curavit
1249 1018 1381 1083 reddere
1403 1019 1552 1082 obscurus
1576 1027 1633 1096 est,
1656 1027 1706 1082 aut
1720 1020 1826 1103 fatigat
1838 1039 1874 1083 se
1890 1020 1961 1084 inu·

589 1117 691 1180 tiliter.
735 1118 809 1180 Nam
833 1118 1004 1181 Orientales
1027 1127 1059 1181 et
1080 1119 1149 1200 Syri
1171 1120 1399 1201 praecaeteris
1422 1118 1574 1182 abundant
1602 1136 1838 1200 synonymorum
1860 1123 1959 1202 copie,

592 1225 625 1278 ut
646 1218 778 1298 exempli
801 1236 891 1281 causa
913 1235 1021 1281 vocem
1044 1209 1144 1297 ἔλεος,
1167 1237 1244 1299 quae
1267 1219 1502 1282 misericordiam
1523 1220 1673 1300 significat
1695 1219 1789 1281 tribus
1804 1216 1963 1284 admodum

590 1316 642 1378 vel
669 1325 797 1397 quatuor
824 1317 1010 1396 exprimunt,
1040 1336 1118 1398 quae
1148 1316 1272 1380 totidem
1299 1316 1413 1378 Latinis
1435 1317 1522 1379 reddi
1545 1325 1706 1398 nequeunt.
1751 1317 1814 1381 Nos
1836 1320 1962 1380 mea-i-

589 1416 729 1478 cordiam
747 1426 777 1479 ct
794 1419 1015 1492 miserationes,
1038 1435 1116 1498 quae
1139 1434 1231 1479 voces
1253 1417 1284 1478 in
1300 1415 1521 1479 Ecclesiasticis
1543 1415 1653 1479 Officiis
1669 1417 1763 1499 vulgo
1778 1425 1962 1498 usurpantur

588 1512 778 1595 interpretati
799 1533 916 1593 sumus,
944 1524 975 1578 et
998 1516 1216 1596 simplicissima
1245 1531 1383 1596 quaeque
1403 1513 1507 1591 ,verba
1529 1515 1729 1596 praeferenda
1750 1535 1853 1580 sumus
1876 1517 1961 1580 arbi·

590 1613 669 1676 uati.
714 1613 875 1675 Lusitanus
897 1614 1064 1695 interpres,
1093 1633 1212 1677 amores
1234 1632 1332 1694 prope
1354 1612 1465 1694 ubique
1491 1616 1597 1677 vertit:
1625 1633 1699 1678 sane
1722 1632 1783 1676 non
1805 1614 1899 1693 bene,
1928 1621 1962 1676 ut

590 1710 681 1773 multa
705 1712 861 1793 ejusmodi.

932 1971 967 2042 3.
1008 1973 1068 2044 Art
1093 1972 1266 2045 lectiones.
1320 1976 1379 2045 Ad
1404 1975 1614 2069 Apostolum.

688 2161 805 2240 Psucrs
828 2177 931 2240 verbis
954 2176 1151 2258 significatur,
1174 2185 1336 2257 sequentes
1367 2178 1518 2239 orationes
1546 2176 1690 2240 dicendas
1721 2195 1808 2256 esse,
1839 2176 1960 2258 quando

588 2277 662 2339 liunt
683 2277 829 2342 lectiones
852 2297 959 2342 sacrae
980 2280 1166 2360 scripturae,
1194 2298 1233 2342 ex
1261 2280 1367 2343 Veteri
1389 2280 1591 2359 Testamenta,
1615 2289 1676 2343 tum
1699 2300 1738 2343 ex
1760 2281 1845 2344 Actis
1868 2279 1959 2364 Apo-

588 2376 745 2452 stolorum,
766 2377 919 2458 Epistolis,
942 2379 1025 2442 Pauli
1047 2386 1077 2440 et
1099 2377 1275 2442 Catholicis:
1299 2387 1368 2442 sunt
1390 2386 1489 2440 antem
1511 2379 1621 2441 multae
1644 2383 1797 2443 orationes
1820 2397 1876 2442 seu
1898 2381 1958 2441 be-

588 2474 778 2538 nedictiones
800 2475 887 2557 hujus
910 2479 1034 2560 generis
1056 2478 1087 2539 in
1109 2476 1244 2541 omnibus
1267 2478 1411 2559 Liturgiis
1441 2479 1654 2559 cujuscumque
1683 2479 1766 2540 ritus.
1811 2478 1844 2539 ln
1866 2479 1959 2541 blissa

587 2570 769 2636 Malabcrica
795 2575 867 2636 nihil
897 2577 1029 2639 occurrit
1058 2577 1139 2638 circa
1163 2575 1309 2639 lectiones
1332 2576 1552 2656 Epistolarum,
1575 2579 1634 2640 imo
1657 2595 1714 2640 nec
1737 2577 1773 2638 ad
1796 2575 1957 2639 lectionem

509 2717 511 2722 .
587 2670 756 2754 Evangelii,
778 2674 860 2754 quod
881 2677 954 2738 satis
976 2677 1093 2753 mirum,
1116 2693 1183 2738 cum
1206 2696 1246 2738 ex
1268 2676 1334 2738 aliis
1358 2674 1467 2737 Officiis
1491 2683 1621 2751 constet,
1644 2686 1759 2757 partem
1776 2673 1958 2739 illosLitur-

588 2772 657 2854 gine
687 2771 796 2851 fuisse,
827 2792 926 2855 neque
956 2776 1021 2837 sinc
1051 2776 1249 2847 eaeremoniis
1280 2784 1311 2837 et
1340 2774 1427 2836 thure
1457 2784 1619 2856 peractam.
1664 2773 1737 2835 Eam
1760 2773 1956 2856 disciplinam,

587 2869 660 2933 licet
681 2870 803 2934 brevius
827 2891 915 2953 quam
938 2872 1100 2955 optandum
1122 2873 1238 2952 suisset,
1262 2872 1422 2956 designant
1444 2881 1543 2936 tamen
1566 2875 1660 2936 nostri
1685 2874 1818 2936 codices.
1863 2875 1895 2936 ln
1919 2894 1958 2937 ea

588 2970 727 3032 oratione
740 2970 1105 3052 quamanteApostolnm,
1128 2973 1187 3034 hoc
1204 2980 1251 3035 est
1262 2973 1417 3053 Epistolae
1438 2971 1597 3036 lectionem
1619 2973 1678 3036 dici
1701 2972 1801 3052 debet,
1826 2974 1959 3037 occurrit

594 3086 665 3147 una,
689 3087 767 3150 quae
790 3069 878 3133 aliter
900 3070 1011 3153 legitur
1032 3073 1062 3134 in
1085 3072 1177 3134 blissa
1199 3071 1397 3150 blalabariea,
1420 3080 1450 3134 et
1473 3072 1591 3152 deque
1615 3072 1771 3134 dicendum
1794 3081 1851 3136 est.

797 3349 831 3419 d.
869 3349 1028 3438 Sanctae,
1055 3350 1255 3438 landandus,
1278 3357 1413 3444 polens,
1441 3350 1649 3439 immortalis,
1684 3357 1747 3422 etc.

698 3539 734 3616 ln
746 3550 924 3616 Malabariea
939 3553 1071 3616 Sanctus
1083 3553 1176 3629 Dorus,
1200 3561 1324 3615 senones
1336 3553 1437 3633 sortis,
1460 3562 1583 3615 sanetus
1605 3555 1791 3630 immortalis,
1813 3557 1957 3618 miserere

588 3655 694 3717 nobis:
717 3655 822 3718 eadem
846 3656 1063 3737 propemodum
1087 3658 1235 3720 sententia
1259 3665 1322 3734 est,
1346 3676 1446 3737 neque
1467 3656 1707 3736 interpolationis
1729 3657 1862 3737 suspicio
1886 3677 1957 3721 esse

588 3752 688 3818 debet.
734 3754 868 3833 Hymnus
896 3758 1007 3836 quippe
1035 3756 1105 3834 ille,
1141 3773 1229 3836 quem
1259 3756 1352 3839 vulgo
1383 3756 1552 3837 Trisagiurn
1575 3755 1741 3837 appellant,
1766 3758 1795 3817 in
1816 3755 1957 3818 Ecclesia

588 3851 918 3933 Constantinopolitano
943 3840 1055 3916 initium
1077 3853 1188 3931 habuit,
1212 3854 1301 3937 idque
1324 3864 1452 3919 testatur
1475 3875 1515 3917 ex
1528 3873 1651 3917 suorum
1665 3855 1826 3919 traditione
1843 3853 1955 3917 Amrus

572 3950 715 4014 'blathaei
738 3952 831 4027 filius3
855 3960 886 4014 et
909 3951 947 4016 de
970 3954 1036 4034 ejus
1059 3973 1114 4015 usn
1137 3955 1215 4016 inter
1233 3973 1320 4017 sacra
1338 3954 1439 4017 Officia
1463 3955 1548 4016 testis
1571 3962 1627 4019 est.
1663 3954 1854 4017 Addilionem
1877 3971 1956 4033 quae

587 4050 706 4112 Petrum
731 4050 922 4132 Gnapheum,
946 4060 978 4114 ιιι
999 4051 1092 4135 vulgo
1117 4051 1263 4132 creditur,
1287 4062 1423 4117 autorem
1446 4053 1562 4127 habuit,
1584 4055 1637 4133 qni
1657 4054 1822 4131 oncifimrs
1844 4070 1877 4113 es
1896 4069 1956 4130 pro

586 4150 689 4230 nobis,
713 4158 769 4215 eto.
800 4153 940 4232 ignorant
970 4161 1000 4215 et
1023 4161 1201 4215 aversantur
1223 4154 1410 4230 Nestoriani,
1441 4170 1502 4214 non
1530 4154 1626 4213 minus
1655 4171 1743 4233 quam
1774 4149 1954 4213 Orthodoxi.

588 4249 663 4311 Eam
686 4249 794 4331 adjecit
817 4249 854 4312 ad
877 4268 960 4313 oram
984 4249 1103 4314 Codicis
1126 4250 1293 4314 colbertini
1316 4251 1434 4332 quidam
1455 4250 1602 4313 lacebita.

899 4531 935 4600 5.
976 4529 1199 4601 Descendens
1224 4528 1388 4600 salutabit
1412 4527 1643 4621 Eonnpolirnn.

686 4720 779 4798 Nnnn
802 4732 945 4813 praesidii
968 4732 1026 4795 boc
1048 4734 1078 4795 in
1100 4733 1169 4797 loco
1192 4732 1319 4795 habetur
1341 4729 1696 4795 exilissablalabariea:
1720 4728 1775 4792 sed
1798 4747 1837 4790 ex
1850 4730 1954 4809 paucis

587 4834 653 4896 istis
677 4835 777 4897 verbis
793 4836 920 4918 intelligi
932 4842 1033 4917 potest
1047 4836 1083 4899 ad
1095 4835 1252 4919 Evangelii
1265 4836 1436 4913 lectionem,
1459 4835 1637 4897 nonninus
1660 4833 1850 4895 reverentiae
1874 4833 1954 4913 apud
1981 4834 1986 4839 “

586 4931 783 4997 Nestoriancs
800 4953 888 5015 quam
903 4935 983 5013 stibi,
1006 4933 1098 4998 fuisse
1122 4934 1298 4997 adhibitum:
1321 4952 1428 5015 nempe
1450 4933 1608 4996 salutatum
1631 4932 1734 5007 fuisse,
1757 4933 1954 5009 incensatum,

588 5040 620 5096 et
642 5052 709 5094 cum
730 5033 844 5095 bonore
866 5033 1119 5114 praecedentibus
1142 5035 1240 5097 cereis
1264 5032 1301 5096 ad
1324 5033 1480 5096 ambonem
1503 5032 1642 5095 delatum.
1687 5030 1954 5104 Proclamationem

588 5139 702 5210 autem,
727 5133 811 5214 cujus
834 5131 892 5195 boc
914 5132 982 5195 loc'o
1005 5135 1116 5195 mentio
1139 5140 1202 5208 est,
1225 5133 1427 5196 existimamus
1450 5150 1521 5195 esse
1543 5132 1637 5213 ipsam
1658 5131 1817 5213 Evangelii
1839 5129 1954 5191 recita-

585 5230 699 5294 tionem
721 5250 798 5312 qnae
821 5230 853 5293 tn
875 5232 933 5293 alta
956 5251 1032 5294 voce
1055 5233 1085 5293 in
1107 5233 1244 5294 omnibus
1266 5232 1423 5296 Ecclesiis.
1462 5230 1565 5293 Oratio
1589 5249 1666 5312 quae
1688 5228 1898 5311 interponitur,
1920 5228 1953 5290 in

577 5347 645 5409 ,qua
667 5330 743 5392 haec
764 5331 858 5394 verba
881 5337 967 5411 sunt,
995 5332 1047 5412 qni
1067 5332 1217 5394 revelatus
1239 5350 1272 5393 es
1293 5329 1381 5393 nobis
1402 5331 1434 5392 in
1457 5349 1582 5411 corpore
1604 5330 1798 5392 lrnrncnitotis
1818 5336 1954 5406 nostroe,
