5150 6534
596 851 672 925 418
879 852 1096 930 LlTUllGlll
1122 852 1372 930 bocuouuu
1398 853 1685 934 studiorum

592 1036 711 1109 bentur
738 1064 757 1110 a
784 1037 881 1111 nobis
909 1063 1057 1113 summae
1084 1040 1232 1133 dignitati
1257 1050 1347 1132 tuae,
1373 1042 1528 1132 Domine,
1556 1065 1673 1116 omnes
1700 1046 1963 1137 glorificationes

593 1153 832 1245 indesinentes,
860 1179 975 1229 omnes
1002 1155 1117 1227 laudes
1145 1165 1178 1227 et
1204 1154 1427 1229 exaltationes
1452 1157 1640 1249 gloriosae,
1677 1164 1754 1256 quia
1789 1184 1852 1257 per
1885 1163 1964 1236 ole-
2010 1213 2014 1224 ·

592 1275 748 1342 arentiam
784 1283 887 1358 tuam,
929 1273 1049 1364 dignos
1082 1275 1273 1366 praestitisti
1305 1295 1369 1345 nos
1410 1274 1499 1347 douo
1536 1274 1714 1371 praeclaro
1755 1286 1789 1348 et
1821 1279 1963 1351 coelesti

592 1385 656 1457 cibi
697 1388 792 1478 hujus
827 1389 1051 1460 indeficientis.
1117 1388 1342 1462 Obsecramus
1376 1412 1525 1462 amorem
1559 1402 1647 1462 tuum
1688 1414 1771 1485 erga
1811 1392 1962 1467 homines

590 1504 807 1591 ineffabilem,
843 1515 878 1575 ut
910 1528 977 1576 non
1018 1516 1197 1577 convertas
1230 1505 1316 1577 lesta
1350 1515 1464 1579 nostra
1505 1508 1538 1578 in
1572 1506 1713 1596 luctum,
1746 1518 1780 1582 et
1819 1511 1961 1602 gloriam

591 1631 740 1716 nostram
768 1625 801 1693 in
828 1625 996 1717 pristinam
1025 1624 1261 1717 captivitatem.
1316 1621 1370 1693 Ne
1396 1621 1533 1694 inclines
1560 1627 1668 1719 capita
1694 1635 1810 1698 nostra
1842 1630 1876 1698 in
1898 1629 1962 1718 ju-

593 1736 694 1824 dicio,
721 1760 829 1833 neque
857 1737 1052 1810 confusione
1080 1737 1258 1810 afficiamur
1284 1743 1318 1810 in
1344 1739 1398 1810 die
1424 1742 1622 1825 novissimo,
1650 1762 1715 1835 quo
1734 1745 1962 1837 unusquisque

590 1852 763 1947 bominum
782 1857 1080 1925 remunerationem
1107 1857 1264 1949 accipiet,
1301 1865 1335 1926 et
1366 1853 1507 1946 Angelis
1541 1877 1616 1925 cum
1642 1858 1761 1929 timore
1794 1857 1962 1929 adstanti-

481 2008 483 2013 ·
590 1966 670 2047 bus,
698 1973 886 2060 unigenitus
913 1969 1016 2041 Filius
1044 1980 1117 2040 tuus
1130 1969 1309 2061 judicabit:
1337 1970 1396 2043 sed
1417 1981 1452 2041 ut
1465 1973 1668 2061 misericors,
1697 1975 1862 2067 aspiciens
1883 1994 1961 2063 nos,

590 2088 722 2156 veniam
749 2086 916 2157 concedas
944 2088 1091 2157 tenuitati
1119 2089 1248 2158 animae
1273 2097 1420 2159 nostrae.
1473 2086 1637 2158 Miserere
1671 2087 1864 2160 infirmitatis
1889 2111 1960 2162 na-

592 2215 685 2275 turae
711 2213 867 2290 nostrae,
894 2224 1010 2273 verum
1038 2223 1105 2272 non
1132 2201 1174 2272 ad
1195 2203 1375 2295 judicium,
1409 2202 1469 2274 sed
1495 2225 1604 2297 neque
1632 2203 1673 2275 ad
1701 2203 1960 2278 condemnatio-

590 2344 666 2391 nem
694 2323 815 2414 imputa
843 2318 940 2390 nobis
968 2339 1085 2388 munus
1112 2316 1177 2389 boc
1204 2326 1309 2406 tuum,
1338 2318 1398 2390 sed
1425 2319 1467 2390 ad
1494 2322 1714 2406 sanctitatem,
1740 2319 1960 2412 vigilantiam,

591 2447 623 2506 et
649 2437 804 2505 viaticum
831 2432 956 2504 salutis.
1008 2432 1052 2503 itt
1078 2444 1112 2505 te
1139 2432 1235 2503 decet
1262 2433 1390 2525 gloria,
1416 2433 1524 2506 bonor
1542 2443 1755 2529 etpotestaS,
1782 2457 1857 2506 oum
1877 2438 1959 2508 uni-

589 2554 703 2642 genito
730 2550 814 2620 Filio
843 2561 897 2620 tuo
925 2557 958 2620 et
984 2548 1108 2643 Spiritu
1134 2558 1189 2619 tuo
1217 2530 1445 2640 sanctissimo,
1471 2549 1562 2622 bono
1590 2561 1623 2620 et
1651 2547 1831 2622 adorando.

693 2666 853 2759 Populus.
906 2666 1026 2736 Amen.

693 2781 876 2853 Sacerdos.
930 2782 1013 2852 Pax.

694 2897 853 2991 Populos.
905 2896 1048 2967 Etcum
1076 2897 1191 2991 spiritu
1219 2907 1285 2968 tuo.

694 3017 882 3086 Diaconos.
935 3014 1034 3085 Ante.

694 3131 855 3225 Populos.
910 3128 1032 3202 Coram
1061 3139 1102 3199 te.

692 3247 875 3320 Sacerdos.
927 3245 1004 3316 Lux
1036 3268 1110 3317 mea
1146 3257 1180 3318 et
1218 3248 1311 3319 Deus
1351 3247 1494 3317 omnium
1534 3246 1677 3316 Domine
1718 3255 1836 3316 noster
1873 3244 1959 3317 tesu

590 3366 742 3452 Christe,
769 3366 823 3457 qui
850 3362 891 3433 de
918 3362 1014 3433 coelo
1042 3361 1244 3435 descendisti
1271 3360 1313 3433 ad
1340 3362 1478 3432 salutem
1506 3363 1618 3432 ovium
1638 3370 1783 3449 tuarum,
1811 3358 1958 3432 extendo

588 3483 761 3553 dexteram
788 3491 875 3550 tuam
903 3487 1067 3564 sanctam,
1094 3476 1192 3550 bonis
1219 3477 1455 3563 abundantem,
1483 3484 1517 3547 et
1542 3479 1815 3571 omnipotentem,
1842 3474 1958 3547 bene-

589 3599 706 3691 dicque
732 3594 828 3666 nobis
856 3592 1006 3664 omnibus
1033 3598 1143 3664 servis
1164 3598 1245 3683 tuis,
1272 3593 1488 3686 generaliter,
1516 3596 1645 3683 magnis
1667 3602 1701 3663 et
1719 3595 1845 3688 parvis,
1872 3594 1957 3665 viris

589 3714 744 3786 simulet
779 3707 985 3780 mulieribus:
1015 3710 1194 3802 juvenibus
1230 3720 1263 3781 et
1296 3713 1424 3805 pueris:
1460 3706 1645 3799 virginibus
1682 3719 1715 3780 et
1747 3711 1957 3801 conjugatis:

589 3825 818 3902 sacerdotibus
844 3829 970 3921 pariter
995 3834 1030 3895 ot
1064 3827 1197 3922 populo.
1250 3825 1386 3898 Viribus
1420 3825 1494 3896 illos
1529 3824 1681 3896 conforta
1716 3827 1770 3917 qui
1803 3821 1956 3896 imbelles

589 3955 680 4018 sunt:
709 3942 828 4014 divites
854 3944 888 4011 iu
911 3944 1038 4033 justitia
1064 3942 1209 4030 custodi,
1238 3942 1405 4038 orphanos
1432 3943 1535 4027 nutri,
1563 3938 1763 4035 pauperibus
1784 3949 1818 4011 et
1843 3937 1955 4011 viduis

589 4059 744 4159 alimenta
768 4054 904 4152 praebe.
958 4055 1136 4130 sanctifica
1164 4081 1224 4131 eos
1252 4061 1365 4153 quiin
1397 4060 1544 4152 peccatis
1571 4055 1773 4128 volutantur:
1808 4055 1956 4127 extende

588 4171 756 4244 brachium
783 4185 872 4245 tuum
899 4172 986 4246 forte
1013 4185 1047 4245 et
1073 4173 1213 4266 obsigna
1238 4196 1303 4247 nos
1330 4194 1446 4245 omues
1474 4194 1573 4243 cruce
1601 4181 1674 4259 tua,
1708 4175 1818 4243 emitte
1852 4194 1956 4268 super

588 4312 652 4362 nos
679 4312 794 4363 omnes
821 4289 1070 4361 benedictiones
1096 4300 1171 4361 tuas
1198 4299 1351 4376 sanctas,
1377 4311 1438 4383 per
1464 4287 1660 4359 sacrificium
1686 4286 1750 4360 hoc
1766 4287 1855 4382 quod
1869 4311 1953 4361 sus-

588 4409 744 4501 cepimus.
804 4406 1019 4496 Agnoscatur
1054 4408 1190 4499 sanguis
1235 4415 1308 4477 tuus
1342 4426 1444 4499 purus
1478 4414 1511 4474 et
1543 4412 1676 4475 sanctus
1710 4425 1810 4498 super
1842 4403 1955 4475 limina

586 4533 705 4617 portae
732 4543 909 4616 corporum
936 4530 1134 4593 nostrorum.
1186 4521 1283 4594 Mens
1311 4530 1428 4593 nostra
1453 4519 1574 4592 lumine
1600 4529 1655 4592 tuo
1680 4519 1838 4592 illustrato
1866 4541 1954 4614 pru-

587 4636 716 4708 dentior
743 4637 879 4709 evadat:
906 4637 1009 4709 corda
1035 4647 1150 4709 nostra
1178 4637 1335 4709 confirma
1362 4641 1396 4708 in
1423 4636 1571 4708 doctrina
1605 4646 1673 4707 tua:
1709 4657 1848 4727 gressus
1882 4656 1953 4707 no-

588 4764 676 4824 stros
703 4752 810 4846 dirige
837 4755 870 4822 in
897 4756 1022 4824 semitis
1049 4756 1130 4826 tuis:
1157 4752 1291 4845 linguae
1317 4763 1453 4826 nostrae
1480 4756 1544 4824 siut
1570 4774 1697 4844 organa
1725 4750 1831 4823 laudis
1865 4761 1954 4841 tuae,

588 4872 664 4964 (pria
692 4878 725 4939 tu
751 4867 858 4941 bonus
887 4878 920 4938 et
947 4879 1074 4942 amator
1100 4868 1267 4942 bominum
1294 4890 1353 4960 es,
1380 4877 1414 4941 et
1439 4878 1472 4940 te
1500 4868 1597 4941 decet
1615 4869 1744 4961 gloria,
1770 4865 1862 4958 laus,
1888 4876 1952 4938 eto

1005 5187 1536 5233 ψ-
