<?xml version="1.0" encoding="UTF-8"?>
<!DOCTYPE html PUBLIC "-//W3C//DTD XHTML 1.0 Transitional//EN"
    "http://www.w3.org/TR/xhtml1/DTD/xhtml1-transitional.dtd">
<html xmlns="http://www.w3.org/1999/xhtml" xml:lang="en" lang="en">
 <head>
  <title>
</title>
<meta http-equiv="Content-Type" content="text/html;charset=utf-8" />
  <meta name='ocr-system' content='tesseract 3.04.00' />
  <meta name='ocr-capabilities' content='ocr_page ocr_carea ocr_par ocr_line ocrx_word'/>
</head>
<body>
  <div class='ocr_page' id='page_1' title='image "./liturgiarumorie00renagoog_0604.png"; bbox 0 0 5150 6534; ppageno 0'>
   <div class='ocr_carea' id='block_1_1' title="bbox 651 856 1588 935">
    <p class='ocr_par' dir='ltr' id='par_1_1' title="bbox 651 856 1588 935">
     <span class='ocr_line' id='line_1_1' title="bbox 651 856 1588 935; baseline 0.006 -7"><span class='ocrx_word' id='word_1_1' title='bbox 651 856 725 929; x_wconf 80' lang='lat'>506</span> <span class='ocrx_word' id='word_1_2' title='bbox 1083 857 1588 935; x_wconf 77' lang='lat' dir='ltr'>htsstthtntto</span> 
     </span>
    </p>
   </div>
   <div class='ocr_carea' id='block_1_2' title="bbox 320 1042 2024 5414">
    <p class='ocr_par' dir='ltr' id='par_1_2' title="bbox 320 1042 2024 5414">
     <span class='ocr_line' id='line_1_2' title="bbox 648 1042 2022 1141; baseline 0.005 -30"><span class='ocrx_word' id='word_1_3' title='bbox 648 1042 861 1133; x_wconf 89' lang='lat' dir='ltr'>habuissent,</span> <span class='ocrx_word' id='word_1_4' title='bbox 897 1067 960 1136; x_wconf 89' lang='lat' dir='ltr'>qna</span> <span class='ocrx_word' id='word_1_5' title='bbox 998 1066 1058 1113; x_wconf 92' lang='lat' dir='ltr'>eos</span> <span class='ocrx_word' id='word_1_6' title='bbox 1094 1048 1262 1130; x_wconf 85' lang='lat' dir='ltr'>caruisse,</span> <span class='ocrx_word' id='word_1_7' title='bbox 1297 1042 1418 1137; x_wconf 88' lang='lat' dir='ltr'>ubique</span> <span class='ocrx_word' id='word_1_8' title='bbox 1452 1044 1658 1115; x_wconf 86' lang='lat' dir='ltr'>manifestam</span> <span class='ocrx_word' id='word_1_9' title='bbox 1696 1054 1756 1115; x_wconf 91' lang='lat' dir='ltr'>est.</span> <span class='ocrx_word' id='word_1_10' title='bbox 1810 1045 1894 1116; x_wconf 85' lang='lat' dir='ltr'>h&#39;am</span> <span class='ocrx_word' id='word_1_11' title='bbox 1932 1047 2022 1141; x_wconf 90' lang='lat' dir='ltr'>quod</span> 
     </span>
     <span class='ocr_line' id='line_1_3' title="bbox 649 1158 2021 1254; baseline 0.003 -25"><span class='ocrx_word' id='word_1_12' title='bbox 649 1163 758 1229; x_wconf 88' lang='lat' dir='ltr'>statim</span> <span class='ocrx_word' id='word_1_13' title='bbox 785 1160 940 1230; x_wconf 85' lang='lat' dir='ltr'>blissales</span> <span class='ocrx_word' id='word_1_14' title='bbox 967 1158 1090 1246; x_wconf 89' lang='lat' dir='ltr'>libros,</span> <span class='ocrx_word' id='word_1_15' title='bbox 1118 1164 1192 1252; x_wconf 85' lang='lat' dir='ltr'>quia</span> <span class='ocrx_word' id='word_1_16' title='bbox 1222 1160 1308 1254; x_wconf 88' lang='lat' dir='ltr'>apud</span> <span class='ocrx_word' id='word_1_17' title='bbox 1336 1160 1559 1230; x_wconf 89' lang='lat' dir='ltr'>Nestorianos</span> <span class='ocrx_word' id='word_1_18' title='bbox 1587 1164 1734 1252; x_wconf 89' lang='lat' dir='ltr'>usurpati</span> <span class='ocrx_word' id='word_1_19' title='bbox 1761 1172 1855 1231; x_wconf 88' lang='lat' dir='ltr'>erant</span> <span class='ocrx_word' id='word_1_20' title='bbox 1882 1161 1924 1232; x_wconf 93' lang='lat' dir='ltr'>ah</span> <span class='ocrx_word' id='word_1_21' title='bbox 1954 1186 2021 1233; x_wconf 91' lang='lat' dir='ltr'>an·-</span> 
     </span>
     <span class='ocr_line' id='line_1_4' title="bbox 647 1274 2022 1368; baseline 0.004 -25"><span class='ocrx_word' id='word_1_22' title='bbox 647 1279 699 1343; x_wconf 91' lang='lat' dir='ltr'>nis</span> <span class='ocrx_word' id='word_1_23' title='bbox 727 1275 815 1345; x_wconf 90' lang='lat' dir='ltr'>mille</span> <span class='ocrx_word' id='word_1_24' title='bbox 843 1276 1004 1360; x_wconf 91' lang='lat' dir='ltr'>ducentis,</span> <span class='ocrx_word' id='word_1_25' title='bbox 1033 1274 1209 1363; x_wconf 76' lang='lat' dir='ltr'>tollendae,</span> <span class='ocrx_word' id='word_1_26' title='bbox 1236 1276 1441 1368; x_wconf 89' lang='lat' dir='ltr'>llammisqne</span> <span class='ocrx_word' id='word_1_27' title='bbox 1463 1274 1643 1345; x_wconf 91' lang='lat' dir='ltr'>tradendos</span> <span class='ocrx_word' id='word_1_28' title='bbox 1662 1274 1856 1362; x_wconf 76' lang='lat' dir='ltr'>censebant,</span> <span class='ocrx_word' id='word_1_29' title='bbox 1884 1281 1912 1347; x_wconf 91' lang='lat' dir='ltr'>si</span> <span class='ocrx_word' id='word_1_30' title='bbox 1937 1278 2022 1349; x_wconf 90' lang='lat' dir='ltr'>alios</span> 
     </span>
     <span class='ocr_line' id='line_1_5' title="bbox 649 1389 2024 1486; baseline 0.003 -25"><span class='ocrx_word' id='word_1_31' title='bbox 649 1390 847 1462; x_wconf 79' lang='lat' dir='ltr'>Chaldaicos</span> <span class='ocrx_word' id='word_1_32' title='bbox 875 1391 1030 1463; x_wconf 74' lang='lat' dir='ltr'>Pontifex</span> <span class='ocrx_word' id='word_1_33' title='bbox 1057 1391 1228 1462; x_wconf 89' lang='lat' dir='ltr'>Romanus</span> <span class='ocrx_word' id='word_1_34' title='bbox 1257 1392 1298 1461; x_wconf 90' lang='lat' dir='ltr'>ad</span> <span class='ocrx_word' id='word_1_35' title='bbox 1326 1414 1386 1462; x_wconf 92' lang='lat' dir='ltr'>eos</span> <span class='ocrx_word' id='word_1_36' title='bbox 1414 1393 1575 1475; x_wconf 86' lang='lat' dir='ltr'>misisset,</span> <span class='ocrx_word' id='word_1_37' title='bbox 1610 1389 1770 1460; x_wconf 80' lang='lat' dir='ltr'>abnorme</span> <span class='ocrx_word' id='word_1_38' title='bbox 1797 1415 1952 1486; x_wconf 79' lang='lat' dir='ltr'>prorsnS,</span> <span class='ocrx_word' id='word_1_39' title='bbox 1990 1404 2024 1465; x_wconf 86' lang='lat' dir='ltr'>et</span> 
     </span>
     <span class='ocr_line' id='line_1_6' title="bbox 648 1505 2022 1600; baseline 0.004 -25"><span class='ocrx_word' id='word_1_40' title='bbox 648 1506 689 1577; x_wconf 94' lang='lat' dir='ltr'>ab</span> <span class='ocrx_word' id='word_1_41' title='bbox 720 1505 871 1577; x_wconf 90' lang='lat' dir='ltr'>omnihus</span> <span class='ocrx_word' id='word_1_42' title='bbox 897 1506 1090 1600; x_wconf 85' lang='lat' dir='ltr'>disciplinae</span> <span class='ocrx_word' id='word_1_43' title='bbox 1113 1507 1238 1594; x_wconf 82' lang='lat' dir='ltr'>regulis</span> <span class='ocrx_word' id='word_1_44' title='bbox 1261 1507 1401 1578; x_wconf 90' lang='lat' dir='ltr'>alienum</span> <span class='ocrx_word' id='word_1_45' title='bbox 1420 1507 1578 1598; x_wconf 87' lang='lat' dir='ltr'>judicium</span> <span class='ocrx_word' id='word_1_46' title='bbox 1597 1505 1749 1591; x_wconf 86' lang='lat' dir='ltr'>tulerunt,</span> <span class='ocrx_word' id='word_1_47' title='bbox 1778 1512 1871 1599; x_wconf 81' lang='lat' dir='ltr'>cujtrs</span> <span class='ocrx_word' id='word_1_48' title='bbox 1896 1531 2022 1580; x_wconf 85' lang='lat' dir='ltr'>exeru-</span> 
     </span>
     <span class='ocr_line' id='line_1_7' title="bbox 647 1621 2020 1716; baseline 0 -24"><span class='ocrx_word' id='word_1_49' title='bbox 647 1623 737 1716; x_wconf 89' lang='lat' dir='ltr'>plum</span> <span class='ocrx_word' id='word_1_50' title='bbox 763 1623 882 1692; x_wconf 88' lang='lat' dir='ltr'>nnllam</span> <span class='ocrx_word' id='word_1_51' title='bbox 910 1621 1061 1693; x_wconf 77' lang='lat' dir='ltr'>Ecclesia</span> <span class='ocrx_word' id='word_1_52' title='bbox 1089 1622 1241 1693; x_wconf 88' lang='lat' dir='ltr'>Romana</span> <span class='ocrx_word' id='word_1_53' title='bbox 1270 1624 1367 1694; x_wconf 94' lang='lat' dir='ltr'>dedit.</span> <span class='ocrx_word' id='word_1_54' title='bbox 1404 1623 1482 1693; x_wconf 89' lang='lat' dir='ltr'>lude</span> <span class='ocrx_word' id='word_1_55' title='bbox 1511 1625 1597 1692; x_wconf 92' lang='lat' dir='ltr'>enim</span> <span class='ocrx_word' id='word_1_56' title='bbox 1625 1633 1820 1713; x_wconf 86' lang='lat' dir='ltr'>sequeretur</span> <span class='ocrx_word' id='word_1_57' title='bbox 1852 1628 2020 1694; x_wconf 90' lang='lat' dir='ltr'>contami-</span> 
     </span>
     <span class='ocr_line' id='line_1_8' title="bbox 648 1736 2020 1831; baseline 0.003 -25"><span class='ocrx_word' id='word_1_58' title='bbox 648 1741 717 1806; x_wconf 91' lang='lat' dir='ltr'>nari</span> <span class='ocrx_word' id='word_1_59' title='bbox 746 1737 785 1807; x_wconf 92' lang='lat' dir='ltr'>ab</span> <span class='ocrx_word' id='word_1_60' title='bbox 814 1737 877 1808; x_wconf 87' lang='lat' dir='ltr'>illis</span> <span class='ocrx_word' id='word_1_61' title='bbox 905 1741 958 1831; x_wconf 77' lang='lat' dir='ltr'>tpui</span> <span class='ocrx_word' id='word_1_62' title='bbox 987 1748 1082 1808; x_wconf 81' lang='lat' dir='ltr'>extra</span> <span class='ocrx_word' id='word_1_63' title='bbox 1114 1738 1303 1809; x_wconf 83' lang='lat' dir='ltr'>Ecclesiam</span> <span class='ocrx_word' id='word_1_64' title='bbox 1337 1751 1411 1809; x_wconf 88' lang='lat' dir='ltr'>sunt</span> <span class='ocrx_word' id='word_1_65' title='bbox 1446 1762 1485 1809; x_wconf 90' lang='lat' dir='ltr'>ea</span> <span class='ocrx_word' id='word_1_66' title='bbox 1522 1761 1608 1831; x_wconf 75' lang='lat' dir='ltr'>(puae</span> <span class='ocrx_word' id='word_1_67' title='bbox 1645 1736 1747 1826; x_wconf 70' lang='lat' dir='ltr'>longo</span> <span class='ocrx_word' id='word_1_68' title='bbox 1783 1762 1843 1809; x_wconf 91' lang='lat' dir='ltr'>nsu</span> <span class='ocrx_word' id='word_1_69' title='bbox 1877 1739 2020 1810; x_wconf 88' lang='lat' dir='ltr'>lidelinm</span> 
     </span>
     <span class='ocr_line' id='line_1_9' title="bbox 647 1853 2020 1946; baseline 0.002 -24"><span class='ocrx_word' id='word_1_70' title='bbox 647 1864 845 1923; x_wconf 90' lang='lat' dir='ltr'>consecrata</span> <span class='ocrx_word' id='word_1_71' title='bbox 872 1853 1013 1939; x_wconf 88' lang='lat' dir='ltr'>fuerant,</span> <span class='ocrx_word' id='word_1_72' title='bbox 1041 1854 1302 1924; x_wconf 87' lang='lat' dir='ltr'>Sacramentalia</span> <span class='ocrx_word' id='word_1_73' title='bbox 1326 1855 1455 1925; x_wconf 85' lang='lat' dir='ltr'>Ollicia:</span> <span class='ocrx_word' id='word_1_74' title='bbox 1485 1853 1580 1922; x_wconf 92' lang='lat' dir='ltr'>aliter</span> <span class='ocrx_word' id='word_1_75' title='bbox 1596 1853 1838 1946; x_wconf 83' lang='lat' dir='ltr'>baptisandum,</span> <span class='ocrx_word' id='word_1_76' title='bbox 1867 1856 2020 1926; x_wconf 88' lang='lat' dir='ltr'>olleren-</span> 
     </span>
     <span class='ocr_line' id='line_1_10' title="bbox 647 1968 2021 2063; baseline 0.002 -26"><span class='ocrx_word' id='word_1_77' title='bbox 647 1968 789 2063; x_wconf 86' lang='lat' dir='ltr'>dumque</span> <span class='ocrx_word' id='word_1_78' title='bbox 817 1970 1030 2056; x_wconf 85' lang='lat' dir='ltr'>sacrificium,</span> <span class='ocrx_word' id='word_1_79' title='bbox 1067 1992 1141 2039; x_wconf 89' lang='lat' dir='ltr'>eum</span> <span class='ocrx_word' id='word_1_80' title='bbox 1175 1973 1206 2038; x_wconf 91' lang='lat' dir='ltr'>in</span> <span class='ocrx_word' id='word_1_81' title='bbox 1243 1972 1324 2063; x_wconf 89' lang='lat' dir='ltr'>ipsis</span> <span class='ocrx_word' id='word_1_82' title='bbox 1354 1993 1438 2063; x_wconf 91' lang='lat' dir='ltr'>quae</span> <span class='ocrx_word' id='word_1_83' title='bbox 1465 1973 1551 2038; x_wconf 91' lang='lat' dir='ltr'>inter</span> <span class='ocrx_word' id='word_1_84' title='bbox 1577 1968 1765 2039; x_wconf 89' lang='lat' dir='ltr'>lmcretieos</span> <span class='ocrx_word' id='word_1_85' title='bbox 1794 1969 2021 2041; x_wconf 89' lang='lat' dir='ltr'>administrata</span> 
     </span>
     <span class='ocr_line' id='line_1_11' title="bbox 647 2083 2019 2172; baseline 0 -17"><span class='ocrx_word' id='word_1_86' title='bbox 647 2093 721 2155; x_wconf 89' lang='lat' dir='ltr'>sunt</span> <span class='ocrx_word' id='word_1_87' title='bbox 748 2084 995 2172; x_wconf 76' lang='lat' dir='ltr'>SacramentiS,</span> <span class='ocrx_word' id='word_1_88' title='bbox 1032 2088 1137 2155; x_wconf 89' lang='lat' dir='ltr'>sancti</span> <span class='ocrx_word' id='word_1_89' title='bbox 1173 2084 1291 2155; x_wconf 90' lang='lat' dir='ltr'>Patres</span> <span class='ocrx_word' id='word_1_90' title='bbox 1326 2095 1359 2153; x_wconf 92' lang='lat' dir='ltr'>et</span> <span class='ocrx_word' id='word_1_91' title='bbox 1387 2083 1536 2154; x_wconf 84' lang='lat' dir='ltr'>Concilio</span> <span class='ocrx_word' id='word_1_92' title='bbox 1567 2084 1793 2155; x_wconf 88' lang='lat' dir='ltr'>characterem</span> <span class='ocrx_word' id='word_1_93' title='bbox 1822 2086 2019 2157; x_wconf 87' lang='lat' dir='ltr'>dominicum</span> 
     </span>
     <span class='ocr_line' id='line_1_12' title="bbox 646 2199 2020 2291; baseline 0 -22"><span class='ocrx_word' id='word_1_94' title='bbox 646 2202 854 2290; x_wconf 79' lang='lat' dir='ltr'>agnoverint.</span> <span class='ocrx_word' id='word_1_95' title='bbox 909 2200 993 2271; x_wconf 88' lang='lat' dir='ltr'>Cum</span> <span class='ocrx_word' id='word_1_96' title='bbox 1021 2204 1119 2291; x_wconf 81' lang='lat' dir='ltr'>igitur</span> <span class='ocrx_word' id='word_1_97' title='bbox 1146 2201 1337 2272; x_wconf 88' lang='lat' dir='ltr'>Nestoriani</span> <span class='ocrx_word' id='word_1_98' title='bbox 1366 2204 1397 2270; x_wconf 92' lang='lat' dir='ltr'>in</span> <span class='ocrx_word' id='word_1_99' title='bbox 1428 2201 1645 2290; x_wconf 81' lang='lat' dir='ltr'>Litargiarum</span> <span class='ocrx_word' id='word_1_100' title='bbox 1674 2199 1918 2289; x_wconf 73' lang='lat' dir='ltr'>celebratione,</span> <span class='ocrx_word' id='word_1_101' title='bbox 1944 2203 2020 2270; x_wconf 90' lang='lat' dir='ltr'>riti-</span> 
     </span>
     <span class='ocr_line' id='line_1_13' title="bbox 645 2314 2022 2411; baseline 0.001 -26"><span class='ocrx_word' id='word_1_102' title='bbox 645 2314 708 2386; x_wconf 91' lang='lat' dir='ltr'>bns</span> <span class='ocrx_word' id='word_1_103' title='bbox 736 2325 768 2385; x_wconf 92' lang='lat' dir='ltr'>et</span> <span class='ocrx_word' id='word_1_104' title='bbox 795 2314 951 2409; x_wconf 90' lang='lat' dir='ltr'>precihus</span> <span class='ocrx_word' id='word_1_105' title='bbox 981 2319 1030 2386; x_wconf 89' lang='lat' dir='ltr'>usi</span> <span class='ocrx_word' id='word_1_106' title='bbox 1058 2319 1122 2387; x_wconf 84' lang='lat' dir='ltr'>sint</span> <span class='ocrx_word' id='word_1_107' title='bbox 1142 2317 1182 2386; x_wconf 96' lang='lat' dir='ltr'>ah</span> <span class='ocrx_word' id='word_1_108' title='bbox 1210 2316 1363 2386; x_wconf 86' lang='lat' dir='ltr'>Ecclesia</span> <span class='ocrx_word' id='word_1_109' title='bbox 1387 2316 1582 2386; x_wconf 82' lang='lat' dir='ltr'>Orthodoxa</span> <span class='ocrx_word' id='word_1_110' title='bbox 1603 2319 1780 2408; x_wconf 86' lang='lat' dir='ltr'>usurpatis,</span> <span class='ocrx_word' id='word_1_111' title='bbox 1809 2315 1914 2409; x_wconf 87' lang='lat' dir='ltr'>qrralis</span> <span class='ocrx_word' id='word_1_112' title='bbox 1934 2339 2022 2411; x_wconf 93' lang='lat' dir='ltr'>pro-</span> 
     </span>
     <span class='ocr_line' id='line_1_14' title="bbox 646 2430 2020 2525; baseline 0.001 -25"><span class='ocrx_word' id='word_1_113' title='bbox 646 2431 699 2502; x_wconf 88' lang='lat' dir='ltr'>cul</span> <span class='ocrx_word' id='word_1_114' title='bbox 727 2430 824 2502; x_wconf 85' lang='lat' dir='ltr'>dubio</span> <span class='ocrx_word' id='word_1_115' title='bbox 854 2442 926 2502; x_wconf 89' lang='lat' dir='ltr'>erat</span> <span class='ocrx_word' id='word_1_116' title='bbox 952 2431 1138 2515; x_wconf 89' lang='lat' dir='ltr'>Edessena,</span> <span class='ocrx_word' id='word_1_117' title='bbox 1170 2442 1345 2525; x_wconf 82' lang='lat' dir='ltr'>atdequam</span> <span class='ocrx_word' id='word_1_118' title='bbox 1373 2431 1460 2501; x_wconf 88' lang='lat' dir='ltr'>illam</span> <span class='ocrx_word' id='word_1_119' title='bbox 1488 2443 1705 2523; x_wconf 82' lang='lat' dir='ltr'>occupmrent:</span> <span class='ocrx_word' id='word_1_120' title='bbox 1735 2431 1902 2502; x_wconf 74' lang='lat' dir='ltr'>vacabant</span> <span class='ocrx_word' id='word_1_121' title='bbox 1930 2435 2020 2502; x_wconf 92' lang='lat' dir='ltr'>omni</span> 
     </span>
     <span class='ocr_line' id='line_1_15' title="bbox 645 2546 2020 2640; baseline 0 -23"><span class='ocrx_word' id='word_1_122' title='bbox 645 2546 856 2639; x_wconf 86' lang='lat' dir='ltr'>corruptelae</span> <span class='ocrx_word' id='word_1_123' title='bbox 883 2550 1093 2640; x_wconf 86' lang='lat' dir='ltr'>suspicione,</span> <span class='ocrx_word' id='word_1_124' title='bbox 1127 2570 1189 2617; x_wconf 92' lang='lat' dir='ltr'>nec</span> <span class='ocrx_word' id='word_1_125' title='bbox 1217 2547 1343 2618; x_wconf 89' lang='lat' dir='ltr'>aboleri</span> <span class='ocrx_word' id='word_1_126' title='bbox 1371 2550 1477 2637; x_wconf 82' lang='lat' dir='ltr'>tnagis</span> <span class='ocrx_word' id='word_1_127' title='bbox 1507 2546 1688 2632; x_wconf 88' lang='lat' dir='ltr'>debebant,</span> <span class='ocrx_word' id='word_1_128' title='bbox 1722 2569 1819 2640; x_wconf 78' lang='lat' dir='ltr'>(piram</span> <span class='ocrx_word' id='word_1_129' title='bbox 1846 2546 2020 2638; x_wconf 77' lang='lat' dir='ltr'>Litargiao</span> 
     </span>
     <span class='ocr_line' id='line_1_16' title="bbox 645 2662 2020 2757; baseline 0 -25"><span class='ocrx_word' id='word_1_130' title='bbox 645 2662 883 2747; x_wconf 88' lang='lat' dir='ltr'>Jacobitarum,</span> <span class='ocrx_word' id='word_1_131' title='bbox 911 2662 1028 2755; x_wconf 85' lang='lat' dir='ltr'>quihus</span> <span class='ocrx_word' id='word_1_132' title='bbox 1057 2663 1243 2733; x_wconf 83' lang='lat' dir='ltr'>hlaronitae</span> <span class='ocrx_word' id='word_1_133' title='bbox 1271 2666 1322 2733; x_wconf 88' lang='lat' dir='ltr'>usi</span> <span class='ocrx_word' id='word_1_134' title='bbox 1350 2685 1427 2732; x_wconf 88' lang='lat' dir='ltr'>esse</span> <span class='ocrx_word' id='word_1_135' title='bbox 1455 2666 1681 2755; x_wconf 87' lang='lat' dir='ltr'>reperiuntur,</span> <span class='ocrx_word' id='word_1_136' title='bbox 1713 2663 1754 2733; x_wconf 94' lang='lat' dir='ltr'>ah</span> <span class='ocrx_word' id='word_1_137' title='bbox 1784 2685 1826 2732; x_wconf 93' lang='lat' dir='ltr'>eo</span> <span class='ocrx_word' id='word_1_138' title='bbox 1854 2672 2020 2757; x_wconf 89' lang='lat' dir='ltr'>tempore,</span> 
     </span>
     <span class='ocr_line' id='line_1_17' title="bbox 645 2775 2019 2870; baseline 0.001 -25"><span class='ocrx_word' id='word_1_139' title='bbox 645 2801 710 2870; x_wconf 91' lang='lat' dir='ltr'>quo</span> <span class='ocrx_word' id='word_1_140' title='bbox 740 2777 781 2847; x_wconf 90' lang='lat' dir='ltr'>ad</span> <span class='ocrx_word' id='word_1_141' title='bbox 808 2781 964 2847; x_wconf 91' lang='lat' dir='ltr'>unitatem</span> <span class='ocrx_word' id='word_1_142' title='bbox 993 2777 1198 2850; x_wconf 88' lang='lat' dir='ltr'>Catholicam</span> <span class='ocrx_word' id='word_1_143' title='bbox 1225 2780 1357 2849; x_wconf 91' lang='lat' dir='ltr'>reversi</span> <span class='ocrx_word' id='word_1_144' title='bbox 1385 2787 1475 2863; x_wconf 88' lang='lat' dir='ltr'>sunt,</span> <span class='ocrx_word' id='word_1_145' title='bbox 1514 2787 1547 2848; x_wconf 94' lang='lat' dir='ltr'>et</span> <span class='ocrx_word' id='word_1_146' title='bbox 1583 2775 1669 2847; x_wconf 90' lang='lat' dir='ltr'>aliae</span> <span class='ocrx_word' id='word_1_147' title='bbox 1705 2777 1913 2848; x_wconf 83' lang='lat' dir='ltr'>diversarum</span> <span class='ocrx_word' id='word_1_148' title='bbox 1947 2776 2019 2846; x_wconf 91' lang='lat' dir='ltr'>lin-</span> 
     </span>
     <span class='ocr_line' id='line_1_18' title="bbox 644 2890 2020 2987; baseline -0.001 -26"><span class='ocrx_word' id='word_1_149' title='bbox 644 2916 783 2983; x_wconf 81' lang='lat' dir='ltr'>guarum</span> <span class='ocrx_word' id='word_1_150' title='bbox 812 2916 897 2987; x_wconf 88' lang='lat' dir='ltr'>quae</span> <span class='ocrx_word' id='word_1_151' title='bbox 926 2893 1087 2985; x_wconf 82' lang='lat' dir='ltr'>indigenis</span> <span class='ocrx_word' id='word_1_152' title='bbox 1116 2895 1252 2966; x_wconf 88' lang='lat' dir='ltr'>relictae</span> <span class='ocrx_word' id='word_1_153' title='bbox 1279 2894 1385 2982; x_wconf 82' lang='lat' dir='ltr'>luere,</span> <span class='ocrx_word' id='word_1_154' title='bbox 1415 2896 1567 2986; x_wconf 77' lang='lat' dir='ltr'>apuamvis</span> <span class='ocrx_word' id='word_1_155' title='bbox 1595 2898 1626 2962; x_wconf 89' lang='lat' dir='ltr'>in</span> <span class='ocrx_word' id='word_1_156' title='bbox 1654 2892 1738 2963; x_wconf 88' lang='lat' dir='ltr'>loeis</span> <span class='ocrx_word' id='word_1_157' title='bbox 1766 2890 1930 2987; x_wconf 83' lang='lat' dir='ltr'>aliquibus</span> <span class='ocrx_word' id='word_1_158' title='bbox 1956 2915 2020 2962; x_wconf 90' lang='lat' dir='ltr'>re-</span> 
     </span>
     <span class='ocr_line' id='line_1_19' title="bbox 643 3007 2020 3104; baseline -0.001 -26"><span class='ocrx_word' id='word_1_159' title='bbox 643 3010 807 3079; x_wconf 86' lang='lat' dir='ltr'>formatae</span> <span class='ocrx_word' id='word_1_160' title='bbox 835 3012 906 3078; x_wconf 89' lang='lat' dir='ltr'>sint.</span> <span class='ocrx_word' id='word_1_161' title='bbox 941 3009 1013 3078; x_wconf 86' lang='lat' dir='ltr'>Neo</span> <span class='ocrx_word' id='word_1_162' title='bbox 1042 3021 1112 3080; x_wconf 90' lang='lat' dir='ltr'>erat</span> <span class='ocrx_word' id='word_1_163' title='bbox 1139 3010 1370 3104; x_wconf 88' lang='lat' dir='ltr'>postulandum</span> <span class='ocrx_word' id='word_1_164' title='bbox 1398 3034 1417 3079; x_wconf 92' lang='lat' dir='ltr'>a</span> <span class='ocrx_word' id='word_1_165' title='bbox 1437 3009 1590 3080; x_wconf 88' lang='lat' dir='ltr'>Romano</span> <span class='ocrx_word' id='word_1_166' title='bbox 1613 3007 1781 3097; x_wconf 85' lang='lat' dir='ltr'>Pontifice,</span> <span class='ocrx_word' id='word_1_167' title='bbox 1809 3020 1842 3079; x_wconf 90' lang='lat' dir='ltr'>ut</span> <span class='ocrx_word' id='word_1_168' title='bbox 1861 3008 2020 3079; x_wconf 85' lang='lat' dir='ltr'>hlissales</span> 
     </span>
     <span class='ocr_line' id='line_1_20' title="bbox 644 3123 2019 3219; baseline 0 -25"><span class='ocrx_word' id='word_1_169' title='bbox 644 3124 748 3195; x_wconf 87' lang='lat' dir='ltr'>libros</span> <span class='ocrx_word' id='word_1_170' title='bbox 777 3125 882 3195; x_wconf 90' lang='lat' dir='ltr'>editos</span> <span class='ocrx_word' id='word_1_171' title='bbox 910 3128 943 3193; x_wconf 94' lang='lat' dir='ltr'>in</span> <span class='ocrx_word' id='word_1_172' title='bbox 971 3125 1093 3194; x_wconf 88' lang='lat' dir='ltr'>lndiom</span> <span class='ocrx_word' id='word_1_173' title='bbox 1121 3129 1280 3214; x_wconf 80' lang='lat' dir='ltr'>mitteret3</span> <span class='ocrx_word' id='word_1_174' title='bbox 1314 3149 1421 3219; x_wconf 83' lang='lat' dir='ltr'>neque</span> <span class='ocrx_word' id='word_1_175' title='bbox 1450 3128 1535 3194; x_wconf 87' lang='lat' dir='ltr'>enirn</span> <span class='ocrx_word' id='word_1_176' title='bbox 1565 3124 1620 3194; x_wconf 90' lang='lat' dir='ltr'>alii</span> <span class='ocrx_word' id='word_1_177' title='bbox 1647 3134 1741 3193; x_wconf 89' lang='lat' dir='ltr'>erant</span> <span class='ocrx_word' id='word_1_178' title='bbox 1769 3147 1866 3216; x_wconf 79' lang='lat' dir='ltr'>(paam</span> <span class='ocrx_word' id='word_1_179' title='bbox 1893 3123 2019 3194; x_wconf 89' lang='lat' dir='ltr'>hlaro-</span> 
     </span>
     <span class='ocr_line' id='line_1_21' title="bbox 644 3240 2017 3324; baseline 0 -15"><span class='ocrx_word' id='word_1_180' title='bbox 644 3243 750 3310; x_wconf 92' lang='lat' dir='ltr'>nitici:</span> <span class='ocrx_word' id='word_1_181' title='bbox 778 3251 811 3309; x_wconf 91' lang='lat' dir='ltr'>et</span> <span class='ocrx_word' id='word_1_182' title='bbox 839 3263 898 3308; x_wconf 89' lang='lat' dir='ltr'>cnr</span> <span class='ocrx_word' id='word_1_183' title='bbox 923 3240 993 3311; x_wconf 91' lang='lat' dir='ltr'>ludi</span> <span class='ocrx_word' id='word_1_184' title='bbox 1021 3240 1065 3310; x_wconf 94' lang='lat' dir='ltr'>illi</span> <span class='ocrx_word' id='word_1_185' title='bbox 1095 3240 1271 3313; x_wconf 79' lang='lat' dir='ltr'>Christiani</span> <span class='ocrx_word' id='word_1_186' title='bbox 1300 3246 1395 3312; x_wconf 91' lang='lat' dir='ltr'>ritum</span> <span class='ocrx_word' id='word_1_187' title='bbox 1422 3240 1660 3310; x_wconf 91' lang='lat' dir='ltr'>hlaronitarum</span> <span class='ocrx_word' id='word_1_188' title='bbox 1689 3262 1750 3309; x_wconf 93' lang='lat' dir='ltr'>suo</span> <span class='ocrx_word' id='word_1_189' title='bbox 1779 3242 1922 3324; x_wconf 91' lang='lat' dir='ltr'>omisso,</span> <span class='ocrx_word' id='word_1_190' title='bbox 1951 3261 2017 3309; x_wconf 91' lang='lat' dir='ltr'>ac-</span> 
     </span>
     <span class='ocr_line' id='line_1_22' title="bbox 648 3356 1535 3450; baseline -0.001 -23"><span class='ocrx_word' id='word_1_191' title='bbox 648 3361 759 3450; x_wconf 87' lang='lat' dir='ltr'>cipere</span> <span class='ocrx_word' id='word_1_192' title='bbox 788 3367 1006 3447; x_wconf 68' lang='lat' dir='ltr'>cogerentur,</span> <span class='ocrx_word' id='word_1_193' title='bbox 1034 3380 1134 3427; x_wconf 88' lang='lat' dir='ltr'>causa</span> <span class='ocrx_word' id='word_1_194' title='bbox 1162 3356 1308 3446; x_wconf 81' lang='lat' dir='ltr'>legitima</span> <span class='ocrx_word' id='word_1_195' title='bbox 1337 3356 1423 3426; x_wconf 90' lang='lat' dir='ltr'>nulla</span> <span class='ocrx_word' id='word_1_196' title='bbox 1453 3365 1535 3426; x_wconf 89' lang='lat' dir='ltr'>erat.</span> 
     </span>
     <span class='ocr_line' id='line_1_23' title="bbox 354 3466 2017 3569; baseline 0.002 -34"><span class='ocrx_word' id='word_1_197' title='bbox 354 3466 631 3569; x_wconf 66' lang='lat' dir='ltr'>ouaepraactpuem</span> <span class='ocrx_word' id='word_1_198' title='bbox 749 3474 806 3542; x_wconf 82' lang='lat' dir='ltr'>IX.</span> <span class='ocrx_word' id='word_1_199' title='bbox 836 3470 918 3543; x_wconf 87' lang='lat' dir='ltr'>Com</span> <span class='ocrx_word' id='word_1_200' title='bbox 946 3475 1045 3562; x_wconf 82' lang='lat' dir='ltr'>igitur</span> <span class='ocrx_word' id='word_1_201' title='bbox 1073 3474 1156 3543; x_wconf 89' lang='lat' dir='ltr'>tales</span> <span class='ocrx_word' id='word_1_202' title='bbox 1183 3473 1257 3542; x_wconf 92' lang='lat' dir='ltr'>libri</span> <span class='ocrx_word' id='word_1_203' title='bbox 1291 3472 1404 3543; x_wconf 89' lang='lat' dir='ltr'>haberi</span> <span class='ocrx_word' id='word_1_204' title='bbox 1438 3494 1503 3541; x_wconf 93' lang='lat' dir='ltr'>non</span> <span class='ocrx_word' id='word_1_205' title='bbox 1540 3480 1696 3566; x_wconf 81' lang='lat' dir='ltr'>possent,</span> <span class='ocrx_word' id='word_1_206' title='bbox 1734 3469 1775 3540; x_wconf 91' lang='lat' dir='ltr'>ad</span> <span class='ocrx_word' id='word_1_207' title='bbox 1808 3492 1922 3540; x_wconf 90' lang='lat' dir='ltr'>eorum</span> <span class='ocrx_word' id='word_1_208' title='bbox 1961 3472 2017 3562; x_wconf 89' lang='lat' dir='ltr'>qui</span> 
     </span>
     <span class='ocr_line' id='line_1_24' title="bbox 320 3555 2016 3696; baseline -0.005 -34"><span class='ocrx_word' id='word_1_209' title='bbox 320 3555 677 3696; x_wconf 60' lang='lat' dir='ltr'>ppppphppurguemen-in</span> <span class='ocrx_word' id='word_1_210' title='bbox 704 3589 865 3659; x_wconf 86' lang='lat' dir='ltr'>Ecclesiis</span> <span class='ocrx_word' id='word_1_211' title='bbox 894 3586 1107 3657; x_wconf 84' lang='lat' dir='ltr'>hlalaharicis</span> <span class='ocrx_word' id='word_1_212' title='bbox 1134 3588 1378 3682; x_wconf 86' lang='lat' dir='ltr'>usrrrpahantur</span> <span class='ocrx_word' id='word_1_213' title='bbox 1407 3587 1677 3657; x_wconf 84' lang='lat' dir='ltr'>reformationem</span> <span class='ocrx_word' id='word_1_214' title='bbox 1711 3584 1905 3676; x_wconf 89' lang='lat' dir='ltr'>adjecerunt</span> <span class='ocrx_word' id='word_1_215' title='bbox 1938 3587 2016 3654; x_wconf 88' lang='lat' dir='ltr'>ard-</span> 
     </span>
     <span class='ocr_line' id='line_1_25' title="bbox 644 3699 2015 3798; baseline -0.004 -23"><span class='ocrx_word' id='word_1_216' title='bbox 644 3730 745 3793; x_wconf 89' lang='lat' dir='ltr'>nmm,</span> <span class='ocrx_word' id='word_1_217' title='bbox 766 3706 859 3794; x_wconf 82' lang='lat' dir='ltr'>cujus</span> <span class='ocrx_word' id='word_1_218' title='bbox 882 3725 1012 3772; x_wconf 92' lang='lat' dir='ltr'>omnem</span> <span class='ocrx_word' id='word_1_219' title='bbox 1033 3703 1284 3798; x_wconf 86' lang='lat' dir='ltr'>dispositionem</span> <span class='ocrx_word' id='word_1_220' title='bbox 1301 3704 1419 3774; x_wconf 89' lang='lat' dir='ltr'>Latina</span> <span class='ocrx_word' id='word_1_221' title='bbox 1442 3706 1556 3773; x_wconf 79' lang='lat' dir='ltr'>versio</span> <span class='ocrx_word' id='word_1_222' title='bbox 1577 3702 1741 3772; x_wconf 81' lang='lat' dir='ltr'>multoties</span> <span class='ocrx_word' id='word_1_223' title='bbox 1761 3699 1847 3770; x_wconf 89' lang='lat' dir='ltr'>edita</span> <span class='ocrx_word' id='word_1_224' title='bbox 1870 3723 2015 3795; x_wconf 88' lang='lat' dir='ltr'>reprae-</span> 
     </span>
     <span class='ocr_line' id='line_1_26' title="bbox 644 3819 2014 3913; baseline -0.006 -20"><span class='ocrx_word' id='word_1_225' title='bbox 644 3832 762 3893; x_wconf 87' lang='lat' dir='ltr'>sentat.</span> <span class='ocrx_word' id='word_1_226' title='bbox 816 3820 897 3910; x_wconf 88' lang='lat' dir='ltr'>Ejus</span> <span class='ocrx_word' id='word_1_227' title='bbox 925 3823 1103 3912; x_wconf 90' lang='lat' dir='ltr'>praecipua</span> <span class='ocrx_word' id='word_1_228' title='bbox 1139 3824 1248 3913; x_wconf 88' lang='lat' dir='ltr'>capita</span> <span class='ocrx_word' id='word_1_229' title='bbox 1283 3822 1315 3888; x_wconf 94' lang='lat' dir='ltr'>in</span> <span class='ocrx_word' id='word_1_230' title='bbox 1350 3823 1436 3889; x_wconf 82' lang='lat' dir='ltr'>rrotis</span> <span class='ocrx_word' id='word_1_231' title='bbox 1471 3819 1716 3912; x_wconf 79' lang='lat' dir='ltr'>expendemuS,</span> <span class='ocrx_word' id='word_1_232' title='bbox 1751 3839 1858 3911; x_wconf 88' lang='lat' dir='ltr'>panca</span> <span class='ocrx_word' id='word_1_233' title='bbox 1892 3826 2014 3886; x_wconf 93' lang='lat' dir='ltr'>tantum</span> 
     </span>
     <span class='ocr_line' id='line_1_27' title="bbox 641 3931 2015 4028; baseline -0.004 -23"><span class='ocrx_word' id='word_1_234' title='bbox 641 3936 808 4009; x_wconf 87' lang='lat' dir='ltr'>hocloco</span> <span class='ocrx_word' id='word_1_235' title='bbox 837 3934 983 4005; x_wconf 88' lang='lat' dir='ltr'>delibare</span> <span class='ocrx_word' id='word_1_236' title='bbox 1011 3958 1137 4027; x_wconf 91' lang='lat' dir='ltr'>operae</span> <span class='ocrx_word' id='word_1_237' title='bbox 1164 3939 1304 4028; x_wconf 90' lang='lat' dir='ltr'>pretinm</span> <span class='ocrx_word' id='word_1_238' title='bbox 1331 3935 1476 4018; x_wconf 85' lang='lat' dir='ltr'>ridetur,</span> <span class='ocrx_word' id='word_1_239' title='bbox 1512 3958 1557 4004; x_wconf 81' lang='lat' dir='ltr'>cx</span> <span class='ocrx_word' id='word_1_240' title='bbox 1594 3933 1710 4026; x_wconf 85' lang='lat' dir='ltr'>‹prihus</span> <span class='ocrx_word' id='word_1_241' title='bbox 1744 3932 1882 4023; x_wconf 77' lang='lat' dir='ltr'>intelligi</span> <span class='ocrx_word' id='word_1_242' title='bbox 1915 3931 2015 4001; x_wconf 89' lang='lat' dir='ltr'>facile</span> 
     </span>
     <span class='ocr_line' id='line_1_28' title="bbox 642 4046 2015 4146; baseline -0.005 -23"><span class='ocrx_word' id='word_1_243' title='bbox 642 4056 780 4146; x_wconf 91' lang='lat' dir='ltr'>poterit,</span> <span class='ocrx_word' id='word_1_244' title='bbox 823 4074 920 4145; x_wconf 80' lang='lat' dir='ltr'>(piram</span> <span class='ocrx_word' id='word_1_245' title='bbox 956 4074 1072 4145; x_wconf 88' lang='lat' dir='ltr'>parom</span> <span class='ocrx_word' id='word_1_246' title='bbox 1109 4052 1217 4121; x_wconf 91' lang='lat' dir='ltr'>idonei</span> <span class='ocrx_word' id='word_1_247' title='bbox 1261 4051 1391 4141; x_wconf 88' lang='lat' dir='ltr'>jndices</span> <span class='ocrx_word' id='word_1_248' title='bbox 1429 4072 1539 4120; x_wconf 87' lang='lat' dir='ltr'>rerum</span> <span class='ocrx_word' id='word_1_249' title='bbox 1580 4048 1868 4119; x_wconf 90' lang='lat' dir='ltr'>sacramentalium</span> <span class='ocrx_word' id='word_1_250' title='bbox 1904 4046 2015 4118; x_wconf 83' lang='lat' dir='ltr'>forent</span> 
     </span>
     <span class='ocr_line' id='line_1_29' title="bbox 640 4161 2012 4261; baseline -0.004 -24"><span class='ocrx_word' id='word_1_251' title='bbox 640 4167 879 4239; x_wconf 80' lang='lat' dir='ltr'>reformatores</span> <span class='ocrx_word' id='word_1_252' title='bbox 914 4167 969 4236; x_wconf 91' lang='lat' dir='ltr'>illi.</span> <span class='ocrx_word' id='word_1_253' title='bbox 1031 4167 1147 4236; x_wconf 91' lang='lat' dir='ltr'>Statim</span> <span class='ocrx_word' id='word_1_254' title='bbox 1182 4171 1304 4261; x_wconf 89' lang='lat' dir='ltr'>qnippe</span> <span class='ocrx_word' id='word_1_255' title='bbox 1341 4168 1479 4236; x_wconf 89' lang='lat' dir='ltr'>lormam</span> <span class='ocrx_word' id='word_1_256' title='bbox 1515 4165 1696 4236; x_wconf 79' lang='lat' dir='ltr'>verborum</span> <span class='ocrx_word' id='word_1_257' title='bbox 1735 4161 1875 4243; x_wconf 86' lang='lat' dir='ltr'>Christi,</span> <span class='ocrx_word' id='word_1_258' title='bbox 1912 4174 1947 4233; x_wconf 89' lang='lat' dir='ltr'>nt</span> <span class='ocrx_word' id='word_1_259' title='bbox 1981 4166 2012 4233; x_wconf 92' lang='lat' dir='ltr'>in</span> 
     </span>
     <span class='ocr_line' id='line_1_30' title="bbox 640 4278 2013 4371; baseline -0.004 -18"><span class='ocrx_word' id='word_1_260' title='bbox 640 4282 851 4354; x_wconf 90' lang='lat' dir='ltr'>Nestorianis</span> <span class='ocrx_word' id='word_1_261' title='bbox 891 4293 923 4351; x_wconf 89' lang='lat' dir='ltr'>et</span> <span class='ocrx_word' id='word_1_262' title='bbox 958 4281 1182 4353; x_wconf 89' lang='lat' dir='ltr'>Orientalibus</span> <span class='ocrx_word' id='word_1_263' title='bbox 1221 4281 1373 4353; x_wconf 78' lang='lat' dir='ltr'>ominbus</span> <span class='ocrx_word' id='word_1_264' title='bbox 1409 4281 1568 4371; x_wconf 82' lang='lat' dir='ltr'>Litargiis</span> <span class='ocrx_word' id='word_1_265' title='bbox 1607 4279 1746 4371; x_wconf 75' lang='lat' dir='ltr'>legitur,</span> <span class='ocrx_word' id='word_1_266' title='bbox 1783 4278 2013 4363; x_wconf 86' lang='lat' dir='ltr'>condemnant,</span> 
     </span>
     <span class='ocr_line' id='line_1_31' title="bbox 641 4394 2012 4490; baseline -0.001 -26"><span class='ocrx_word' id='word_1_267' title='bbox 641 4400 740 4488; x_wconf 79' lang='lat' dir='ltr'>prtia,</span> <span class='ocrx_word' id='word_1_268' title='bbox 779 4401 945 4490; x_wconf 85' lang='lat' dir='ltr'>inquiunt,</span> <span class='ocrx_word' id='word_1_269' title='bbox 987 4396 1161 4467; x_wconf 83' lang='lat' dir='ltr'>Sacerdos</span> <span class='ocrx_word' id='word_1_270' title='bbox 1200 4422 1268 4467; x_wconf 87' lang='lat' dir='ltr'>aon</span> <span class='ocrx_word' id='word_1_271' title='bbox 1304 4401 1390 4484; x_wconf 79' lang='lat' dir='ltr'>stria,</span> <span class='ocrx_word' id='word_1_272' title='bbox 1423 4399 1483 4467; x_wconf 85' lang='lat' dir='ltr'>sed</span> <span class='ocrx_word' id='word_1_273' title='bbox 1517 4397 1644 4466; x_wconf 83' lang='lat' dir='ltr'>Christi</span> <span class='ocrx_word' id='word_1_274' title='bbox 1675 4394 1789 4465; x_wconf 80' lang='lat' dir='ltr'>corbis</span> <span class='ocrx_word' id='word_1_275' title='bbox 1821 4402 2012 4464; x_wconf 84' lang='lat' dir='ltr'>cortaecral.</span> 
     </span>
     <span class='ocr_line' id='line_1_32' title="bbox 641 4511 2012 4605; baseline 0.001 -26"><span class='ocrx_word' id='word_1_276' title='bbox 641 4519 743 4604; x_wconf 81' lang='lat' dir='ltr'>atprre</span> <span class='ocrx_word' id='word_1_277' title='bbox 784 4514 871 4582; x_wconf 87' lang='lat' dir='ltr'>adeo</span> <span class='ocrx_word' id='word_1_278' title='bbox 906 4513 992 4582; x_wconf 80' lang='lat' dir='ltr'>aihd</span> <span class='ocrx_word' id='word_1_279' title='bbox 1026 4513 1095 4583; x_wconf 82' lang='lat' dir='ltr'>illis</span> <span class='ocrx_word' id='word_1_280' title='bbox 1130 4512 1210 4583; x_wconf 84' lang='lat' dir='ltr'>lieet</span> <span class='ocrx_word' id='word_1_281' title='bbox 1245 4514 1384 4583; x_wconf 85' lang='lat' dir='ltr'>addere.</span> <span class='ocrx_word' id='word_1_282' title='bbox 1445 4512 1625 4605; x_wconf 86' lang='lat' dir='ltr'>Excipiunt</span> <span class='ocrx_word' id='word_1_283' title='bbox 1661 4522 1768 4581; x_wconf 89' lang='lat' dir='ltr'>tamen</span> <span class='ocrx_word' id='word_1_284' title='bbox 1805 4511 2012 4605; x_wconf 88' lang='lat' dir='ltr'>particulam,</span> 
     </span>
     <span class='ocr_line' id='line_1_33' title="bbox 640 4628 2013 4721; baseline 0 -26"><span class='ocrx_word' id='word_1_285' title='bbox 640 4632 744 4712; x_wconf 86' lang='lat' dir='ltr'>enim,</span> <span class='ocrx_word' id='word_1_286' title='bbox 773 4632 921 4713; x_wconf 84' lang='lat' dir='ltr'>aeterni,</span> <span class='ocrx_word' id='word_1_287' title='bbox 956 4636 990 4697; x_wconf 88' lang='lat' dir='ltr'>et</span> <span class='ocrx_word' id='word_1_288' title='bbox 1015 4633 1206 4719; x_wconf 75' lang='lat' dir='ltr'>repetendum</span> <span class='ocrx_word' id='word_1_289' title='bbox 1231 4630 1331 4720; x_wconf 79' lang='lat' dir='ltr'>fidei,</span> <span class='ocrx_word' id='word_1_290' title='bbox 1366 4632 1440 4721; x_wconf 85' lang='lat' dir='ltr'>quia</span> <span class='ocrx_word' id='word_1_291' title='bbox 1469 4631 1631 4720; x_wconf 89' lang='lat' dir='ltr'>inquiunt,</span> <span class='ocrx_word' id='word_1_292' title='bbox 1666 4628 1827 4697; x_wconf 79' lang='lat' dir='ltr'>Ecclesia</span> <span class='ocrx_word' id='word_1_293' title='bbox 1853 4629 2013 4697; x_wconf 79' lang='lat' dir='ltr'>liorrmna</span> 
     </span>
     <span class='ocr_line' id='line_1_34' title="bbox 639 4741 2010 4834; baseline -0.002 -22"><span class='ocrx_word' id='word_1_294' title='bbox 639 4766 685 4812; x_wconf 82' lang='lat' dir='ltr'>aa·</span> <span class='ocrx_word' id='word_1_295' title='bbox 713 4742 900 4813; x_wconf 85' lang='lat' dir='ltr'>traditione.</span> <span class='ocrx_word' id='word_1_296' title='bbox 927 4744 1133 4834; x_wconf 76' lang='lat' dir='ltr'>Apostolr‘ca</span> <span class='ocrx_word' id='word_1_297' title='bbox 1160 4744 1297 4830; x_wconf 84' lang='lat' dir='ltr'>didicit,</span> <span class='ocrx_word' id='word_1_298' title='bbox 1332 4743 1498 4814; x_wconf 17' lang='lat' dir='ltr'>(is&#39;lrriatanr</span> <span class='ocrx_word' id='word_1_299' title='bbox 1534 4743 1594 4811; x_wconf 84' lang='lat' dir='ltr'>illu</span> <span class='ocrx_word' id='word_1_300' title='bbox 1622 4741 1727 4811; x_wconf 80' lang='lat' dir='ltr'>rerba</span> <span class='ocrx_word' id='word_1_301' title='bbox 1751 4746 2010 4834; x_wconf 80' lang='lat' dir='ltr'>pronunciasse.</span> 
     </span>
     <span class='ocr_line' id='line_1_35' title="bbox 638 4856 2012 4951; baseline -0.001 -24"><span class='ocrx_word' id='word_1_302' title='bbox 638 4856 747 4928; x_wconf 92' lang='lat' dir='ltr'>Utitur</span> <span class='ocrx_word' id='word_1_303' title='bbox 774 4880 857 4927; x_wconf 89' lang='lat' dir='ltr'>sane</span> <span class='ocrx_word' id='word_1_304' title='bbox 889 4857 951 4930; x_wconf 90' lang='lat' dir='ltr'>illis</span> <span class='ocrx_word' id='word_1_305' title='bbox 986 4857 1101 4928; x_wconf 87' lang='lat' dir='ltr'>verbis</span> <span class='ocrx_word' id='word_1_306' title='bbox 1128 4857 1282 4929; x_wconf 90' lang='lat' dir='ltr'>Ecclesia</span> <span class='ocrx_word' id='word_1_307' title='bbox 1310 4858 1482 4946; x_wconf 80' lang='lat' dir='ltr'>llonmna,</span> <span class='ocrx_word' id='word_1_308' title='bbox 1519 4880 1626 4951; x_wconf 90' lang='lat' dir='ltr'>neque</span> <span class='ocrx_word' id='word_1_309' title='bbox 1659 4862 1776 4928; x_wconf 89' lang='lat' dir='ltr'>vocari</span> <span class='ocrx_word' id='word_1_310' title='bbox 1811 4862 1844 4928; x_wconf 92' lang='lat' dir='ltr'>in</span> <span class='ocrx_word' id='word_1_311' title='bbox 1879 4857 2012 4929; x_wconf 88' lang='lat' dir='ltr'>dubium</span> 
     </span>
     <span class='ocr_line' id='line_1_36' title="bbox 638 4971 2012 5067; baseline 0.001 -27"><span class='ocrx_word' id='word_1_312' title='bbox 638 4972 757 5063; x_wconf 80' lang='lat' dir='ltr'>religio</span> <span class='ocrx_word' id='word_1_313' title='bbox 785 4975 857 5062; x_wconf 90' lang='lat' dir='ltr'>ejus</span> <span class='ocrx_word' id='word_1_314' title='bbox 885 4983 1014 5067; x_wconf 91' lang='lat' dir='ltr'>potest;</span> <span class='ocrx_word' id='word_1_315' title='bbox 1048 4997 1122 5043; x_wconf 90' lang='lat' dir='ltr'>cum</span> <span class='ocrx_word' id='word_1_316' title='bbox 1159 4973 1212 5044; x_wconf 93' lang='lat' dir='ltr'>illa</span> <span class='ocrx_word' id='word_1_317' title='bbox 1246 4977 1364 5045; x_wconf 88' lang='lat' dir='ltr'>recitet</span> <span class='ocrx_word' id='word_1_318' title='bbox 1399 4999 1443 5044; x_wconf 83' lang='lat' dir='ltr'>ex</span> <span class='ocrx_word' id='word_1_319' title='bbox 1476 4975 1699 5067; x_wconf 87' lang='lat' dir='ltr'>antiquissima</span> <span class='ocrx_word' id='word_1_320' title='bbox 1727 4973 1911 5044; x_wconf 91' lang='lat' dir='ltr'>traditione.</span> <span class='ocrx_word' id='word_1_321' title='bbox 1964 4971 2012 5042; x_wconf 86' lang='lat' dir='ltr'>At</span> 
     </span>
     <span class='ocr_line' id='line_1_37' title="bbox 639 5085 2012 5184; baseline -0.001 -24"><span class='ocrx_word' id='word_1_322' title='bbox 639 5088 803 5160; x_wconf 88' lang='lat' dir='ltr'>Christum</span> <span class='ocrx_word' id='word_1_323' title='bbox 831 5088 885 5158; x_wconf 94' lang='lat' dir='ltr'>illa</span> <span class='ocrx_word' id='word_1_324' title='bbox 914 5092 987 5182; x_wconf 88' lang='lat' dir='ltr'>ipsa</span> <span class='ocrx_word' id='word_1_325' title='bbox 1016 5092 1254 5182; x_wconf 87' lang='lat' dir='ltr'>pronunciasse</span> <span class='ocrx_word' id='word_1_326' title='bbox 1280 5112 1446 5184; x_wconf 85' lang='lat' dir='ltr'>nurrquam</span> <span class='ocrx_word' id='word_1_327' title='bbox 1474 5090 1596 5175; x_wconf 90' lang='lat' dir='ltr'>docuit,</span> <span class='ocrx_word' id='word_1_328' title='bbox 1627 5111 1735 5182; x_wconf 87' lang='lat' dir='ltr'>neque</span> <span class='ocrx_word' id='word_1_329' title='bbox 1764 5092 1792 5159; x_wconf 90' lang='lat' dir='ltr'>si</span> <span class='ocrx_word' id='word_1_330' title='bbox 1820 5091 1863 5157; x_wconf 91' lang='lat' dir='ltr'>ita</span> <span class='ocrx_word' id='word_1_331' title='bbox 1890 5085 2012 5158; x_wconf 86' lang='lat' dir='ltr'>Theo-</span> 
     </span>
     <span class='ocr_line' id='line_1_38' title="bbox 637 5201 2013 5296; baseline 0.001 -25"><span class='ocrx_word' id='word_1_332' title='bbox 637 5201 725 5293; x_wconf 81' lang='lat' dir='ltr'>logis</span> <span class='ocrx_word' id='word_1_333' title='bbox 754 5205 949 5296; x_wconf 89' lang='lat' dir='ltr'>quibusdam</span> <span class='ocrx_word' id='word_1_334' title='bbox 976 5205 1217 5276; x_wconf 89' lang='lat' dir='ltr'>recentioribus</span> <span class='ocrx_word' id='word_1_335' title='bbox 1245 5208 1354 5275; x_wconf 88' lang='lat' dir='ltr'>visum</span> <span class='ocrx_word' id='word_1_336' title='bbox 1383 5216 1452 5292; x_wconf 92' lang='lat' dir='ltr'>est,</span> <span class='ocrx_word' id='word_1_337' title='bbox 1485 5204 1612 5274; x_wconf 93' lang='lat' dir='ltr'>illorum</span> <span class='ocrx_word' id='word_1_338' title='bbox 1643 5203 1800 5293; x_wconf 89' lang='lat' dir='ltr'>judicium</span> <span class='ocrx_word' id='word_1_339' title='bbox 1835 5205 2013 5274; x_wconf 89' lang='lat' dir='ltr'>autoritate</span> 
     </span>
     <span class='ocr_line' id='line_1_39' title="bbox 638 5319 2014 5414; baseline -0.001 -25"><span class='ocrx_word' id='word_1_340' title='bbox 638 5340 697 5389; x_wconf 89' lang='lat' dir='ltr'>sua</span> <span class='ocrx_word' id='word_1_341' title='bbox 726 5319 940 5391; x_wconf 84' lang='lat' dir='ltr'>conhnnarit.</span> <span class='ocrx_word' id='word_1_342' title='bbox 995 5322 1136 5391; x_wconf 74' lang='lat' dir='ltr'>&#39;l&#39;arrtom</span> <span class='ocrx_word' id='word_1_343' title='bbox 1164 5319 1268 5392; x_wconf 87' lang='lat' dir='ltr'>abfuit</span> <span class='ocrx_word' id='word_1_344' title='bbox 1295 5343 1380 5393; x_wconf 93' lang='lat' dir='ltr'>vero</span> <span class='ocrx_word' id='word_1_345' title='bbox 1409 5322 1449 5393; x_wconf 88' lang='lat' dir='ltr'>ab</span> <span class='ocrx_word' id='word_1_346' title='bbox 1480 5321 1533 5389; x_wconf 90' lang='lat' dir='ltr'>illa</span> <span class='ocrx_word' id='word_1_347' title='bbox 1561 5340 1736 5391; x_wconf 91' lang='lat' dir='ltr'>censorum</span> <span class='ocrx_word' id='word_1_348' title='bbox 1767 5322 1942 5414; x_wconf 91' lang='lat' dir='ltr'>opinione,</span> <span class='ocrx_word' id='word_1_349' title='bbox 1978 5327 2014 5388; x_wconf 89' lang='lat' dir='ltr'>nt</span> 
     </span>
    </p>
   </div>
   <div class='ocr_carea' id='block_1_3' title="bbox 0 0 2580 6534">
    <p class='ocr_par' dir='ltr' id='par_1_3' title="bbox 0 0 2580 6534">
     <span class='ocr_line' id='line_1_40' title="bbox 0 0 2580 6534; baseline 0 3"><span class='ocrx_word' id='word_1_350' title='bbox 0 0 2580 6534; x_wconf 95' lang='lat' dir='ltr'> </span> 
     </span>
    </p>
   </div>
  </div>
 </body>
</html>
