5150 6534
599 822 676 899 468
1169 818 1403 896 NOTAE

597 1006 732 1086 quamvis
755 1003 792 1066 de
816 1021 854 1065 eo
879 1002 1073 1067 doctissimus
1097 1004 1248 1085 interpres
1272 1004 1346 1065 satis
1369 1004 1493 1085 copiose
1509 1002 1664 1085 praelatus
1689 1003 1791 1083 luerit,
1814 1005 1907 1087 plura
1929 1013 1975 1069 ta-

596 1122 665 1166 men
688 1103 726 1165 de
749 1122 787 1167 eo
810 1103 952 1165 habemus
975 1109 1007 1165 et
1029 1104 1171 1166 certiora.
1213 1103 1308 1165 Natus
1332 1111 1378 1165 est
1401 1101 1568 1187 Gregorius
1591 1102 1756 1181 llelitiuae,
1780 1122 1876 1185 quam
1897 1103 1975 1168 Ara·

596 1203 651 1265 bes
680 1203 828 1265 blalatiam
860 1208 988 1278 vocant,
1025 1218 1104 1263 anno
1140 1200 1365 1263 Seleucidarum
1401 1220 1458 1264 sen
1485 1189 1651 1265 'Alexandri
1680 1201 1897 1267 thXXXVll.
1928 1204 1974 1286 qui

595 1303 762 1382 respondet
792 1319 829 1362 an
858 1300 886 1363 J.
912 1299 944 1363 C.
967 1299 1144 1365 dccxxv.
1173 1300 1351 1381 parentibus
1374 1299 1567 1365 Christianis:
1595 1300 1753 1366 Michaelis
1783 1302 1975 1368 Patriarcltac

596 1401 787 1478 Antiocheni,
811 1419 851 1461 ex
873 1399 968 1462 fratre
991 1418 1088 1480 nepos
1112 1408 1144 1461 ut
1167 1408 1290 1463 notatur
1312 1402 1342 1461 in
1365 1399 1441 1464 Cod.
1466 1400 1653 1465 Colbcrtino.
1700 1400 1815 1465 lledici
1838 1408 1874 1466 ut
1894 1400 1974 1464 nuri

597 1497 717 1559 tradunt
739 1499 816 1560 lilius
839 1498 908 1574 luit;
940 1517 998 1579 qua
1022 1499 1053 1560 in
1075 1506 1141 1561 arte
1163 1515 1224 1561 non
1248 1500 1346 1561 minus
1369 1499 1449 1579 apud
1477 1518 1550 1563 suos
1577 1518 1665 1581 quam
1693 1518 1735 1563 ex
1762 1497 1974 1583 Philosophiae

598 1616 711 1659 summa
734 1598 841 1677 peritia
865 1597 1014 1676 inclaruit,
1046 1597 1134 1660 editis
1166 1598 1203 1659 de
1235 1616 1271 1658 ea
1302 1597 1401 1659 irruitis
1431 1598 1638 1661 voluminibus.
1681 1596 1886 1678 Bur-Hebri,
1911 1596 1975 1662 sive

597 1696 693 1758 Hebri
710 1695 796 1775 [dius
819 1704 869 1757 ant
890 1696 1151 1773 Bor-Hebraeus,
1183 1704 1215 1758 ut
1239 1714 1306 1759 eum
1329 1715 1424 1777 saepe
1446 1698 1567 1760 vocavit
1595 1692 1746 1758 Abrabam
1771 1696 1974 1774 Echettema,

597 1794 766 1875 appellatus
798 1796 887 1857 etiam
921 1803 985 1872 est,
1016 1796 1102 1875 cujus
1138 1796 1327 1877 cognominis
1362 1796 1509 1857 rationem
1539 1814 1579 1857 ne
1606 1794 1809 1886 conjectando
1856 1794 1974 1878 quiden

598 1896 720 1974 assequi
743 1912 777 1955 se
800 1913 891 1974 posse
916 1894 1038 1955 affirmat
1060 1894 1239 1977 Pocockins.
1270 1888 1332 1955 Cur
1354 1895 1394 1956 ita
1419 1895 1648 1975 cognominatus
1671 1892 1762 1956 inerit
1783 1912 1888 1976 aeque

598 2009 636 2051 eo
660 1993 819 2068 nescimus,
843 1992 898 2053 sed
921 1994 961 2054 ita
984 1995 1227 2073 cognominatum
1250 1993 1344 2054 luisse
1368 2000 1483 2054 certum
1500 1999 1557 2067 cst,
1580 1992 1799 2057 cuminCodd
1817 1992 1973 2074 plusqua·

598 2091 720 2168 triginta
751 2093 815 2171 ojus
845 2109 970 2171 operum
992 2092 1107 2174 Regiis,
1136 2092 1292 2168 Mediceis,
1318 2090 1519 2167 Colbertinis,
1549 2092 1588 2152 ita
1616 2092 1763 2171 scriptum
1792 2092 1972 2172 reperiatur.

597 2188 684 2249 Alios
714 2189 779 2269 ejus
815 2190 932 2268 titulos,
963 2192 1014 2271 qui
1044 2209 1105 2252 non
1133 2191 1191 2253 nisi
1214 2190 1318 2252 laudes
1343 2192 1513 2267 continent,
1547 2208 1672 2271 quarum
1702 2192 1789 2254 avari
1819 2208 1880 2253 non
1906 2197 1972 2253 sunt

598 2287 779 2363 Orientales,
802 2290 1013 2368 praeterimus,
1036 2309 1103 2352 cum
1127 2288 1197 2351 nihil
1212 2290 1249 2351 ad
1272 2309 1336 2350 rem
1348 2290 1531 2370 pertineant,
1554 2307 1645 2351 unum
1660 2288 1831 2368 excipimus
1855 2297 1972 2354 aarum

597 2391 732 2451 uultui
760 2387 893 2470 Mosrion
915 2387 1058 2465 Orierrta's,
1082 2406 1170 2468 quem
1193 2388 1362 2450 Pocochius
1385 2390 1475 2450 vertit
1496 2388 1612 2449 Ductor
1634 2386 1775 2451 Orientis.
1807 2386 1852 2449 At
1874 2385 1971 2449 titulus

598 2492 663 2545 erat
686 2485 837 2568 dignitatis
861 2486 1093 2549 Ecclesiasticae
1116 2488 1195 2548 inter
1216 2487 1370 2548 Jacobitas
1396 2488 1491 2568 Syros
1521 2493 1590 2566 post
1618 2484 1855 2547 Patriarchalem
1880 2503 1972 2566 prae-

598 2585 714 2666 cipuae,
738 2594 768 2646 et
791 2585 1013 2666 Metropolitica
1037 2587 1221 2666 superioris:
1247 2586 1322 2647 alias
1336 2585 1509 2648 Catholicos
1533 2603 1588 2647 eos
1611 2582 1816 2664 appellabant.
1841 2582 1971 2646 Succes-

597 2692 700 2744 serant
729 2672 824 2764 porro
852 2685 893 2747 illi
922 2685 1081 2746 Antistites
1113 2683 1277 2746 Catholicis
1302 2683 1460 2746 Seleuciae
1491 2692 1522 2746 et
1551 2682 1771 2763 Ctesiphontis,
1807 2682 1860 2760 qui
1886 2680 1971 2742 aliter

598 2783 668 2843 dicti
690 2791 760 2844 sunt
783 2781 928 2846 Catholici
950 2783 1081 2846 Persidis
1116 2791 1147 2845 et
1169 2783 1342 2860 Armeniae,
1367 2802 1444 2862 quae
1467 2802 1554 2845 suurn
1576 2781 1684 2845 deinde
1707 2781 1814 2843 habuit
1838 2778 1970 2843 Catholi-

598 2899 674 2958 cum,
699 2900 766 2942 eum
789 2882 905 2943 scilicet
928 2883 979 2961 qui
1001 2881 1125 2944 honoris
1154 2884 1251 2962 gratia
1275 2881 1449 2944 Patriarcha
1471 2880 1649 2962 appellatur.
1692 2880 1734 2942 At
1765 2898 1836 2943 cum
1858 2878 1970 2943 Nesto-

598 2980 673 3040 riani
696 2979 798 3041 sedem
823 2980 979 3043 Seleuciae
1004 2987 1033 3041 et
1057 2979 1262 3059 Ctesiphontis
1285 2979 1341 3042 sub
1365 2979 1474 3043 ultimis
1486 2982 1646 3043 Persarum
1667 2978 1796 3061 regibus
1819 2996 1969 3059 occupas·

597 3086 664 3138 sent
688 3080 769 3139 etin
793 3097 829 3141 ea
852 3087 941 3161 capnt
963 3087 1065 3142 sectae
1096 3097 1185 3156 snae,
1215 3097 1447 3160 supremumque
1470 3080 1643 3142 antistitem
1666 3077 1915 3155 constituissent,
1940 3084 1969 3140 et

598 3176 778 3257 amplissima
801 3185 870 3239 ante
893 3178 967 3241 alios
991 3176 1179 3240 Christianos
1202 3178 1290 3258 primi
1314 3178 1515 3240 obtinuissent
1528 3177 1689 3260 privilegia
1712 3176 1968 3239 abluhamedan'a

596 3274 795 3355 Principibus,
819 3275 1028 3339 abstinuerunt
1055 3277 1214 3357 aliquando
1245 3278 1314 3358 Syri
1337 3297 1355 3339 a
1377 3278 1495 3339 nomine
1519 3276 1681 3355 Catholici,
1710 3277 1750 3337 ita
1780 3274 1861 3338 lorte
1889 3280 1969 3337 sata-

596 3375 738 3454 gentibus
761 3373 962 3450 Ncstorianis,
983 3394 1023 3437 ne
1046 3395 1157 3437 nomen
1180 3375 1304 3438 honoris
1328 3378 1602 3439 communicaretur
1622 3374 1829 3437 Jacobitarum
1843 3373 1968 3437 Antisti-

596 3472 686 3548 tibns,
702 3472 759 3533 *vel
783 3490 823 3532 cx
846 3481 948 3534 sectae
971 3473 1051 3535 odio.
1104 3473 1208 3555 ltaque
1236 3474 1372 3552 Mosriaa
1400 3482 1526 3537 vocatus
1559 3482 1621 3553 est,
1650 3491 1749 3553 nequo
1780 3470 1966 3547 Antiochiae,

595 3570 645 3631 nbi
668 3570 839 3632 Patriarcha
863 3572 1010 3653 integram
1038 3575 1229 3636 autoritatem
1258 3572 1398 3649 habebat,
1421 3572 1476 3635 sed
1499 3572 1638 3635 Takritae
1661 3574 1692 3633 in
1713 3571 1879 3634 Anneniae
1901 3570 1966 3633 lini·

594 3670 661 3744 bns,
684 3669 777 3749 vulgo
801 3668 905 3732 sedem
929 3671 1038 3735 habuit.
1083 3672 1156 3733 Eam
1180 3673 1272 3755 igitur
1302 3672 1475 3753 dignitatem
1498 3673 1637 3734 sustinuit
1658 3672 1688 3733 in
1710 3669 1853 3732 Ecclesia
1874 3668 1964 3731 Jaco-

595 3768 684 3829 bitica
709 3766 892 3851 Gregorius,
921 3788 1029 3852 magna
1060 3789 1126 3832 cum
1160 3771 1263 3848 laude,
1294 3770 1380 3832 editis
1409 3772 1551 3851 operibns
1578 3771 1671 3832 variis
1706 3769 1788 3831 circa
1816 3769 1904 3832 fidem
1935 3774 1964 3829 et

596 3866 780 3945 disciplinam
803 3865 1065 3944 Ecclesiasticam,
1097 3887 1185 3947 quam
1215 3885 1400 3948 magnopere
1429 3868 1599 3931 illustravit·
1652 3866 1733 3931 Obiit
1761 3876 1863 3928 antem
1889 3881 1962 3927 anno

596 3965 779 4027 Graecorum
802 3964 977 4031 MDXCVll.
999 3966 1026 4027 l.
1051 3966 1085 4030 C.
1109 3965 1338 4029 nrcctxxxv.
1368 3966 1522 4049 blaragae,
1546 3985 1623 4048 quae
1646 3974 1692 4027 est
1714 3964 1789 4027 urbs
1812 3966 1842 4026 in
1865 3965 1962 4027 Ader-

594 4066 693 4144 bijana
716 4064 856 4144 celebris,
881 4073 1049 4126 astantem
1073 4066 1257 4145 hderbiJ'ana
1286 4064 1317 4124 in
1347 4065 1445 4126 veteri
1468 4065 1582 4127 bledla:
1617 4066 1807 4145 relatumque
1837 4063 1962 4125 cadaver

596 4165 633 4226 ad
663 4164 878 4225 Monasterium
910 4162 940 4225 S.
971 4163 1112 4241 lllatbaei,
1140 4165 1180 4225 ibi
1203 4163 1352 4243 sepultum
1382 4171 1438 4225 est.
1489 4163 1752 4245 Haechabnimus
1783 4182 1825 4225 cx
1854 4161 1960 4226 Codice

594 4263 705 4342 optimo
728 4261 876 4341 Mediceo,
900 4265 950 4342 qui
975 4261 1011 4322 ab
1041 4270 1140 4325 aetate
1171 4263 1284 4325 autoris
1308 4279 1368 4322 non
1392 4262 1514 4324 multum
1537 4263 1648 4325 distare
1679 4262 1767 4323 nobis
1796 4262 1880 4323 visus
1908 4266 1959 4322 est.

595 4361 683 4436 Quod
706 4360 851 4422 dubitavit
873 4361 1043 4423 Pocochius
1066 4379 1104 4421 an
1126 4361 1204 4422 idem
1233 4359 1408 4440 GregoriuS,
1433 4362 1501 4440 quia
1522 4360 1718 4440 Ahalferya'us
1743 4361 1811 4422 sive
1839 4367 1873 4422 ut
1900 4359 1959 4439 ipse

594 4461 707 4536 scribit,
732 4459 959 4539 Abulsurcpius‚
982 4461 1070 4521 etiam
1092 4459 1269 4535 vocabatur,
1291 4459 1369 4520 idem
1392 4457 1482 4522 fuerit
1504 4461 1554 4540 qui
1576 4458 1766 4539 Ebacl-Tuib
1790 4458 1887 4521 dictus
1909 4464 1960 4529 est,

594 4560 708 4638 absque
739 4558 798 4619 alio
829 4565 1008 4638 argumento
1039 4557 1110 4619 fecit
1131 4565 1344 4638 praeterquam
1374 4557 1501 4620 nominis
1531 4557 1739 4633 similitudine3
1773 4559 1799 4619 is
1827 4559 1906 4619 enim
1930 4565 1958 4619 ct

594 4658 744 4737 antiquior
765 4656 830 4733 luit,
853 4664 883 4717 ct
913 4657 944 4716 in
965 4655 1146 4718 Nestoriana
1175 4664 1260 4717 secta
1290 4674 1350 4718 non
1379 4658 1476 4719 minus
1505 4655 1655 4735 celebris,
1689 4674 1779 4736 quam
1805 4655 1960 4718 nosterin

593 4775 648 4819 sua
670 4755 845 4819 Jacobitica.
898 4755 1008 4816 Extant
1037 4754 1134 4818 adhuc
1163 4772 1258 4834 opera
1286 4755 1372 4817 istius
1403 4755 1544 4817 nonnulla
1577 4754 1710 4818 Arabica
1739 4754 1778 4817 de
1808 4753 1960 4840 Religionc

594 4852 776 4931 Christiana,
800 4859 830 4914 et
856 4852 893 4914 ad
922 4861 1025 4914 sectae
1055 4871 1129 4915 snae
1158 4852 1298 4938 dogmata
1321 4852 1510 4917 vindicanda.
1562 4854 1637 4915 Tum
1666 4852 1906 4916 Commentarius
1933 4855 1960 4914 ia

593 4952 770 5033 Evangelia,
795 4970 883 5030 quem
906 4953 979 5012 tanti
1002 4949 1140 5014 fecerunt
1170 4952 1342 5030 Jacobitae,
1370 4960 1419 5031 ut,
1447 4951 1519 5015 licet
1546 4952 1687 5034 perpetui
1715 4952 1961 5015 Nestorianorum

591 5050 706 5127 hostes,
730 5049 810 5110 illum
833 5046 963 5111 Arabice
994 5049 1211 5129 transtulerint,
1235 5050 1384 5112 nonnullis
1408 5051 1547 5129 resectis,
1571 5060 1604 5113 ut
1626 5057 1754 5113 testatur
1776 5048 1961 5113 Abulbircat

592 5147 683 5209 Extat
706 5150 735 5207 in
757 5145 942 5208 Bibliotheca
965 5145 1171 5228 Seguieriana.
1216 5148 1420 5212 Recensuisse
1443 5150 1532 5212 etiarn
1554 5149 1664 5212 dicitur
1686 5149 1862 5212 versionem
1884 5149 1963 5211 Ara·

591 5246 687 5309 bicam
711 5262 865 5309 sacrorum
888 5244 1051 5308 bibliorum
1074 5267 1113 5309 ex
1137 5248 1261 5329 Syriaca
1290 5248 1413 5311 factam:
1442 5250 1501 5310 imo
1532 5268 1572 5312 ex
1601 5248 1794 5312 Praefatione
1823 5247 1862 5311 ad
1892 5264 1963 5310 rer·
