5150 6534
960 856 1009 932 Ill
1040 853 1293 932 tttouutnu
1324 854 1356 931 S.
1386 852 1609 929 minutio.
1884 847 1957 923 271

601 1037 802 1123 Episcopatus
822 1038 884 1101 non
906 1039 1068 1121 assignata,
1091 1054 1287 1118 magnamque
1312 1040 1343 1099 in
1365 1055 1402 1099 ea
1424 1036 1580 1117 provincia
1602 1037 1789 1098 autoritatem
1812 1035 1961 1110 hahuerit,

603 1139 819 1218 Ecclesiusque
841 1137 973 1201 Persidis
996 1138 1190 1214 ordinaverit,
1214 1136 1294 1216 quod
1324 1144 1491 1219 agnoscunt
1518 1143 1577 1197 tarn
1598 1133 1752 1197 Jacobitae
1780 1151 1868 1215 quum
1897 1133 1967 1195 Ne·-

604 1238 743 1313 storiani3
773 1235 861 1299 facila
892 1235 946 1299 luit
972 1243 1005 1297 ut
1035 1236 1105 1317 Syri
1131 1234 1311 1314 posterioris
1340 1235 1462 1311 aetatis,
1492 1234 1678 1313 antiquarum
1708 1235 1857 1315 originum
1884 1233 1964 1294 haud

605 1338 677 1401 sutis
700 1336 798 1416 periti,
822 1354 859 1398 ea
882 1335 1042 1398 occasione
1066 1332 1249 1395 Catiolicum
1278 1332 1359 1394 illum
1382 1330 1514 1394 Orientis
1540 1332 1772 1413 appellaverint,
1807 1334 1874 1412 quia
1903 1352 1974 1414 quo.

601 1436 671 1517 jure
693 1433 881 1516 postmodum
903 1435 950 1495 usi
977 1442 1046 1495 sunt
1074 1433 1154 1494 inter
1180 1431 1353 1505 Jacabitas,
1386 1432 1435 1511 qui
1468 1429 1613 1493 Catholici
1641 1431 1755 1493 titulum
1786 1432 1963 1509 habuerunt,

603 1533 679 1597 illud
705 1553 722 1595 a
751 1532 868 1594 Maruta
895 1534 925 1594 iu
951 1532 1167 1611 Mesopotamia
1203 1538 1233 1592 et
1270 1529 1394 1591 Perside
1428 1531 1595 1591 exercitum
1629 1530 1777 1593 viderunt.
1831 1529 1964 1609 Cumque

498 1630 506 1643 ’
603 1630 824 1694 Catholicorum
847 1630 924 1711 apud
946 1630 1098 1692 Jacobitas
1127 1628 1216 1691 sedes
1240 1628 1380 1689 Takritae
1404 1627 1520 1689 demum
1543 1636 1652 1690 statuta
1675 1627 1779 1691 luerit:
1804 1628 1965 1690 Takriten-

602 1748 667 1794 sem
695 1731 914 1811 Metropolitum
943 1749 1011 1792 eum
1044 1734 1239 1792 vocaverunt.
1297 1726 1402 1788 Melius
1436 1729 1556 1789 omnino
1587 1728 1637 1807 qui
1669 1727 1750 1789 illurn
1781 1728 1965 1808 Episcopum

601 1828 817 1892 Miaiarekinae
837 1837 957 1892 vocant.
1001 1828 1076 1891 Nam
1099 1830 1129 1890 in
1150 1827 1201 1890 illa
1223 1827 1298 1888 urbe
1321 1826 1498 1906 deposuisse
1522 1827 1603 1887 illum
1626 1826 1767 1906 reliquias
1790 1827 1964 1906 Martyrum,
2014 1817 2016 1821 ’

601 1928 683 1990 unde
706 1928 779 1990 urbs
802 1946 910 1990 nomeu
934 1935 1097 1991 consecuta
1114 1920 1187 2003 est,
1215 1943 1319 1989 omnes
1350 1932 1506 1987 testantur.
1559 1925 1775 2005 Antiquissima
1804 1925 1873 1987 illic·
1894 1942 1964 1987 esse

602 2024 763 2089 Christiani
785 2026 882 2089 cultus
905 2027 1033 2108 vestigia
1054 2025 1262 2088 Muhamedani
1284 2025 1342 2105 ipsi
1369 2043 1424 2086 nos
1456 2023 1576 2101 docent,
1601 2032 1691 2104 atque
1719 2026 1796 2085 inter
1824 2042 1879 2087 cos
1902 2024 1964 2084 Ya-

601 2132 688 2186 cutus
710 2125 907 2188 Hamathacus
932 2127 983 2205 qui
1006 2126 1129 2187 duarum
1153 2120 1381 2213 aMiaiareliina
1403 2140 1638 2203 parasangarum
1661 2124 1779 2198 itinere,
1802 2124 1872 2185 dicit
1895 2141 1963 2184 esse

601 2220 815 2287 Monasterium
842 2226 907 2286 sive
935 2224 1117 2301 Ecclesiam,
1148 2223 1266 2284 nomine
1300 2222 1507 2297 Hir-Touma,
1535 2221 1565 2283 id
1595 2230 1658 2298 est,
1688 2222 1904 2284 Mouasterium
1924 2222 1963 2284 D.

602 2319 746 2398 homae,
774 2323 811 2385 ad
838 2324 919 2403 quod
948 2325 1093 2384 maximus
1127 2322 1214 2383 lieret
1247 2321 1397 2383 hominum
1433 2338 1597 2383 concursus
1627 2329 1658 2382 et
1687 2329 1755 2383 vota
1786 2320 1963 2401 frequentia.

600 2419 752 2483 Laudatur
773 2423 882 2483 eximie
903 2423 1030 2498 Maruta,
1055 2420 1135 2501 quod
1164 2421 1410 2499 superstitionem
1431 2419 1578 2501 Magicam
1602 2419 1798 2500 ignicolarum
1821 2421 1964 2482 audacter

599 2520 840 2600 reprehenderit,
864 2529 894 2583 et
917 2522 955 2583 ab
978 2540 1014 2582 ea
1038 2521 1145 2582 multos
1168 2521 1355 2581 avocaverit:
1379 2527 1492 2580 temere
1512 2537 1649 2598 prorsus,
1673 2520 1699 2580 si
1723 2519 1854 2581 Thomas
1867 2518 1963 2599 llyde,

602 2619 653 2697 qui
676 2619 714 2680 de
736 2619 895 2703 Religione
917 2628 1053 2683 veterum
1075 2620 1232 2681 Persarum
1259 2618 1382 2698 scripsit
1409 2617 1590 2679 credendum
1621 2619 1776 2697 quisquam
1804 2619 1963 2681 existimet.
2179 2681 2182 2687 A

599 2716 629 2779 ls
653 2719 729 2780 enim
753 2717 990 2795 Ortiodaaiom,
1021 2720 1245 2793 Hierurclriom,
1274 2718 1482 2778 Sacerdotium
1503 2716 1635 2777 ludaico
1657 2719 1802 2778 vetustius
1823 2726 1852 2778 et
1878 2720 1962 2778 outi-
2010 2709 2081 2775 tique
2098 2707 2216 2776 desem.
2230 2716 2276 2760 Μ»

599 2818 697 2897 quius,
718 2821 786 2879 ceri
796 2818 855 2879 Dei
876 2821 1072 2898 captationem
1095 2824 1315 2893 conservatam,
1339 2817 1448 2877 adirem
1469 2817 1548 2894 ipuis
1569 2816 1633 2876 siue
1654 2811 1870 2900 rrvpodovit'ur
1892 2817 1960 2878 licto
1974 2793 2045 2847 pm·
2116 2866 2118 2869 .

599 2914 760 2994 vocabulo,
785 2934 842 2978 non
865 2917 944 2999 ignis
968 2917 1189 2993 adorationem,
1221 2916 1346 2996 agnosci
1373 2916 1451 2975 inter
1473 2915 1579 2995 Magos
1601 2914 1693 2993 jubet.
1738 2915 1888 2996 Martyres
1911 2917 1962 2977 in-

599 3030 742 3077 numeros
765 3022 903 3095 tauquam
925 3014 1061 3078 homines
1084 3033 1184 3076 rerum
1214 3016 1374 3093 patriarum
1398 3015 1521 3095 ignaros
1543 3012 1634 3090 ridet,
1664 3033 1772 3094 nempe
1795 3018 1865 3095 quia
1883 3036 1961 3094 per-

594 3129 706 3192 peram
733 3114 948 3175 eaistimadaat
974 3113 1089 3174 Persas
1118 3114 1252 3175 adorare
1279 3115 1385 3187 solem,
1422 3121 1511 3192 atquo
1549 3112 1624 3173 adeo
1655 3112 1711 3189 illi,
1741 3116 1880 3175 videratur
1906 3135 1961 3176 suo

599 3211 719 3274 humori
739 3219 769 3273 et
785 3215 933 3291 propriae
950 3214 1141 3291 pertiraaciac
1167 3213 1323 3292 plusquam
1344 3230 1436 3271 verae
1458 3213 1659 3272 cmrscieutiae
1680 3214 1802 3275 tuasse:
1833 3213 1962 3294 elegan-

599 3310 669 3372 tiam
699 3312 823 3373 istorum
852 3311 1012 3372 verborum
1044 3310 1184 3371 deterere
1212 3310 1361 3391 piaculum
1388 3308 1476 3371 soret.
1527 3308 1615 3371 Absit
1644 3318 1676 3371 ut
1709 3312 1747 3372 da
1777 3319 1819 3372 tot
1849 3314 1959 3374 sanctis

601 3408 800 3490 Martyribus,
831 3408 929 3489 deque
960 3428 996 3471 eo
1027 3410 1079 3490 qui
1105 3409 1248 3488 reliquias
1279 3408 1396 3469 illorum
1427 3408 1570 3491 religiose
1600 3408 1738 3490 collegit,
1766 3411 1974 3492 eanidemque,·

600 3504 688 3568 fidem
711 3510 924 3593 propugnavit,
949 3515 1008 3570 tam
1031 3507 1171 3585 absurde,
1195 3526 1233 3568 ne
1263 3507 1358 3569 dicam
1385 3508 1491 3587 impie,
1518 3508 1687 3589 judicetur,
1715 3513 1892 3588 praesertim
1920 3531 1960 3572 ex

601 3616 707 3669 autore
748 3607 953 3669 sordidissimo
992 3608 1138 3669 Poematis
1170 3605 1292 3668 Certum
1327 3605 1510 3683 Portarum,
1539 3625 1626 3686 quem
1656 3615 1687 3669 et
1715 3608 1959 3669 Mulramedanum

600 3703 693 3769 fuisse
716 3714 842 3784 constat,
866 3715 896 3769 et
919 3715 987 3769 ante
1007 3707 1153 3769 ducentos
1176 3705 1332 3768 admodum
1354 3723 1448 3767 anuos
1471 3707 1641 3785 scripsisse.

688 3816 918 3881 Commendatur
939 3828 1098 3900 praeterea
1120 3818 1262 3896 Marutas,
1286 3817 1462 3879 aJacobitis
1478 3819 1506 3878 in
1523 3819 1700 3898 amplissima
1714 3826 1744 3879 et
1758 3818 1959 3880 vetustissima

602 3913 755 3978 Canonum
778 3916 963 3980 Collectione
987 3918 1127 3999 Syriaca,
1156 3915 1236 3996 quod
1260 3915 1433 3995 disciplinae
1457 3915 1689 3978 Ecclesiasticus
1716 3923 1774 3977 tam
1802 3918 1831 3976 iu
1854 3917 1960 3978 Meso-

600 4016 728 4094 potamia
751 4035 838 4096 quam
861 4017 890 4078 in
914 4016 1035 4079 Perside
1057 4014 1271 4091 restituendae,
1301 4015 1451 4094 insignem
1473 4032 1594 4093 operam
1618 4017 1780 4076 navaverit.
1808 4014 1898 4077 Extat
1921 4016 1958 4077 de

600 4114 659 4176 hoc
680 4124 855 4197 argumento
880 4116 1041 4197 syntagma
1066 4113 1218 4177 Cananum
1249 4114 1372 4193 Syrisce
1396 4112 1453 4172 hoc
1476 4113 1570 4175 titulo.
1628 4107 1766 4174 Cauaries
1788 4121 1818 4173 et
1838 4116 1960 4195 reputas
2005 4118 2052 4169 Ms.
2069 4119 2125 4185 Sur.
2144 4117 2250 4168 Fures.

600 4216 776 4276 constitutae
799 4234 819 4275 a
840 4214 962 4296 Spuoda
984 4215 1202 4293 Episcoporum
1229 4211 1395 4272 Persarum
1416 4212 1521 4271 tabita
1548 4214 1579 4271 iu
1606 4214 1777 4273 ciuitatibus
1805 4213 1960 4273 Seleuciae

598 4317 629 4371 et
650 4308 864 4392 Ctestptomts,
893 4315 1046 4374 ciuitatum
1075 4314 1161 4393 requi
1189 4311 1335 4385 Persidis,
1357 4313 1389 4370 iu
1411 4309 1574 4389 depotiane
1595 4311 1633 4373 D.
1657 4310 1795 4372 Matutae
1816 4312 1961 4391 Episcopi

599 4408 792 4488 Miasarelsirq
815 4412 856 4472 ad
878 4412 1068 4492 lsdeperdem
1090 4412 1201 4491 diepam
1220 4409 1319 4487 silium
1340 4409 1470 4488 Saporis
1491 4428 1570 4469 anuo
1593 4409 1631 4468 11.
1655 4413 1742 4490 rapui
1762 4412 1833 4487 rpus.
1875 4409 1960 4473 Con-

599 4508 730 4570 tinentur
746 4510 787 4578 ‚in
815 4526 852 4571 eo
883 4509 1076 4593 syntagmate
1111 4507 1250 4570 Canones
1279 4508 1384 4588 viginti
1413 4526 1484 4583 sex,
1520 4525 1622 4569 omnes
1652 4516 1774 4587 praeter
1804 4527 1893 4571 unum
1922 4512 1959 4572 de

600 4604 755 4687 disciplina
777 4607 1001 4686 Ecclesiastico,
1025 4609 1106 4669 missi
1128 4615 1159 4668 ut
1182 4608 1262 4667 aiunt
1292 4605 1328 4666 ab
1351 4606 1508 4685 Episcopis
1531 4606 1719 4685 Occidentis,
1752 4626 1810 4686 quo
1841 4610 1959 4670 nomine

601 4703 709 4767 Graeci
731 4706 917 4788 intelligendi
940 4716 1019 4783 sunt,
1043 4708 1092 4787 qui
1116 4725 1154 4767 ex
1178 4705 1301 4786 Synodo
1331 4706 1361 4765 in
1384 4707 1509 4768 Graecia
1531 4705 1642 4783 habitu,
1665 4708 1750 4768 utin
1773 4706 1960 4768 Praelatione

599 4811 729 4881 notatum
753 4804 789 4866 ad
813 4805 981 4866 Orientales
1005 4808 1201 4885 scripserunt.
1254 4803 1392 4866 Canones
1420 4814 1451 4867 et
1476 4804 1640 4884 Epistulam
1669 4806 1871 4889 promulgavit
1892 4805 1960 4867 Ma-

599 4910 677 4981 ruta,
700 4904 730 4964 in
754 4903 889 4966 Concilio
913 4904 1109 4987 quadraginta
1131 4904 1350 4984 Episcoporum
1380 4903 1536 4967 Seleuciae
1566 4913 1596 4966 et
1623 4904 1818 4986 Ctesiphonte
1847 4903 1959 4983 habito,

600 5003 648 5064 cui
671 5002 825 5084 praesedit
847 5002 933 5064 simul
957 5022 1022 5064 cum
1045 5022 1082 5065 eo
1104 5002 1188 5065 isaac
1208 5003 1390 5082 Catholicus,
1413 5022 1501 5083 quem
1524 5004 1616 5085 ipsius
1640 5003 1762 5065 fratrem
1784 5003 1877 5066 luisse
1900 5003 1960 5065 da-

599 5108 649 5161 cet
678 5101 782 5163 eadem
811 5101 978 5179 Praelatio,
1014 5102 1052 5164 de
1083 5121 1143 5182 quo
1172 5103 1260 5164 silent
1288 5103 1471 5169 Nestoriani.
1523 5105 1661 5167 Canones
1689 5106 1805 5185 accepti
1832 5112 1901 5166 sunt
1928 5105 1958 5165 et

600 5197 741 5279 Synadali
764 5204 923 5264 autoritate
947 5202 1118 5264 confirmati.
1154 5202 1310 5266 Secundus
1333 5205 1465 5266 continet
1486 5204 1712 5284 Expositionem
1734 5204 1814 5284 tidei,
1836 5207 1866 5265 in
1889 5223 1957 5285 qua,

600 5316 667 5360 cum
689 5298 801 5362 nullum
824 5301 1021 5365 Nestorianae
1044 5310 1095 5364 aut
1116 5301 1301 5364 Jacabiticae
1329 5303 1485 5366 doctrinae
1514 5303 1672 5383 vestigium
1695 5304 1956 5383 animadvertatur,
