5150 6534
624 829 698 902 ιιι
1053 783 1556 906 ιιιιίιιιιιιο

331 1031 361 1085 rn
378 1033 453 1086 reaia
474 1029 607 1082 rteaom-
725 1017 799 1090 XX.
814 1015 909 1104 Quod
921 1015 963 1087 de
975 1012 1101 1088 duabus
1116 1015 1231 1112 primis
1248 1014 1369 1086 dictum
1383 1023 1454 1102 est,
1470 1016 1531 1085 vir
1541 1014 1716 1110 quidquam
1732 1015 1765 1084 in
1782 1012 1988 1086 orationibus

298 1121 373 1172 ”imi
391 1117 514 1186 ΨΜ
533 1125 607 1169 ”⁰¹⁸⁰
622 1132 739 1228 quibus
773 1142 926 1206 constant
958 1134 1114 1228 reperiri,
1155 1129 1243 1226 quod
1283 1128 1325 1201 ad
1358 1128 1592 1201 Nestorianam
1624 1129 1779 1200 haeresin
1814 1130 1989 1224 pertineat,

300 1213 366 1258 ''m‘'
622 1249 664 1321 de
690 1253 752 1322 ista
779 1248 891 1322 ultima
916 1270 984 1319 non
1010 1249 1144 1319 omnino
1170 1269 1289 1318 verum
1316 1255 1376 1317 est.
1429 1245 1466 1316 ln
1494 1268 1534 1316 ea
1563 1247 1682 1341 quippe
1710 1247 1880 1334 oratione,
1907 1269 1990 1340 quae

620 1364 826 1438 Praefationi
858 1361 1056 1460 respondet,
1090 1361 1176 1433 haee
1210 1362 1373 1454 leguntur.
1434 1360 1695 1432 &militudinem
1721 1365 1816 1433 servi
1843 1364 1989 1456 aceepit,

619 1482 783 1552 leoninam
807 1485 996 1574 perfeetum
1023 1502 1068 1549 ca
1094 1481 1209 1547 aniana
1231 1475 1413 1563 rationali,
1440 1476 1647 1572 irrlcllipeale
1674 1485 1708 1548 el
1735 1478 1932 1564 immortali,
1957 1483 1989 1548 el

621 1619 769 1690 corpore
802 1596 939 1667 nrorlnli
967 1595 1148 1680 laconicam,
1185 1599 1219 1664 ei
1255 1595 1432 1683 conparauit
1459 1591 1549 1661 illum
1574 1592 1651 1682 sibi,
1678 1598 1854 1690 ualuitque
1880 1617 1990 1666 secam

621 1717 658 1783 in
682 1713 815 1805 plania,
847 1716 1021 1804 potestate
1054 1716 1088 1780 et
1123 1710 1263 1780 laeuone.
1316 1707 1410 1779 llaec
1446 1729 1527 1779 sane
1558 1709 1685 1801 verba,
1718 1713 1919 1808 praesertim
1946 1733 1991 1782 ex

623 1853 684 1900 ore
718 1828 1013 1912 Nestorianorum,
1054 1829 1251 1897 sententiam
1286 1823 1491 1896 catholicam
1524 1824 1656 1897 efficere
1688 1835 1877 1922 nequeunt,
1919 1849 1991 1898 curu

623 1948 779 2016 anienem
806 1966 904 2037 quam
931 1940 1121 2013 Ortlrodoxi
1154 1943 1354 2013 constituunt
1388 1943 1420 2010 in
1453 1943 1577 2010 unitate
1604 1964 1789 2037 personae,
1814 1939 1992 2040 Jacobitae

624 2064 807 2132 inanitate
842 2068 1000 2146 naturae;
1034 2056 1226 2129 Nestoriani
1261 2056 1303 2127 ad
1337 2055 1492 2145 honoris,
1525 2060 1718 2152 potestatis,
1755 2068 1788 2129 et
1823 2058 1993 2152 dignitatis

623 2180 825 2250 consortium
852 2175 1022 2262 reducant,
1048 2184 1083 2244 ut
1110 2173 1278 2269 explicant
1305 2172 1393 2244 illam
1420 2171 1512 2243 Elias
1531 2171 1730 2260 canelaus,
1758 2175 1887 2246 Amrus
1913 2175 1994 2248 dfa-

624 2293 712 2364 thaei
738 2292 835 2381 filiae,
863 2300 895 2362 et
922 2289 976 2361 alii
1004 2311 1143 2384 quorum
1168 2291 1355 2361 testimonia
1383 2287 1486 2358 refert
1502 2287 1718 2361 Ebnassalus.
1772 2289 1833 2362 llla
1862 2314 1994 2387 quoque

626 2408 806 2504 explicatio
834 2407 950 2478 iisdem
975 2404 1091 2478 uerbis
1118 2403 1239 2496 legitur
1272 2409 1305 2475 in
1332 2403 1531 2499 l’araplrrasi
1557 2405 1692 2477 Persica
1718 2404 1926 2478 Lectionarii
1954 2407 1995 2480 ad

625 2548 722 2596 asum
751 2522 1013 2595 Christianorum
1040 2520 1206 2611 PersidiS,
1240 2523 1293 2614 qui
1328 2529 1364 2591 ut
1398 2519 1571 2614 plurimum
1606 2519 1800 2593 Nestoriani
1836 2535 1929 2610 sunt,
1964 2533 1997 2594 et

626 2643 753 2735 passim
774 2639 861 2711 alibi.
914 2639 1028 2731 ltaque
1056 2641 1084 2710 si
1107 2641 1176 2729 jam
1205 2661 1224 2708 a
1250 2636 1397 2707 Nestorii
1426 2636 1561 2707 saeculo
1592 2635 1675 2708 haec
1708 2638 1793 2709 illius
1823 2637 1996 2712 doctrinae

625 2754 798 2828 confessio
827 2759 933 2826 sacris
959 2752 1114 2849 precibus
1143 2755 1265 2823 inserta
1293 2763 1363 2838 est,
1390 2754 1463 2842 ejus
1489 2754 1677 2847 opinionem
1703 2752 1847 2825 fideliter
1874 2759 1995 2852 expri-

625 2873 699 2942 mit:
728 2874 756 2941 si
784 2869 825 2941 ab
855 2874 926 2962 ejas
954 2867 1139 2964 discipulis,
1172 2877 1264 2964 pratet
1297 2889 1358 2939 ees
1392 2891 1411 2937 a
1439 2869 1589 2958 magistri
1615 2872 1666 2941 sui
1692 2891 1810 2940 errore
1837 2892 1908 2943 non
1934 2894 1995 2942 re-

474 3043 479 3054 .
625 2989 782 3076 cessisse,
810 2985 898 3081 quod
918 2984 1026 3056 multis
1053 2994 1179 3055 temero
1196 2987 1329 3054 nimium
1352 2985 1508 3077 seriptum
1530 2995 1594 3073 esi,
1622 2994 1655 3055 et
1674 2982 1716 3055 ab
1735 2985 1809 3057 aliis
1825 2984 1995 3058 creditum.
2067 3075 2069 3086 Ι

338 3111 467 3178 liturgiae
485 3111 545 3163 ittae
564 3126 612 3163 usu
730 3103 820 3174 XXI.
861 3100 994 3173 llabent
1025 3122 1126 3195 porra
1165 3108 1231 3170 tres
1263 3099 1341 3170 illae
1374 3098 1545 3190 Litargiae
1578 3111 1672 3174 netas
1701 3123 1819 3174 amnes
1846 3106 1997 3175 veritatis

304 3197 659 3335 ppppqquruacomuen-e,
686 3220 896 3313 antiquitatis,
927 3216 1044 3311 quibus
1071 3214 1158 3312 apud
1182 3215 1329 3287 eruditos
1356 3215 1481 3285 illarum
1507 3212 1683 3289 αὐθεντία
1709 3214 1847 3312 probari
1873 3228 1995 3314 potest,

400 3320 407 3335 ’
626 3358 722 3431 quam
750 3338 851 3406 etiam
877 3332 1115 3421 Ecclesiarum,
1143 3355 1228 3427 quae
1254 3331 1522 3423 Bagdadensium
1550 3329 1795 3406 catholicorum
1812 3334 1995 3408 Nosteria-

624 3476 688 3524 nae
716 3463 829 3524 sectae
856 3448 1117 3539 Pal-riarclmrqm
1146 3451 1310 3520 autoritati
1347 3445 1518 3539 subjectae
1545 3459 1637 3536 sunt,
1665 3460 1720 3520 aut
1747 3451 1825 3523 olim
1854 3452 1995 3534 fuerunt

623 3591 703 3640 usus
731 3567 912 3639 consumat.
968 3565 1086 3660 Neque
1121 3568 1207 3637 enim
1241 3564 1283 3635 ad
1310 3564 1439 3636 Indicas
1467 3563 1637 3636 Ecclesias
1664 3588 1750 3659 quae
1783 3575 1862 3639 ante
1891 3589 1994 3640 anrros

625 3687 756 3754 circiter
783 3684 1004 3773 octingentos,
1032 3691 1087 3751 aut
1109 3679 1278 3768 fundatae,
1307 3691 1361 3750 aut
1388 3679 1430 3751 ad
1451 3679 1683 3752 Nestorianam
1703 3679 1859 3753 haeresin
1881 3692 1994 3754 trans-

626 3800 745 3870 ductae
773 3797 904 3868 fuerunt
931 3795 1074 3892 perferri
1100 3804 1254 3892 poterant
1280 3796 1393 3867 Officia
1421 3798 1508 3866 sacri
1544 3795 1666 3884 cultus,
1701 3819 1786 3891 quae
1814 3819 1883 3868 non
1913 3798 1994 3894 apud

626 3939 686 3987 ees
715 3936 799 4009 quos
827 3915 960 3985 l'atrmn
996 3922 1030 3983 et
1060 3913 1235 3983 Pastorum
1268 3911 1343 3984 loca
1378 3911 1544 3984 haubebant
1579 3923 1712 4007 recepta
1744 3934 1812 3983 non
1844 3912 1994 3987 fuissent.

631 4031 729 4117 Quod
757 4053 841 4100 rere
870 4032 1066 4100 mutationes
1093 4032 1208 4099 varias
1242 4051 1365 4124 passae
1394 4032 1458 4098 sint
1486 4028 1527 4098 ab
1554 4029 1731 4125 Episcopis
1758 4040 1815 4100 aut
1841 4030 1994 4102 Patriar-

632 4149 702 4219 elris
724 4147 800 4219 illae
824 4147 1009 4238 Litargiac,
1031 4155 1065 4216 ut
1086 4145 1256 4217 Censores
1282 4144 1430 4216 Lusitani
1455 4149 1740 4234 existimauerunt,
1766 4143 1868 4216 futilis
1890 4168 1995 4241 neque

628 4265 702 4336 ullis
737 4265 940 4354 argumentis
972 4262 1107 4333 fundata
1141 4266 1333 4354 conjectura
1369 4270 1438 4332 est:
1473 4284 1547 4332 nam
1581 4265 1613 4332 in
1646 4262 1767 4355 aliquot
1802 4259 1908 4350 facia,
1944 4264 1995 4356 qui

628 4382 818 4475 speciminis
845 4401 947 4448 cansa
975 4377 1015 4447 ab
1043 4377 1106 4448 illis
1134 4387 1343 4466 annotantur,
1370 4387 1405 4449 ut
1431 4387 1482 4448 est
1509 4378 1643 4450 diversa
1678 4378 1845 4472 expositio
1875 4399 1995 4450 sacra-

627 4519 699 4568 rum
726 4494 906 4568 verborum
935 4493 1055 4565 Christi
1082 4493 1233 4582 Domini,
1269 4492 1337 4564 falli
1371 4515 1432 4565 eas
1464 4496 1673 4589 perspicuum
1714 4502 1783 4580 est,
1819 4492 1997 4564 camillae

627 4612 791 4683 farinulae
819 4633 900 4706 quas
927 4612 1083 4681 novitatis
1110 4609 1342 4696 condemnant,
1372 4612 1618 4680 vetustissimae
1645 4612 1720 4695 sint,
1747 4617 1781 4679 et
1808 4609 1883 4680 aliis
1912 4631 1997 4682 con-

627 4727 764 4814 formes,
793 4727 834 4798 de
862 4749 999 4821 quarum
1027 4729 1228 4820 antiquitate,
1256 4736 1311 4796 aut
1337 4728 1526 4817 integritate
1549 4727 1781 4796 controversia
1803 4747 1886 4797 esse
1913 4725 1998 4796 nulla

629 4855 751 4938 potest.

327 4969 617 5037 itabanmrtesonnes
734 4960 840 5030 XXII.
895 4957 1058 5053 Quidquid
1092 4957 1134 5029 ad
1166 4957 1427 5029 constituendam
1458 4958 1627 5052 legitimae
1657 4956 1829 5048 Litargiae
1858 4956 1997 5029 formam

310 5053 771 5194 gfflffdfflffi‘idnfnecesse
798 5084 860 5160 est,
887 5078 919 5144 in
947 5074 1050 5145 tribus
1077 5073 1140 5145 illis
1167 5078 1326 5146 occurrit:
1362 5097 1470 5168 neque
1504 5077 1603 5162 enirn,
1629 5084 1664 5144 nt
1690 5072 1767 5146 alibi
1794 5073 1997 5170 explicatum

436 5182 443 5196 ’
631 5201 694 5278 est,
722 5193 890 5263 orationes
918 5194 1088 5284 praeviae,
1117 5201 1172 5260 ιιιιι
1200 5213 1285 5284 (puae
1312 5194 1533 5261 communioni
1559 5194 1807 5286 praemittuntur
1826 5189 1887 5260 vel
1914 5189 1998 5262 sub·

628 5308 825 5398 junguntur,
864 5318 977 5402 partes
1007 5309 1223 5379 necessariae
1256 5318 1347 5378 sunt:
1385 5317 1419 5378 et
1451 5309 1484 5377 in
1511 5306 1625 5378 eadem
1652 5304 1808 5379 Ecclesia
1835 5329 1907 5380 non
1933 5329 1999 5379 uno
