5150 6534
877 844 1113 923 nuooucru
1143 824 1492 922 mosnouoauu.
1793 836 1867 913 175

500 1031 705 1122 delictorum,
731 1035 1029 1128 remissionemque
1054 1042 1281 1128 peccatorum,
1308 1033 1519 1124 omniumque
1544 1028 1868 1124 praevaricationum

499 1158 702 1222 nostrarum:
730 1159 765 1221 ut
791 1152 891 1221 etiam
916 1147 957 1219 ad
977 1148 1120 1241 gloriam
1137 1150 1279 1221 nominis
1298 1151 1346 1219 tui
1365 1150 1483 1237 sancti,
1503 1157 1537 1218 et
1550 1144 1710 1236 unigeniti
1722 1142 1797 1214 Filii
1810 1144 1866 1214 tui.

505 1249 506 1252 ¹
596 1255 788 1335 Sacerdos.
840 1264 924 1336 Pax.

602 1380 764 1472 Populos.
816 1380 861 1452 Et
886 1403 971 1452 cum.

603 1494 788 1566 Sacerdos.
840 1497 983 1567 Domine
1008 1495 1102 1567 Deus
1129 1494 1264 1585 salutis,
1296 1498 1352 1589 qui
1383 1503 1521 1590 propter
1546 1514 1609 1565 nos
1635 1490 1735 1565 homo
1760 1492 1868 1567 factus

501 1631 560 1699 es,
592 1619 626 1680 et
652 1633 713 1705 per
739 1609 935 1683 sacrificium
961 1632 1127 1705 personae
1154 1622 1249 1699 tuae,
1282 1611 1422 1683 salvasti
1447 1631 1528 1681 nos:
1562 1606 1659 1682 salva
1691 1612 1870 1712 etiamnum

500 1747 564 1798 nos
591 1730 853 1821 acorruptione
879 1729 1081 1822 pemiciosa‚
1108 1737 1143 1798 et
1166 1727 1221 1798 lac
1247 1749 1310 1799 nos
1337 1725 1492 1822 templum
1519 1727 1644 1797 nomini
1665 1733 1721 1794 tuo
1742 1735 1869 1812 sancte,

502 1844 578 1936 quia
605 1841 746 1937 populus
774 1854 808 1915 et
831 1841 1020 1914 haereditas
1047 1855 1103 1915 tua
1130 1845 1260 1915 snmus:
1287 1853 1386 1938 teque
1414 1844 1510 1916 decet
1536 1841 1655 1932 gloria,
1681 1839 1806 1932 honor,
1837 1850 1871 1911 et

500 1968 651 2053 potestas
679 1983 754 2030 cum
779 1958 879 2031 Patre
906 1968 962 2030 tuo
990 1969 1025 2030 et
1050 1959 1174 2054 Spiritu
1201 1968 1257 2031 tuo
1284 1962 1366 2031 vivo
1395 1970 1428 2031 et
1454 1967 1582 2047 sancto,
1608 1978 1708 2048 nunc,
1735 1966 1798 2029 etc.

537 2151 541 2160 ,
604 2074 765 2167 Populus.
817 2075 937 2148 Amen.

604 2188 788 2261 Sacerdos.
842 2189 989 2261 Benedic
1016 2187 1178 2262 omnibus.

605 2306 792 2377 Diaconos.
835 2305 1036 2404 Benedicam
1061 2306 1249 2378 Dominum.

1081 2506 1313 2607 rrnrs,

923 2831 1456 2875 ψη
1535 2843 1538 2850 =

821 3182 1667 3334 instruuntur

574 3440 1801 3538 SANCTORUMAPOSTOLORUM

1101 3634 1271 3718 lllll'lll.

601 3848 689 3927 Mum
720 3868 766 3923 est
795 3859 939 3923 Codicum
968 3861 1055 3944 hujus
1077 3861 1232 3944 liturgiae
1263 3863 1442 3940 diversitas,
1473 3879 1550 3944 quae
1580 3881 1620 3924 ex
1650 3860 1874 3942 comparatione

500 3964 652 4026 rariorum
666 3963 938 4044 Manuscriptorum
954 3965 1109 4026 conciliari
1125 3967 1235 4047 nequit.
1279 3967 1458 4029 Versiouem
1480 3965 1700 4028 elaboravimus
1716 3963 1752 4027 ad
1766 3982 1874 4027 exem-

502 4062 585 4144 plar,
614 4061 695 4143 quod
724 4080 792 4123 cum
814 4080 851 4124 ea
872 4061 1009 4145 liturgia
1031 4081 1108 4143 quae
1131 4065 1251 4127 nominc
1275 4065 1440 4127 Duodecim
1461 4064 1678 4145 Apostolorum
1700 4071 1873 4125 sanctorum

502 4160 582 4224 edita
611 4160 724 4223 Rornae
754 4169 801 4223 cst
831 4163 861 4223 in
888 4161 1002 4224 blissali
1025 4161 1187 4229 Chaldaico
1211 4182 1322 4245 apag.
1346 4164 1398 4229 98.
1421 4163 1579 4244 usquead
1602 4162 1674 4226 105.
1697 4163 1770 4225 satis
1795 4180 1874 4226 con-

503 4261 602 4337 venit,
633 4262 690 4322 etsi
721 4259 750 4319 in
782 4259 857 4321 locis
887 4260 1033 4342 aliquibus
1058 4261 1190 4324 differat:
1221 4280 1282 4324 non
1313 4262 1371 4325 illis
1393 4262 1499 4342 modo,
1531 4278 1608 4341 quae
1630 4259 1873 4326 reformationem

501 4373 593 4438 passa
616 4366 702 4436 sunt,
731 4357 837 4420 sedin
861 4359 935 4421 aliis.
978 4359 1020 4422 At
1049 4360 1079 4420 in
1104 4359 1178 4425 Cod.
1202 4360 1287 4425 Colb.
1311 4361 1395 4425 3922
1419 4361 1477 4424 alia
1499 4370 1547 4423 est
1569 4358 1675 4423 eodem
1698 4361 1783 4423 titulo
1806 4381 1873 4424 cum

503 4455 617 4537 insigni
641 4457 822 4519 discrimine.
867 4457 952 4521 Unde
975 4457 1162 4522 manifestum
1193 4469 1239 4522 est
1262 4461 1371 4523 nullam
1394 4469 1444 4523 aut
1467 4460 1608 4543 exiguam
1630 4477 1699 4522 esse
1721 4462 1874 4523 titulorum

504 4553 603 4617 fidem.

594 4653 621 4715 1.
645 4654 752 4717 Forma
774 4654 934 4717 verborum
958 4654 1068 4719 Christi
1091 4658 1131 4720 ita
1155 4665 1187 4719 nt
1216 4677 1281 4721 eam
1304 4659 1464 4734 vertimus,
1495 4659 1606 4740 legitur
1627 4659 1658 4719 in
1680 4656 1792 4720 Codice
1814 4657 1871 4721 bls.

506 4755 627 4815 namin
650 4754 781 4817 editione
804 4753 947 4833 Romana,
971 4763 1003 4817 ut
1026 4757 1102 4819 aliae
1125 4765 1235 4821 mutata
1257 4765 1314 4822 est.
1358 4758 1392 4820 ln
1414 4759 1471 4820 hac
1493 4765 1580 4837 parte
1601 4757 1661 4819 duo
1684 4755 1874 4819 observanda

505 4860 590 4915 sunt:
614 4855 741 4934 primum
765 4853 844 4934 quod
867 4856 896 4915 in
919 4855 1020 4917 verbis
1044 4857 1084 4926 ad
1098 4857 1184 4937 panis
1204 4859 1461 4920 consecrationem
1483 4856 1711 4938 pertinentibus,
1738 4855 1873 4919 Christus

504 4949 605 5014 edisse
628 4971 667 5013 ex
689 4952 741 5015 illo
765 4953 882 5030 dicitnr,
905 4954 979 5014 utin
993 4956 1199 5035 sequentibus,
1222 4965 1363 5038 gustasse
1387 4957 1527 5019 calicem:
1551 4956 1630 5036 qued
1652 4957 1684 5017 in
1698 4955 1874 5037 Copticiset

505 5048 694 5113 Nestorianis
715 5051 859 5135 Litnrgiis
884 5051 1011 5133 legitur,
1041 5062 1073 5115 ut
1104 5055 1134 5115 in
1165 5053 1276 5134 aliquot
1300 5055 1431 5136 Syriacis
1453 5054 1635 5120 lacebiticis.
1678 5055 1727 5118 Ad
1750 5055 1875 5117 calicem

504 5150 598 5212 verba
628 5149 774 5213 dominica
802 5151 974 5213 reseruntur
998 5171 1039 5213 ex
1059 5152 1140 5214 Luca
1165 5153 1369 5237 Evangelista.
1415 5154 1480 5217 llcc
1505 5163 1550 5216 est
1573 5154 1786 5217 Testamentum
1807 5156 1875 5219 No·
1930 5196 1933 5204 ·

504 5266 575 5309 eum
596 5250 629 5310 in
650 5269 715 5311 mec
743 5253 906 5330 sanquine,
938 5269 1015 5332 qnae
1045 5249 1182 5313 fortassis
1204 5253 1281 5315 ratio
1305 5252 1359 5315 fuit
1382 5271 1436 5316 cur
1458 5253 1558 5316 Lucae
1578 5253 1609 5314 in
1632 5254 1745 5335 aliquot
1767 5274 1874 5317 exem-

506 5338 739 5427 plaribns'baec
769 5349 932 5430 Anaphora
962 5349 1116 5418 tribuatur.
1161 5351 1194 5413 ln
1216 5352 1273 5415 alia
1296 5352 1433 5434 ejusdem
1455 5353 1594 5433 nominis,
1616 5353 1758 5417 deficiunt
1780 5355 1874 5418 verba
