5150 6534
596 800 673 879 aco
928 770 936 782 '
1096 802 1455 881 nrronora

595 1012 707 1065 ramus
732 988 792 1062 tibi
806 987 960 1080 gloriam,
986 999 1020 1061 et
1032 987 1163 1061 laudem
1188 988 1350 1085 simulque
1374 993 1545 1083 unigedto
1569 989 1656 1064 Filio
1671 1001 1742 1079 too,
1766 999 1803 1063 et
1820 948 1964 1087 Spiritui

595 1115 653 1179 tuo
678 1107 888 1180 sancdssimo
913 1115 949 1177 et
972 1105 1075 1178 bouo.

608 1237 618 1249 ‘
697 1221 882 1293 Sacerdos.
933 1218 1008 1292 Pax
1033 1221 1133 1294 vobis
1159 1221 1320 1295 omuibus.

698 1334 858 1431 Populus.
909 1335 954 1408 lit
979 1360 1053 1409 cnm
1079 1339 1197 1433 spiritu
1222 1346 1290 1409 tuo.

698 1453 886 1525 Dincom.
910 1452 999 1525 Date
1023 1475 1152 1549 pacem.

696 1565 857 1662 Populus.
908 1570 1058 1661 Dignare
1083 1569 1236 1641 Domine,

696 1686 885 1757 Diocom
937 1683 1055 1780 Capita
1081 1707 1196 1757 coram
1222 1684 1366 1758 Domino
1391 1683 1595 1757 inclinemus

690 1800 858 1893 'Populea
912 1798 1036 1872 Geram
1063 1812 1097 1873 te
1122 1800 1277 1873 Domine.

697 1914 881 1987 Socerdm
932 1915 1076 1988 Domine
1092 1938 1148 2010 qm
1139 1916 1258 1988 solus
1283 1915 1392 1989 bonus
1418 1914 1640 2004 es‚etd1ves
1659 1914 1831 2003 donmum
1856 1913 1966 1989 lem

596 2054 660 2126 que
685 2028 872 2103 uberrimus
904 2033 1046 2104 omnium
1071 2030 1354 2118 benedictionum,
1392 2029 1526 2102 demitte
1560 2029 1734 2103 dexteram
1765 2039 1860 2103 tuam
1889 2053 1964 2127 po-

593 2156 735 2235 tentem,
774 2157 809 2218 et
840 2145 982 2219 benedic
1016 2150 1114 2239 agnis
1147 2169 1295 2242 pesenae
1326 2155 1422 2235 turae,
1456 2148 1512 2241 qui
1543 2168 1658 2219 coram
1691 2149 1871 2239 majestate
1903 2156 1964 2232 tua

593 2262 805 2350 inclinentur,
833 2261 1022 2334 concedens
1047 2261 1111 2334 illis
1143 2265 1373 2336 remissionem
1408 2283 1525 2333 eormn
1557 2284 1643 2356 qnae
1675 2264 1835 2357 iniquae
1859 2260 1963 2334 nobis

595 2381 773 2451 commissa
800 2388 891 2469 sunt,
916 2388 962 2449 nt
976 2400 1051 2449 oum
1076 2381 1218 2472 puritate
1245 2382 1376 2450 animae
1401 2386 1437 2448 et
1461 2381 1614 2472 corporis
1628 2379 1796 2464 castitate,
1822 2375 1962 2448 relere-

594 2517 668 2566 mns
695 2495 753 2567 tibi
785 2494 927 2584 gloriam
961 2516 1035 2566 cnm
1069 2515 1158 2566 voce
1192 2496 1373 2585 gratiarom
1406 2495 1567 2583 actionis,
1602 2502 1637 2566 et
1668 2495 1839 2585 unigenito
1873 2492 1962 2565 Filio

595 2618 670 2701 tuo,
697 2619 732 2682 et
757 2609 891 2704 Spiritui
918 2618 1034 2682 sancto
1060 2620 1137 2696 tuo,
1165 2620 1227 2680 etc.

699 2726 859 2819 Populus.
912 2728 1030 2799 Amen.

698 2841 882 2914 Sacerdos.
934 2842 1026 2913 Deus
1057 2840 1416 2935 incomprehensibilis,
1458 2852 1492 2912 et
1525 2838 1698 2912 ineffabilis
1740 2843 1836 2932 cnjus
1876 2859 1961 2931 erga

596 2958 747 3030 homines
775 2979 915 3030 amora
949 2960 1110 3027 creaturis
1137 2958 1200 3028 tuis
1228 2955 1462 3052 comprehendi
1496 2977 1563 3027 nou
1588 2965 1718 3051 potest,
1751 2958 1873 3050 quique
1899 2977 1961 3051 per

596 3077 827 3145 miserationes
854 3083 927 3144 tuas
961 3083 1132 3159 aeternas,
1158 3074 1361 3163 unigenitum
1396 3070 1514 3143 Filium
1546 3080 1636 3144 tunm
1667 3072 1785 3143 misisti
1818 3069 1861 3142 ad
1896 3093 1959 3143 sa-

595 3188 698 3260 lutem
722 3191 882 3274 universi,
909 3197 944 3258 nt
970 3209 1070 3260 ovem
1098 3209 1184 3281 quae
1210 3185 1378 3258 ceciderat
1409 3196 1443 3258 et
1468 3183 1704 3273 oberraverat,
1736 3185 1959 3259 alamiliari-

595 3314 664 3375 tate
690 3302 801 3391 beata,
827 3303 1028 3391 reduceres3
1063 3325 1107 3373 ne
1133 3325 1217 3393 ergo
1243 3302 1387 3374 Domine
1420 3306 1583 3398 respicias
1617 3300 1848 3397 turpitudinem
1880 3322 1959 3373 ser-

595 3442 716 3492 vorum
750 3419 963 3505 odiosorum,
995 3428 1028 3490 ct
1060 3417 1216 3513 populum
1256 3430 1344 3490 tuum
1378 3422 1487 3510 gratia
1526 3428 1562 3490 et
1598 3415 1861 3492 miserationibus
1897 3419 1959 3489 tuis

596 3540 725 3630 prives,
752 3544 809 3605 aut
834 3543 968 3604 avertas
995 3532 1114 3604 faciem
1140 3544 1227 3605 tuam
1257 3559 1276 3607 a
1309 3533 1496 3607 nobishoc
1523 3545 1691 3632 tempore,
1718 3555 1784 3629 quo
1811 3532 1871 3605 tibi
1897 3554 1959 3604 sa-

598 3649 755 3721 crificium
787 3646 935 3719 terribile
970 3660 1003 3720 et
1034 3651 1239 3722 incruentum
1270 3649 1447 3722 oderimus.
1498 3650 1577 3723 Nou
1618 3652 1706 3722 enim
1740 3647 1961 3721 abundantiae

598 3764 761 3838 bonorum
788 3786 925 3859 operum
952 3764 1166 3850 confidentes,
1193 3767 1352 3838 audemus
1378 3776 1522 3838 tractare
1552 3768 1711 3861 mysteria
1743 3776 1799 3837 tua
1833 3773 1962 3850 sancta,

599 3881 660 3952 sed
686 3879 889 3951 multitudine
915 3880 1160 3951 misericordiae
1187 3891 1263 3952 tuae
1289 3881 1378 3969 freti,
1405 3882 1633 3976 deprecamur,
1661 3893 1695 3953 et
1711 3884 1854 3977 petimus
1880 3903 1901 3951 ιι
1927 3890 1962 3951 te

598 3996 751 4081 Domine,
777 4005 815 4066 ut
841 4016 907 4067 nou
934 3992 977 4065 ad
1003 3996 1309 4069 condemnationem
1336 4006 1371 4067 et
1400 3996 1629 4070 confusionem
1660 3998 1717 4069 liat
1747 3994 1846 4069 nobis
1879 4019 1963 4092 my-

599 4115 734 4185 sterium
766 4109 831 4182 hoc
869 4109 1004 4197 salutis,
1038 4112 1098 4183 sed
1136 4112 1178 4182 ad
1218 4115 1450 4184 remissionem
1481 4124 1714 4208 peccatorum,
1755 4120 1790 4181 et
1827 4112 1964 4182 veniam

599 4230 743 4300 omnium
769 4228 972 4319 iniquitatum
999 4236 1204 4300 nostrarum:
1231 4233 1460 4324 pergratiam
1485 4233 1718 4319 miserationis,
1752 4237 1788 4298 et
1812 4248 1966 4299 amorem

600 4366 681 4435 erga
709 4340 870 4427 homiues,
898 4344 1057 4432 unigeniti
1084 4342 1157 4414 Filii
1184 4348 1246 4434 tui,
1282 4366 1357 4417 oum
1388 4369 1453 4441 quo
1488 4344 1633 4419 laudaris
1665 4350 1698 4418 in
1729 4341 1828 4417 coelo
1864 4354 1903 4415 et
1933 4345 1969 4416 in

599 4469 701 4548 terra,
729 4479 802 4528 cum
830 4455 954 4549 Spiritu
981 4465 1038 4529 tuo
1065 4462 1284 4531 sanctissimo.

702 4573 889 4643 Diaconos.
917 4570 1050 4644 Stemus
1076 4573 1242 4646 decenter.

701 4688 863 4780 Populcu.
916 4685 1175 4761 Misericordiae.

701 4803 885 4875 Sacerdos.
938 4800 1077 4876 Caritas.

701 4920 863 5012 Populea.
915 4915 959 4986 Et
984 4940 1058 4991 oum
1084 4925 1198 5017 spiritu
1223 4930 1292 4995 trro.

703 5034 886 5107 Sacerdos.
939 5030 1078 5108 Smsnm
1104 5037 1216 5110 corda.

655 5188 656 5192 =
704 5151 863 5243 Populos.
918 5146 1087 5224 Habemus
1114 5152 1156 5224 ad
1182 5155 1368 5227 Dominum.

704 5268 887 5339 Sacerdos.
915 5258 1046 5340 Gratias
1074 5291 1212 5362 agamus
1238 5270 1392 5342 Domino.
