5150 6534
950 803 1643 919 aldonralnlonar.
1904 834 1980 915 aas

720 1028 905 1100 Sacerdos.
959 1029 1239 1123 Quotiescumque
1265 1030 1366 1120 igitur
1392 1025 1631 1101 manducabitis
1657 1049 1776 1123 panem
1809 1026 1915 1117 bunc,
1950 1037 1986 1100 et

616 1143 754 1216 cadcem
781 1142 868 1218 bunc
894 1145 1032 1236 bibetis,
1059 1153 1200 1218 mortem
1227 1154 1261 1216 et
1287 1147 1567 1217 resurrectionem
1593 1164 1702 1214 meam
1733 1163 1983 1216 commemora-

614 1259 710 1349 bitis,
738 1259 845 1333 donoc
871 1264 1013 1333 veniam.

719 1375 880 1469 Populus.
933 1376 1052 1450 Mortis
1079 1387 1165 1449 tuae.

719 1490 902 1563 Sacerdos.
954 1492 1142 1564 Secundum
1170 1491 1378 1586 praeclaram
1415 1502 1501 1563 tuam
1537 1490 1744 1563 traditionem
1775 1491 1983 1577 dominicam,

615 1629 718 1703 super
742 1605 806 1680 boc
832 1608 1027 1681 sacrificinm
1055 1611 1231 1704 mysticum
1257 1617 1292 1679 et
1318 1607 1483 1694 divinum,
1510 1610 1703 1679 memoriam
1731 1609 1861 1700 agimus
1884 1610 1983 1680 totius

613 1721 742 1818 periodi
768 1722 1023 1819 dispensationis
1049 1733 1147 1807 tuac,
1174 1744 1236 1819 pro
1263 1720 1380 1796 nobis:
1408 1726 1636 1818 conceptionis
1664 1732 1760 1812 tuae,
1796 1731 1830 1794 et
1855 1724 1982 1794 nativi·
2070 1754 2073 1765 ·

612 1836 704 1911 aas·
724 1849 802 1911 tuae
836 1862 883 1911 ex
914 1838 1055 1931 Virgine
1089 1840 1235 1935 Deipara
1266 1839 1389 1910 illaria:
1426 1838 1579 1934 baptismi
1615 1841 1660 1909 tui
1693 1841 1727 1909 in
1761 1836 1927 1926 Jordane,
1962 1860 1983 1915 a

612 1954 746 2027 Joanaa
770 1976 992 2050 praecursore
1017 1966 1093 2045 tao:
1119 1957 1284 2049 passionis
1311 1965 1346 2026 et
1370 1956 1487 2027 mortis
1514 1965 1591 2026 tuae
1606 1953 1833 2027 voluntariae:
1861 1953 1982 2048 sepul-

599 2080 710 2144 ,urae
736 2079 813 2141 tuae
848 2080 882 2142 et
912 2074 1167 2143 resurrectionis
1201 2080 1277 2142 tuae
1313 2069 1356 2140 de
1386 2054 1565 2164 sepulcro,
1605 2081 1682 2165 post
1713 2073 1841 2142 tertium
1877 2069 1982 2159 diem:

611 2188 833 2258 Ascensionis
860 2197 937 2257 tuae
962 2168 1150 2279 gloriosae,
1177 2194 1210 2258 et
1236 2188 1398 2258 sessionis
1425 2186 1622 2277 magnificae
1648 2196 1726 2256 tuae
1752 2185 1794 2257 ad
1808 2185 1982 2257 dexteram

611 2300 721 2374 Patris
747 2306 802 2374 tui.
853 2302 983 2375 Rursus
1010 2307 1202 2377 memoriam
1230 2305 1360 2393 agimus
1388 2299 1550 2373 adventus
1586 2305 1631 2372 tui
1658 2301 1820 2373 tremendi
1845 2311 1879 2372 et
1904 2299 1982 2373 for-

612 2417 757 2490 midandi
784 2441 805 2490 e
831 2418 948 2507 coelis,
976 2418 1107 2514 quando
1133 2416 1338 2490 revelabitur
1364 2417 1471 2510 gloria
1498 2420 1681 2509 majestatis
1707 2427 1797 2506 tnae,
1829 2420 1981 2512 supernis

612 2532 708 2604 simul
745 2543 779 2605 et
808 2535 944 2623 intimis:
975 2535 1106 2629 qnando
1134 2534 1293 2607 excitabit
1319 2533 1428 2604 valida
1455 2556 1527 2604 vox
1558 2542 1613 2604 tua
1641 2554 1756 2607 omnes
1784 2545 1932 2606 mortuos
1960 2557 1990 2610 e.

612 2647 784 2742 sepulcris,
813 2650 939 2746 absque
959 2654 1191 2746 corruptione:
1220 2649 1351 2745 quando
1366 2653 1398 2719 in
1425 2652 1504 2740 igne
1529 2670 1688 2721 secernas
1702 2652 1812 2741 justas
1840 2648 1880 2721 ab
1908 2654 1980 2721 ini-

614 2767 699 2859 quis,
722 2774 757 2836 et
771 2764 886 2838 fideles
907 2764 949 2837 ab
973 2765 1171 2857 infidelibus,
1195 2788 1405 2860 veracesque
1421 2788 1439 2835 a
1453 2763 1683 2837 mendacibus:
1706 2766 1836 2860 qnando
1852 2765 1981 2862 pudore

524 2935 527 2940 .
611 2878 854 2953 confundentur
878 2881 1015 2970 Judaei,
1049 2886 1103 2978 qui
1130 2894 1163 2953 te
1190 2881 1443 2969 cmcilixerant,
1484 2889 1517 2951 et
1543 2879 1785 2952 confundentur
1818 2881 1981 2972 infideles,
2079 2954 2083 2961 ,

612 2997 668 3090 qui
694 3005 728 3067 te
755 3006 1001 3070 contemserunt
1034 3010 1070 3071 et
1102 2997 1276 3071 tabescent
1307 2996 1484 3083 haeretici,
1513 3000 1567 3091 qai
1595 3006 1627 3067 te
1655 2997 1859 3068 contumeliis
1891 2997 1980 3070 alle-

611 3123 743 3184 cemnt:
782 3112 913 3208 quando
949 3114 1157 3186 laetabuntur
1192 3117 1272 3207 justi
1312 3117 1367 3207 qui
1404 3122 1437 3183 te
1473 3111 1673 3199 dilexerunt,
1716 3123 1750 3184 et
1785 3111 1980 3186 exultabunt

610 3225 726 3300 Sancti
752 3232 808 3323 qai
834 3240 868 3300 te
895 3240 1108 3303 amaverunt:
1134 3229 1324 3323 laetitiaque
1352 3238 1385 3299 et
1400 3227 1523 3319 gaudio
1545 3226 1795 3299 cumulabantur
1813 3227 1979 3322 praeclari

612 3340 659 3414 illi
685 3345 767 3432 viri,
803 3348 858 3440 qui
892 3345 950 3417 tibi
985 3345 1220 3419 adhaeserant:
1249 3344 1379 3439 quanda
1401 3343 1515 3446 'gloria
1550 3342 1682 3416 ornabis
1714 3340 1919 3439 Prophetas,
1947 3355 1981 3416 et

610 3458 795 3555 Apostolos
822 3482 924 3557 super
950 3461 1086 3534 thronos
1113 3461 1242 3553 gloriae
1269 3458 1470 3545 collocabis,
1497 3459 1731 3555 Martyresqne
1765 3469 1799 3530 et
1826 3457 1979 3534 Coales-

611 3594 709 3647 sores
736 3577 928 3649 coronabis:
956 3578 1086 3672 quanda
1114 3577 1273 3649 Pastores
1301 3588 1335 3648 et
1360 3575 1527 3648 Doctores
1551 3574 1766 3649 0rthod0xos
1782 3574 1867 3648 stola
1893 3574 1977 3669 glo-

609 3690 692 3766 riae*
706 3691 844 3782 indues,
858 3695 1106 3788 solitariosqne
1133 3703 1167 3764 et
1191 3692 1371 3785 religiosos
1399 3691 1439 3762 ad
1466 3714 1615 3763 mensam
1641 3695 1737 3784 regni
1763 3696 1809 3763 tui
1836 3715 1977 3764 accum-

610 3801 693 3877 bere
714 3806 867 3899 jubebis,
895 3810 1119 3904 virginesque
1146 3819 1180 3880 et
1205 3809 1344 3905 pudicos
1371 3810 1405 3878 in
1431 3807 1606 3878 thalamum
1640 3807 1781 3879 lucidum
1809 3812 1904 3900 regni
1931 3811 1978 3881 tui

610 3920 818 3994 introduces:
846 3923 977 4017 qnando
1003 3925 1089 3997 filias
1117 3924 1278 3996 dexterae
1306 3925 1349 3996 ad
1374 3945 1513 4015 regnum
1540 3921 1692 4012 vocabis,
1719 3933 1753 3994 et
1777 3923 1864 3996 lilios
1891 3926 1977 3995 sinl-

611 4044 700 4108 strae
726 4040 760 4108 in
785 4037 971 4129 gebennam
998 4064 1084 4135 qaae
1109 4064 1177 4114 non
1203 4044 1424 4133 extinguitur,
1451 4063 1524 4111 cum
1551 4037 1684 4112 diabolo
1712 4048 1745 4109 et
1771 4042 1876 4135 copiis
1904 4044 1978 4132 ejus

611 4151 814 4226 amandabis.
865 4156 903 4226 ln
930 4156 986 4228 illo
1012 4168 1163 4252 tempore
1188 4158 1331 4230 Domine
1357 4157 1455 4252 plene
1473 4154 1784 4244 misericordiarum,
1813 4178 1878 4250 quo
1893 4154 1978 4228 haec

611 4272 720 4342 omnia
753 4271 980 4365 perficientur,
1014 4273 1189 4368 bonosque
1228 4297 1248 4344 a
1284 4270 1379 4344 malis
1419 4267 1611 4366 separabis,
1653 4294 1728 4343 cum
1769 4271 1884 4346 electis
1913 4275 1977 4347 tuis

609 4394 718 4458 statae
742 4408 823 4473 nos:
850 4373 923 4458 cnm
949 4387 1012 4459 illis
1039 4389 1165 4459 scilicet
1191 4392 1245 4483 qui
1271 4387 1482 4483 perfecerunt
1502 4387 1705 4458 voluntatem
1724 4398 1812 4460 tuam
1838 4410 1979 4461 numera

608 4523 691 4591 nos:
717 4523 792 4574 oum
817 4500 880 4574 illis
907 4506 962 4597 qui
987 4515 1080 4576 recte
1106 4504 1327 4576 laudaverunt
1351 4514 1404 4591 te,
1431 4506 1597 4594 conjunge
1623 4522 1701 4573 nos:
1729 4526 1803 4575 cum
1825 4499 1979 4598 illisqui

608 4616 886 4712 praedicaverunt
912 4630 945 4690 te
972 4621 1079 4691 Deum
1106 4622 1308 4690 incarnatam
1337 4617 1463 4712 absque
1496 4620 1737 4706 immutatione,
1773 4618 1869 4690 simul
1901 4640 1977 4688 cum

607 4732 705 4806 bonis
731 4733 898 4822 maribus,
925 4740 1087 4807 constitae
1113 4758 1193 4822 nos,
1221 4746 1254 4807 et
1280 4756 1354 4805 cum
1382 4736 1422 4804 iis
1450 4736 1505 4828 qai
1522 4731 1715 4828 placuerant
1732 4731 1790 4803 tibi
1805 4732 1976 4829 perlidem

609 4858 645 4920 et
670 4870 774 4944 opera
800 4846 906 4938 bona,
935 4849 977 4922 ad
1003 4872 1152 4922 mensam
1178 4849 1342 4923 banorum
1369 4852 1466 4941 regni
1492 4851 1539 4920 tui
1564 4869 1639 4919 cum
1657 4846 1828 4944 voluptate
1846 4847 1978 4921 colloca

609 4984 681 5035 nos.
733 4963 888 5037 Ecclesia
915 4975 970 5037 tna
996 4965 1140 5038 Domine
1166 4967 1259 5037 Deus
1293 4975 1411 5037 noster
1435 4963 1536 5038 Jesus
1571 4959 1716 5052 Cbriste,
1752 4986 1838 5059 qnae
1872 4964 1979 5037 credit

607 5089 748 5151 mortem
775 5091 810 5152 et
835 5086 1114 5153 resurrectionem
1140 5088 1247 5167 mam,
1276 5091 1310 5152 et
1336 5080 1453 5154 adorat
1479 5101 1612 5151 crucem
1634 5090 1741 5168 mam,
1768 5079 1977 5172 gemebunda

610 5193 808 5291 deprecatur
833 5205 867 5266 te
893 5218 955 5291 pro
982 5197 1032 5267 his
1059 5196 1231 5285 omnibus,
1259 5207 1293 5268 et
1318 5196 1452 5269 Patrem
1478 5206 1567 5268 tuum
1593 5193 1717 5266 dicens.

714 5308 875 5403 Populus.
922 5311 1097 5387 Miserere.
