5150 6534
596 865 673 940 626
1097 867 1456 943 nilotidis

592 1053 680 1124 bciat
705 1052 876 1126 nobiscum
903 1058 1044 1146 gratiam
1072 1077 1167 1126 suam
1194 1053 1406 1150 spiritualem.
1460 1053 1497 1124 ln
1530 1051 1693 1124 mentibus
1723 1053 1854 1124 vestris
1882 1073 1969 1147 pre-

594 1172 713 1240 camini
738 1191 856 1265 pacem
881 1171 1053 1242 nobiscum
1080 1169 1242 1244 omnibus.

961 1445 1137 1517 Sacerdos
1162 1447 1248 1515 dicit
1273 1445 1364 1515 banc
1393 1445 1600 1516 Orationem,

696 1632 838 1704 Domine
864 1633 956 1705 Deus
982 1637 1159 1705 miserator
1184 1646 1218 1706 et
1243 1636 1435 1705 misericors
1463 1645 1495 1704 et
1522 1633 1687 1720 clemens,
1719 1655 1807 1704 nunc
1836 1634 1971 1726 incoepi

593 1749 683 1844 loqui
709 1771 824 1820 coram
852 1758 902 1835 te,
929 1771 996 1841 ego
1022 1750 1144 1844 pulvis,
1171 1761 1342 1845 peccator,
1371 1749 1511 1821 imbellis
1524 1759 1558 1821 ct
1585 1773 1722 1846 pauper,
1750 1772 1832 1820 reus
1853 1772 1970 1822 coram

593 1876 627 1936 te
653 1888 700 1936 ex
726 1874 822 1934 utero
849 1868 961 1935 matris
988 1887 1095 1951 meae,
1123 1868 1320 1960 peregrinus
1349 1888 1369 1936 a
1395 1866 1509 1952 vulva,
1538 1877 1769 1959 transgressor
1796 1891 1817 1937 a
1847 1870 1970 1936 nisce-

593 1979 686 2052 ribus
712 1983 825 2051 matris
851 2001 957 2050 meae.
1010 1981 1173 2052 lliserere
1199 1985 1277 2068 mei,
1304 1982 1457 2068 Domine,
1485 2004 1547 2077 per
1573 1982 1839 2055 misericordiam
1868 1993 1970 2060 tuam,

593 2105 627 2166 et
653 2095 738 2166 edue
765 2118 819 2166 me
845 2095 888 2166 de
914 2100 996 2167 mari
1032 2096 1224 2167 delictonrm
1256 2120 1319 2192 per
1352 2098 1560 2170 clementiam
1588 2109 1691 2170 tuam:
1727 2097 1815 2169 educ
1845 2119 1899 2168 me
1927 2096 1971 2166 de

593 2211 721 2309 abysso
748 2221 960 2306 poeoniorum
987 2235 1135 2283 meorum
1163 2236 1224 2308 per
1249 2212 1487 2307 benignitatem
1516 2225 1627 2286 tuam:
1654 2237 1735 2285 sana
1761 2215 1879 2285 ulcera
1908 2215 1970 2282 vi-

594 2331 713 2400 tiorum
741 2351 900 2415 meonrm,
928 2337 962 2399 et
987 2329 1105 2425 plagas
1133 2329 1333 2401 ollensarum
1361 2354 1521 2420 mearum,
1549 2343 1582 2403 tu
1604 2331 1818 2402 confirmator
1844 2341 1877 2400 et
1906 2352 1969 2400 sa-

593 2456 699 2517 nator.
752 2445 805 2515 Da
832 2445 908 2516 mibi
936 2455 971 2515 ut
997 2449 1144 2540 aperiam
1172 2469 1211 2517 os
1237 2469 1346 2518 meum
1374 2471 1487 2519 coram
1525 2458 1575 2536 te,
1603 2447 1804 2542 dignumque
1831 2469 1888 2516 me
1915 2445 1969 2516 lac

594 2573 628 2633 ut
655 2583 808 2632 moveam
836 2560 923 2633 labia
950 2585 1026 2632 mea
1052 2561 1138 2656 apud
1166 2573 1209 2632 te.
1263 2562 1423 2635 Concede
1450 2563 1525 2635 mihi
1553 2573 1588 2634 ιιι
1613 2563 1748 2658 placare
1775 2571 1809 2632 te
1838 2563 1969 2655 possim

593 2683 683 2748 eirca
709 2677 854 2748 nllensas
881 2700 995 2765 meas,
1032 2687 1065 2748 et
1091 2678 1133 2749 ad
1161 2679 1372 2751 obtinendam
1405 2684 1636 2751 remissionem
1663 2688 1898 2774 peccatorum,
1935 2688 1969 2747 et

593 2798 724 2865 veniam
751 2792 957 2880 delictorum,
985 2803 1019 2863 οι
1047 2793 1259 2866 abolitionem
1287 2795 1489 2867 macularum
1517 2819 1664 2866 mearum
1681 2795 1908 2889 propriarum,
1936 2803 1968 2863 οι

592 2920 805 3005 peccatorum
832 2931 948 2980 eorum
977 2912 1031 3003 qui
1059 2909 1134 2980 mihi
1161 2910 1286 2981 similes
1315 2920 1348 2982 et
1376 2914 1458 2983 socii
1486 2922 1574 2982 sunt:
1610 2922 1691 2982 uta
1725 2920 1756 2980 te
1784 2918 1901 3004 petam
1928 2931 1968 2979 ea

593 3049 678 3121 quae
711 3029 914 3095 conveniunt
946 3025 1107 3097 divinitati
1140 3034 1236 3113 tuae,
1272 3037 1305 3098 et
1338 3050 1424 3121 quae
1456 3026 1619 3122 postulari
1650 3025 1791 3097 debent:
1828 3027 1908 3120 quia
1935 3037 1968 3096 ιιι

593 3143 688 3214 dives
715 3141 903 3212 thesaurum
929 3140 1033 3213 babes
1062 3144 1116 3235 qui
1143 3165 1307 3236 nunquam
1336 3143 1465 3230 delicit3
1499 3143 1746 3236 ollemnturque
1781 3138 1839 3211 tibi
1878 3143 1967 3211 omni

593 3268 744 3351 tempore
770 3260 946 3353 petitiones
974 3258 1142 3348 diversae,
1170 3269 1204 3330 et
1231 3259 1467 3332 distribuuntur
1493 3258 1672 3330 seeundum
1689 3279 1748 3329 eas
1776 3266 1849 3327 ate
1879 3256 1968 3328 dona

594 3374 791 3445 abundantia
818 3372 945 3468 absque
973 3396 1120 3446 numero.
1172 3373 1226 3446 Ne
1252 3380 1408 3447 irascaris
1435 3374 1527 3458 mibi,
1555 3372 1717 3466 benigne,
1743 3382 1778 3443 et
1803 3372 1967 3464 longani-

592 3493 666 3580 mis,
694 3494 769 3584 quia
796 3511 862 3561 non
888 3489 963 3560 talis
999 3500 1051 3561 est
1083 3490 1159 3561 mibi
1186 3512 1298 3562 eoram
1335 3503 1367 3562 ιο
1400 3491 1538 3577 fiducia,
1573 3502 1609 3562 ιιι
1641 3488 1847 3562 confidenter
1882 3489 1962 3559 baec

594 3606 699 3677 dicam
727 3628 841 3677 corant
868 3609 1042 3697 majestate
1069 3618 1144 3678 tua:
1171 3628 1287 3678 verum
1308 3611 1440 3702 suscipe
1462 3631 1515 3678 me
1541 3617 1577 3677 ιιι
1604 3606 1682 3678 illud
1708 3604 1862 3690 audeam,
1891 3607 1964 3699 quia

593 3743 712 3792 unomen
741 3733 827 3793 tuum
855 3743 1011 3814 magnum
1039 3725 1228 3794 invocatum
1265 3733 1444 3818 estsuper
1477 3745 1539 3794 me.
1592 3725 1733 3817 Suscipe
1766 3719 1963 3792 sacrificium

593 3836 657 3908 boe
684 3860 729 3908 ex
755 3837 905 3909 manibus
932 3841 1014 3908 meis
1041 3838 1225 3910 imbellibus
1252 3860 1314 3934 pro
1349 3838 1473 3934 populo
1501 3849 1557 3911 tuo
1593 3849 1626 3911 et
1661 3836 1781 3909 ovibus
1816 3858 1965 3931 pascuae

594 3962 689 4024 tuuc:
716 3965 916 4049 quapropter
942 3957 1120 4045 gratiarum
1149 3958 1313 4026 actionem
1340 3955 1444 4027 reddo
1471 3959 1594 4026 nomini
1621 3965 1698 4041 tuo,
1725 3962 1759 4023 et
1787 3952 1965 4023 adoratio-

594 4091 669 4140 nem
697 4070 801 4140 ollero
829 4072 993 4160 majestati
1019 4080 1096 4141 tuae
1122 4070 1265 4142 Domine
1292 4052 1445 4143 omnium.

748 4345 923 4416 Socerdoc
950 4346 1035 4415 dicit
1060 4345 1149 4415 leone
1178 4345 1375 4416 Orationem
1401 4347 1634 4417 inclinationis
1658 4351 1805 4416 secrete.

695 4533 837 4606 Domine
865 4536 956 4605 Deus
982 4543 1122 4629 potens,
1149 4556 1309 4626 rogamus
1345 4543 1399 4623 le,
1434 4536 1687 4620 benedicentes,
1721 4542 1756 4604 et
1783 4532 1966 4604 adorantes

592 4672 704 4722 coram
732 4663 786 4739 te;
814 4661 974 4721 converte
1002 4662 1167 4721 errantes:
1195 4651 1338 4722 illumina
1359 4673 1421 4725 eos
1448 4654 1501 4745 qui
1528 4654 1649 4722 suntin
1676 4646 1847 4737 tenebris3
1876 4671 1966 4721 eon-

592 4765 685 4838 firma
712 4766 858 4837 debiles:
886 4769 981 4857 erige
1007 4767 1140 4861 laps0s;
1176 4766 1360 4839 corrobora
1395 4775 1539 4838 stantes:
1578 4776 1611 4837 et
1635 4775 1684 4836 'ea
1711 4787 1797 4860 quae
1826 4787 1966 4836 eonve-

594 4883 685 4954 niunt
711 4893 744 4954 οι
770 4881 859 4953 utilia
887 4890 971 4968 sunt,
1000 4883 1152 4955 omnibus
1169 4884 1311 4978 provide
1337 4906 1401 4978 per
1418 4886 1648 4954 miserationes
1676 4890 1759 4953 tuas.
1786 4880 1966 4973 Rogamus

594 5000 691 5068 etiam
719 5007 753 5067 et
780 4998 996 5092 deprecamur
1023 5009 1055 5069 te
1082 4997 1225 5070 Domine
1259 5011 1294 5071 ut
1320 5001 1508 5071 memineris
1540 4998 1583 5070 ad
1614 5003 1710 5070 istam
1744 4996 1968 5087 oblationem,

592 5111 736 5205 l'ntrum,
768 5113 792 5147 ¹¹
819 5113 1093 5202 Putriarclmrum,
1120 5115 1371 5210 Prophetarum,
1385 5114 1639 5211 Apostolorum,
1652 5115 1852 5210 Martyrum.
1867 5112 1970 5185 Con-

592 5225 770 5316 fessorum,
784 5230 977 5316 Doctorum,
992 5229 1245 5326 Episcoporum,
1260 5231 1490 5321 Sacerdotem,
1513 5234 1749 5317 Diacouorum,
1766 5240 1800 5301 et
1819 5235 1971 5303 omnium

593 5346 647 5435 qui
674 5347 851 5439 participes
879 5342 1009 5415 luerunt
1036 5348 1206 5417 ministerii
1233 5350 1354 5436 nostri,
1382 5351 1436 5443 qui
1470 5371 1515 5419 ex
1541 5346 1605 5421 boc
1631 5344 1768 5419 saeculo
1795 5344 1969 5434 abierunt,
