5150 6534
849 861 1026 941 ntoscottt
1051 861 1313 942 PblltlARGlltlE
1339 864 1602 943 AIEXAliDRlliI.
1830 864 1907 942 289

538 1048 763 1144 acquisivisti,
800 1046 957 1123 obsecrat
988 1061 1023 1122 et
1054 1051 1253 1146 deprecatur
1277 1062 1330 1140 te,
1365 1062 1400 1124 ct
1424 1052 1559 1125 Patrem
1585 1063 1674 1127 tuum
1700 1076 1763 1150 per
1787 1063 1840 1144 te,
1876 1064 1911 1127 et

541 1173 653 1236 tecum
681 1163 806 1237 dicens.
1013 1166 1174 1259 Populos.
1227 1165 1401 1240 Miserere.
1435 1200 1439 1206 ⁴

578 1304 581 1318 ²
645 1279 831 1351 Sacerdos.
883 1280 956 1353 Nos
983 1304 1125 1378 quoque.
1476 1288 1478 1291 ’

646 1395 816 1489 Popota.
862 1397 912 1468 'l'e
940 1392 1127 1472 adoramus.¹

492 1546 500 1556 ·
643 1503 831 1582 Dioccour.
886 1515 993 1598 Quam
1018 1513 1162 1586 timenda
1189 1526 1241 1588 cst
1266 1512 1351 1586 baec
1377 1512 1471 1587 bora.

644 1626 820 1699 Sacerdos
844 1628 1038 1717 inclinatur,
1065 1629 1150 1699 dicit
1175 1628 1430 1702 invocationem
1455 1628 1608 1722 Spiritus
1632 1630 1753 1698 roscii.

643 1742 788 1815 Domine
813 1748 930 1816 veniat
953 1744 1097 1840 Spiritus
1123 1756 1197 1817 tuus
1224 1756 1378 1835 sanetus,
1405 1749 1659 1840 requiescatque
1685 1745 1908 1838 pergratiam

541 1875 648 1949 nam,
675 1859 859 1932 sanctificet
885 1870 920 1931 at
944 1861 1093 1956 perficiat
1119 1861 1315 1934 sacrificium
1342 1861 1418 1947 boc,
1446 1859 1535 1956 quo'd
1561 1883 1677 1933 coram
1702 1855 1799 1930 uobis
1821 1851 1909 1953 pro*-

539 1977 691 2072 positnm
711 1985 792 2063 ast,
811 1984 847 2046 ct
863 1974 969 2048 uobis
995 1976 1074 2049 illud
1099 1977 1362 2073 purificationem
1390 1998 1468 2048 esse
1493 1975 1603 2048 iaciat.
1648 1975 1774 2046 Verum
1800 1995 1865 2047 nec
1894 1976 1910 2012 ⁴

539 2099 682 2187 propter
709 2113 814 2192 opera
839 2098 954 2163 nostra
982 2090 1116 2166 odibilia
1142 2096 1255 2189 prives
1281 2094 1438 2189 populum
1464 2101 1553 2163 tuum
1568 2090 1697 2163 fidelem
1714 2089 1802 2162 dono
1821 2112 1909 2162 coc-

539 2203 635 2278 lesti:
669 2205 729 2279 sed
761 2229 823 2302 per
856 2208 1087 2282 abundantiam
1120 2211 1249 2301 gratiae
1274 2219 1352 2280 tuae
1377 2206 1584 2302 mitteillum
1610 2204 1725 2292 nobis,
1753 2215 1788 2276 et
1813 2205 1908 2279 donis

540 2323 613 2394 suis
639 2321 761 2394 divinis
786 2344 850 2395 nos
877 2324 1014 2419 repleat.
1060 2323 1104 2396 Et
1120 2326 1204 2397 sicut
1219 2330 1252 2396 in
1269 2324 1444 2398 columbae
1462 2324 1576 2417 specie
1592 2326 1627 2393 in
1641 2321 1789 2393 Jordane
1806 2319 1908 2393 iluvio

540 2458 643 2533 super
667 2441 869 2531 unigenitum
896 2438 1015 2512 Erlium
1041 2451 1130 2512 tunm
1157 2443 1335 2535 requievit,
1369 2449 1402 2511 et
1434 2460 1536 2534 super
1561 2438 1747 2533 Apostolos
1774 2446 1908 2510 sanctos

539 2555 574 2624 in
599 2544 720 2645 linguis
746 2556 834 2645 ignis
862 2560 1031 2652 apparuit:
1058 2559 1108 2627 sic
1134 2554 1259 2628 habitat
1285 2566 1320 2627 et
1345 2559 1535 2650 requiescat
1554 2576 1655 2649 super
1674 2575 1736 2626 nos
1754 2563 1789 2625 et
1807 2575 1909 2649 super

521 2693 522 2696 ’
540 2667 729 2742 oblationes
757 2672 850 2741 istas.

644 2785 805 2878 Populos.
857 2786 990 2861 Exaudi
1016 2810 1079 2859 mc.

536 2949 539 2955 »
621 2899 828 2973 Sacerdos.
883 2901 927 2973 Ut
962 2903 1164 2990 adveniens,
1197 2923 1261 2996 per
1294 2906 1435 2994 gratiam
1471 2922 1583 2988 snam,
1622 2921 1743 2995 panem
1776 2900 1906 2995 quidem

535 3017 638 3089 istum
665 3015 788 3090 efficiat
813 3039 936 3114 corpus
964 3016 1086 3093 Christi
1111 3019 1176 3091 Dei
1200 3021 1316 3091 nostri.

535 3154 536 3158 ’
646 3132 809 3225 Populos.
861 3135 978 3206 Arnen.

643 3246 828 3319 Sacerdos.
879 3248 924 3320 Et
949 3252 1081 3323 mistum
1108 3248 1197 3345 quod
1224 3258 1276 3322 est
1300 3252 1334 3320 in
1355 3247 1420 3319 boc
1437 3248 1552 3335 calice,
1579 3245 1698 3317 ellioiat
1712 3251 1907 3339 sanguinem

542 3362 665 3437 Obristi
692 3365 756 3437 Dei
781 3368 897 3436 nostri.

610 3478 806 3572 ·Popoios.
858 3481 977 3553 Amen.
1383 3572 1386 3576 ἡ

591 3615 595 3623 ·
642 3593 826 3667 Sacerdos.
880 3594 924 3667 Ut
951 3599 1065 3691 quiin
1092 3594 1156 3668 boc
1183 3599 1342 3669 convivio
1372 3598 1606 3691 mysteriorum
1639 3597 1776 3667 istorum
1809 3595 1906 3664 vivi-

539 3708 706 3810 ficantium
733 3711 854 3806 epulati
880 3711 1057 3801 fuerimus,
1084 3722 1118 3782 et
1144 3733 1281 3805 quorum
1309 3714 1438 3783 animae
1466 3721 1500 3782 et
1526 3732 1669 3806 corpora
1702 3709 1906 3783 sanctificata

539 3823 681 3913 inerint,
707 3848 749 3897 ea
776 3845 842 3898 non
869 3829 901 3897 in
929 3826 1158 3899 confusionem
1185 3825 1388 3900 liantnobis
1414 3830 1658 3900 innovissimo
1685 3826 1757 3915 die,
1787 3825 1907 3899 sedin

540 3940 700 4027 salntem,
736 3951 769 4012 et
802 3941 991 4036 apologiam
1024 3964 1138 4014 coram
1172 3946 1346 4035 majestate
1379 3952 1453 4030 tua,
1489 3953 1523 4014 et
1548 3943 1645 4016 bonis
1674 3964 1759 4038 quae
1784 3946 1905 4014 imum-

537 4053 731 4150 pbaton'bns
759 4060 822 4127 tuis
848 4068 1024 4130 reservata
1050 4068 1137 4144 sunt,
1163 4057 1344 4129 inlumina
1370 4056 1582 4130 intellectuali
1608 4070 1677 4150 tuo,
1712 4060 1802 4150 digni
1828 4057 1905 4129 elli-
1999 4097 2000 4100 π

539 4172 680 4244 ciamur:
708 4194 769 4267 per
794 4178 948 4264 gratiam,
974 4177 1205 4247 miserationes
1233 4184 1266 4245 et
1292 4195 1440 4245 amorem
1467 4195 1548 4265 erga
1574 4172 1724 4247 homines
1747 4175 1906 4265 unigeniti

538 4285 614 4358 Filii
639 4290 697 4377 tni,
725 4298 759 4359 et
785 4289 925 4383 Spiritus
951 4293 997 4362 tui
1024 4292 1220 4363 sanctissimi
1247 4299 1281 4361 et
1307 4287 1396 4361 boni.

644 4404 805 4497 Populus.
856 4407 974 4479 Amen.

643 4517 819 4591 Sacerdos
853 4521 1045 4592 inclinatos.
1100 4520 1310 4595 Convertere
1336 4522 1479 4594 Domine
1505 4530 1539 4592 et
1564 4526 1696 4618 suscipe
1725 4523 1767 4594 de
1793 4525 1906 4593 mani-

540 4633 604 4706 bus
631 4639 753 4707 nostris
780 4636 1040 4731 peccatricibus,
1067 4636 1262 4709 sacrificium
1296 4636 1359 4709 boc
1394 4636 1482 4732 quod
1515 4637 1574 4708 tibi
1605 4660 1691 4710 nune
1726 4638 1904 4723 offerimus,

540 4771 606 4846 pro
632 4751 864 4844 tranquillitate
889 4751 1065 4824 Ecclesiae
1084 4762 1168 4824 tuae
1194 4762 1350 4840 sanctae,
1380 4775 1443 4849 pro
1476 4752 1626 4826 custodia
1653 4754 1793 4827 filiorum
1820 4756 1906 4845 ejus,

540 4874 575 4936 et
601 4865 804 4939 exaltatione
832 4867 1050 4940 Sacerdotum
1078 4872 1165 4960 eJns,
1198 4871 1379 4963 praecipue
1408 4891 1494 4942 vero
1526 4869 1700 4943 Pastorum
1732 4870 1907 4942 beatorum

542 4982 597 5075 qui
623 4979 722 5053 bodie
748 4982 791 5053 illi
817 4993 985 5078 praesunt,
1012 4989 1045 5055 in
1071 4984 1136 5055 lide
1163 4983 1361 5073 orthodoxa,
1387 4987 1421 5055 in
1437 4988 1551 5081 primis
1570 4994 1680 5056 autern
1694 4980 1906 5056 Patriarcbae

538 5100 647 5168 nostri
674 5098 806 5170 Domini
833 5099 873 5169 N.
908 5110 942 5170 et
967 5098 1108 5171 Domini.
1135 5098 1176 5171 N.
1210 5110 1245 5171 et
1274 5098 1434 5196 Episcopi
1467 5103 1572 5174 nostri
1602 5101 1644 5173 D.
1677 5100 1719 5173 N.
1751 5097 1905 5192 reliquo-

539 5232 679 5305 rumque
704 5212 947 5309 Episcoporurn
975 5214 1244 5303 orthodoxorum,
1280 5226 1317 5287 ut
1340 5219 1375 5287 in
1400 5220 1535 5312 pascuis
1562 5215 1802 5311 spiritualibus,
1829 5233 1905 5284 cum

510 5421 513 5425 Δ
539 5329 608 5398 vita
636 5328 757 5421 longa,
792 5341 827 5401 et
852 5330 1054 5427 temporibus
1081 5336 1227 5427 pacatis,
1260 5330 1388 5426 absque
1413 5332 1582 5429 hypocrisi
1606 5342 1747 5429 pascant
1771 5351 1846 5404 eam
1872 5337 1907 5398 et
