5150 6534
979 877 1008 953 S.
1042 875 1238 955 JbblllllS
1270 877 1611 955 Pittutlttottlt.
1900 881 1974 955 483

525 1147 537 1160 ,
607 1059 662 1133 clio
689 1072 797 1136 autem
831 1069 865 1136 in
890 1066 955 1137 boc
987 1065 1107 1136 munde
1135 1088 1329 1152 versamur,
1365 1088 1468 1162 parce
1502 1075 1534 1135 et
1568 1065 1642 1136 ‹lele
1674 1076 1814 1162 peccata
1848 1081 1976 1158 nostra,

607 1178 738 1252 occulta
765 1193 799 1253 et
825 1182 1010 1266 manifesta,
1037 1181 1224 1254 voluntaria
1252 1192 1286 1251 et
1313 1181 1543 1253 involuntaria.
1596 1183 1725 1253 lmrova
1753 1186 1879 1254 animas
1906 1207 1976 1255 no-

607 1305 695 1368 stras
723 1307 756 1368 et
790 1318 934 1392 corpora
962 1307 1094 1368 nostra:
1131 1300 1228 1368 visita
1262 1320 1325 1368 nos
1352 1319 1413 1391 per
1444 1296 1680 1388 benignitatem
1710 1310 1818 1387 tuam,
1847 1299 1977 1370 ellunde

607 1432 797 1506 supernos
824 1411 1031 1484 clementiam
1059 1424 1156 1483 tuam.
1209 1411 1343 1504 Adjura
1370 1436 1432 1483 nos
1460 1415 1689 1506 pergratiam
1717 1423 1815 1500 tuam,
1843 1413 1977 1485 laenas

605 1531 786 1622 pervenire
819 1527 861 1599 ad
892 1527 989 1598 linem
1017 1528 1169 1616 bonum‚·
1197 1531 1387 1621 exitumque
1420 1527 1602 1621 pacificum.
1655 1527 1857 1599 Demonstro
1893 1552 1976 1620 erga
2038 1600 2042 1606 ,

604 1664 668 1716 nos
695 1646 837 1734 granam
864 1652 964 1731 tuam,
992 1643 1086 1715 salva
1113 1667 1176 1715 nos
1204 1644 1409 1736 agehenna:
1433 1648 1567 1740 suscipe
1587 1668 1649 1717 uos
1668 1649 1852 1737 inregnum
1867 1655 1977 1732 tuum3

606 1757 839 1852 adjungeres
867 1763 1121 1850 congregationi
1148 1759 1345 1832 Sanctorum
1374 1772 1518 1832 tuorum:
1546 1766 1709 1833 constitue
1725 1784 1787 1832 nos
1816 1762 1858 1834 ad
1885 1760 1976 1831 dex-

606 1884 712 1945 teram
738 1876 919 1967 majestatis
948 1885 1034 1946 tuae.
1087 1874 1139 1946 Da
1167 1875 1263 1946 nobis
1292 1887 1326 1946 ut
1353 1899 1513 1947 exeamus
1529 1875 1758 1949 adoccursum
1786 1888 1874 1948 tuum
1902 1899 1975 1947 eum

605 2001 721 2086 aperta
747 1989 848 2080 faeie,
875 1998 911 2060 ut
937 1993 969 2060 in
996 1990 1058 2061 boc
1086 1995 1170 2062 sieut
1205 2002 1238 2062 et
1270 1995 1302 2062 in
1336 1992 1488 2089 omnibus
1523 1992 1727 2083 glorificetur
1761 2005 1794 2065 et
1824 1992 1976 2064 laudetur

604 2127 726 2178 nomen
753 2114 853 2190 tuum,
881 2109 1027 2176 maxime
1054 2105 1282 2179 honorandum
1311 2120 1342 2178 et
1370 2106 1592 2196 benedictum,
1620 2117 1680 2178 etc.

608 2209 611 2216 ⁴
707 2222 868 2314 Populea.
923 2220 975 2292 Ut.
1538 2205 1545 2220 „

708 2335 891 2408 Sacerdos.
945 2336 1028 2407 Pax.

676 2451 869 2544 'Populus
923 2452 966 2523 Et
994 2476 1067 2523 cum
1096 2455 1210 2546 spiritu
1234 2464 1299 2524 tuo.

708 2565 891 2638 Sacerdos.
944 2558 1135 2640 Benedictio
1163 2569 1227 2638 Dei
1250 2572 1301 2639 sit.

707 2681 868 2776 Populos.
921 2684 964 2757 Et
992 2709 1065 2755 cunr
1093 2686 1206 2779 spiritu
1235 2694 1300 2755 tuo.

708 2796 882 2870 Sacerdos
906 2803 1039 2894 [recepit
1067 2806 1100 2868 el
1126 2803 1248 2890 sipara.
1320 2798 1333 2811 ”

708 2913 887 2992 Diaconos
915 2917 999 2987 elicit
1027 2915 1246 2985 Colbolicurn.

844 3188 1019 3261 Sacerdos
1045 3190 1129 3259 ‹ttctr
1158 3191 1354 3260 Orationem
1381 3197 1461 3261 onte
1487 3189 1588 3259 Pater
1614 3200 1738 3278 noster.

705 3376 800 3449 Deus
826 3379 928 3450 Pater
955 3382 1010 3472 qui
1038 3382 1089 3449 vis
1117 3381 1217 3448 vitam
1247 3380 1400 3466 omnium,
1428 3382 1581 3473 princeps
1610 3388 1643 3448 et
1658 3380 1819 3449 Dominus
1842 3379 1971 3449 utrius-

603 3514 668 3586 que
694 3494 836 3581 saeculi,
864 3493 1049 3581 ineffabilis,
1077 3505 1109 3564 et
1136 3516 1202 3564 non
1228 3493 1489 3586 investigabilia,
1518 3497 1571 3589 qui
1598 3493 1728 3590 hprnnis
1762 3515 1829 3564 non
1857 3504 1969 3565 mate-

602 3607 739 3682 rialibus
765 3609 962 3702 glorificaris
991 3635 1010 3681 a
1037 3610 1178 3682 millenis
1207 3622 1240 3681 et
1267 3611 1379 3682 decies
1407 3610 1718 3700 millenisrlngelis3
1747 3612 1800 3703 qui
1828 3612 1968 3705 suscipis

602 3727 782 3810 orationes,
812 3738 844 3797 et
872 3726 964 3797 audis
993 3724 1256 3813 obsecrationes,
1285 3750 1363 3820 spes
1391 3750 1506 3797 eorum
1534 3728 1587 3819 qui
1609 3729 1874 3819 persecutionem
1901 3749 1969 3820 pa-

601 3842 738 3913 tiuntur:
765 3863 878 3913 eomes
905 3846 1175 3937 peregrinorum,
1203 3853 1318 3936 portus
1355 3852 1387 3913 et
1421 3846 1514 3936 quies
1551 3864 1664 3912 eorum
1700 3843 1753 3935 qui
1786 3843 1970 3932 jactantur;

602 3955 687 4028 altor
713 3981 911 4053 pauperum:
940 3958 1060 4029 ditator
1087 3980 1202 4028 eorum
1230 3961 1284 4051 qui
1312 3960 1544 4029 necessitatem
1571 3954 1710 4044 babent3
1748 3959 1884 4027 satiator
1910 3955 1969 4024 i-

602 4063 812 4161 mebrorum,
841 4076 960 4168 quique
987 4077 1073 4144 sitim
1102 4073 1220 4166 exples
1257 4095 1371 4142 corum
1408 4077 1461 4166 qai
1496 4095 1535 4142 ea
1576 4069 1747 4157 laborant,
1777 4072 1970 4143 consolator

603 4187 810 4276 alllictorum,
838 4189 1030 4283 pacificator
1057 4187 1306 4274 iracundorum,
1341 4191 1495 4257 inventor
1529 4185 1747 4281 perditorum,
1783 4210 1970 4259 conversor

602 4310 636 4374 et
662 4301 818 4374 reductor
845 4308 1041 4392 errantium,
1077 4303 1152 4374 lons
1181 4308 1348 4392 sanilam,
1382 4312 1415 4373 et
1449 4306 1617 4392 scaturigo
1655 4301 1873 4391 auxiliorum3
1907 4326 1969 4373 re-

600 4420 724 4490 missor
750 4419 962 4506 delietorum,
998 4429 1276 4515 peccatorumque
1310 4428 1501 4514 susceptor:
1540 4421 1594 4511 qui
1626 4420 1767 4512 suscipis
1801 4418 1969 4511 lacrymas

599 4535 846 4626 poenitentium.
900 4536 1077 4605 Fornrator
1112 4539 1311 4630 peritissime
1347 4538 1489 4604 onnrium
1518 4542 1760 4620 creaturarum,
1788 4537 1969 4603 animarum

600 4657 856 4744 etcorporum:
885 4654 939 4744 qai
966 4655 1190 4745 pergratiam
1220 4662 1309 4721 tuam
1337 4653 1557 4740 congenitam,
1586 4659 1619 4719 et
1636 4651 1969 4735 commiserationem,

531 4749 539 4760 ’
600 4749 718 4838 misisti
745 4767 863 4838 Filium
891 4777 978 4837 tuum
1007 4771 1039 4836 in
1068 4766 1238 4837 mundum:
1266 4770 1339 4860 ipse
1368 4777 1476 4836 autem
1505 4764 1660 4836 liberavit
1685 4788 1747 4836 nos
1776 4776 1969 4859 operculo,

535 4967 545 4981 χ
599 4892 708 4953 morte
741 4894 774 4953 et
806 4883 951 4970 Satara,
989 4882 1166 4976 docuitque
1199 4904 1260 4952 nos
1295 4875 1481 4953 vorationem
1516 4881 1731 4969 dominicam,
1764 4890 1798 4950 et
1825 4878 1969 4951 demon-

599 4999 717 5068 stravit
741 4996 838 5069 nobis
866 5001 955 5068 viam
982 4999 1081 5069 aritae.
1135 4997 1308 5086 Rogamus
1336 5008 1369 5067 et
1396 4998 1616 5091 deprecamur
1635 4998 1841 5087 majestatem
1868 5007 1969 5085 tuam,

598 5115 761 5206 propitius
795 5123 870 5185 esto
903 5124 936 5183 et
971 5117 1131 5182 miserere
1167 5112 1284 5199 nobis,
1322 5112 1426 5182 libera
1463 5134 1524 5182 nos
1560 5110 1601 5182 ab
1640 5110 1763 5181 invidia
1805 5120 1839 5180 et
1871 5110 1968 5199 odio;

599 5225 696 5298 salva
722 5251 784 5300 nos
813 5254 832 5300 a
861 5229 945 5301 dolis
973 5227 1114 5315 diaboli3
1148 5226 1318 5298 sarrctilica
1345 5231 1471 5299 animus
1499 5237 1532 5297 et
1562 5248 1706 5321 corpora
1733 5236 1864 5314 nostru,
1899 5248 1968 5319 pu-

598 5362 725 5437 rosque
752 5357 785 5416 et
811 5349 882 5416 sine
909 5343 1037 5415 macula
1064 5366 1127 5416 nos
1156 5343 1270 5434 effice,
1310 5354 1344 5414 ut
1371 5367 1444 5414 cum
1471 5346 1612 5438 puritate
1639 5344 1811 5437 corpora,
1839 5346 1968 5414 saucti-

636 5481 762 5525 romusrr.
1712 5461 1761 5533 64
