5150 6534
784 863 835 940 ιι
868 863 1170 940 ιιιιιιιιιι
1204 831 1485 940 stainans.
1770 862 1819 934 ao

445 1049 575 1130 prelatio
599 1048 701 1130 lingua
724 1047 843 1130 vulgari
866 1047 1008 1124 Arabica,
1031 1063 1108 1126 quae
1133 1047 1221 1108 lectio
1251 1045 1316 1107 lieri
1339 1053 1439 1125 potest
1463 1045 1500 1106 ab
1523 1045 1674 1109 inferioris
1698 1045 1819 1108 Ordinis

447 1147 584 1224 clericis,
603 1147 691 1227 juxta
715 1145 821 1227 cyrilli
844 1146 880 1210 ll.
914 1147 1104 1209 patriarchae
1132 1144 1330 1207 Alexandrini
1354 1144 1611 1209 constitutionem.
1664 1145 1818 1225 lnterpre-

446 1247 518 1308 tatio
541 1262 616 1308 vero
639 1245 798 1327 Evangelii
821 1245 934 1325 duplex
957 1253 1020 1307 est:
1052 1244 1176 1306 literalis
1204 1261 1262 1305 una
1291 1252 1322 1306 et
1344 1244 1490 1324 simplex,
1520 1244 1616 1324 qualis
1646 1244 1675 1304 in
1706 1244 1820 1322 aliquot

446 1343 601 1408 codicibus
615 1343 854 1422 Ordinationum,
879 1353 911 1406 ut
934 1345 963 1405 in
987 1346 1098 1424 optimo
1111 1343 1284 1404 Florentino
1298 1346 1461 1422 reperitur:
1476 1343 1569 1405 altera
1582 1342 1819 1424 paraphrastica,

445 1445 477 1506 in
502 1443 696 1506 llomiliarum
725 1442 853 1521 modum,
885 1460 963 1523 qnae
992 1444 1195 1526 singularibus
1232 1443 1314 1504 libris
1344 1445 1543 1505 continentur.
1593 1442 1705 1503 Extant
1732 1441 1819 1522 liujus

445 1542 568 1623 generis
591 1542 674 1604 multi
697 1544 727 1603 in
749 1542 953 1618 Bibliotbccis,
977 1551 1006 1603 et
1021 1543 1120 1620 talem,
1145 1543 1181 1603 ad
1198 1560 1283 1604 nsum
1299 1542 1455 1603 Ecclesiae
1475 1543 1619 1622 Syriacae
1634 1540 1819 1602 lacebiticae

445 1638 536 1702 babet
561 1640 746 1704 Bibliotheca
778 1641 991 1722 Segnieriana,
1027 1643 1077 1721 qui
1112 1642 1346 1702 corrtmuniorem
1373 1643 1495 1702 istarum
1526 1641 1817 1720 interpretationum,

447 1756 525 1822 quae
552 1741 726 1818 spirituales
752 1740 958 1820 appellantur,
993 1739 1118 1801 formam
1149 1759 1223 1821 prae
1254 1740 1378 1819 reliquis
1409 1740 1527 1801 videtur
1556 1738 1718 1801 exhibere:
1749 1756 1818 1800 narn

444 1839 644 1901 brevissimae
665 1845 750 1915 sunt3
774 1857 841 1901 cum
864 1838 932 1900 illae
955 1857 1031 1918 quiae
1055 1839 1092 1899 ad
1112 1838 1278 1899 Ecclesiam
1302 1837 1457 1918 Copticam
1480 1840 1631 1919 pertinent
1654 1838 1713 1899 sint
1735 1853 1818 1917 pro-

446 1937 583 1999 lixiores.

1016 2197 1246 2290 Ecrtnyyelinrn.
1867 2195 1896 2247 P.
1915 2195 1942 2250 9.

540 2408 593 2486 Ur
616 2418 695 2497 apud
720 2417 855 2498 Coptitas
879 2436 945 2479 cum
968 2419 1083 2500 anagnis
1108 2421 1306 2480 caeremoniis
1330 2418 1465 2480 delertur·
1488 2419 1524 2479 ad
1549 2418 1716 2481 arrabonem
1740 2418 1818 2479 liber
1867 2419 2003 2486 Evangelii
2028 2417 2142 2467 tertios

445 2522 689 2604 Evangeliorum,
713 2523 752 2582 ita
776 2521 842 2584 lieri
865 2523 944 2602 apud
968 2522 1062 2602 Syros
1086 2530 1214 2597 cornstat,
1238 2530 1268 2582 et
1292 2522 1320 2582 id
1344 2540 1360 2581 a
1384 2520 1508 2583 Graecis
1532 2530 1724 2600 acceperunt.
1749 2521 1816 2593 Quo
1830 2505 1969 2558 Sacerdote
1988 2503 2101 2568 Syriaco.

447 2623 507 2684 ritu
528 2621 559 2683 id
582 2638 599 2681 a
622 2618 748 2698 Coptitis
772 2621 965 2704 observetur,
994 2623 1163 2700 exposition
1192 2630 1239 2682 est
1262 2640 1302 2682 ex
1324 2620 1441 2681 illorum
1466 2621 1643 2703 Tlreologis,
1678 2623 1707 2682 in
1730 2621 1816 2682 Notis

446 2719 485 2782 ad
506 2719 631 2800 primam
654 2718 830 2799 Liturgiam‚
853 2720 904 2780 ubi
926 2720 1006 2782 illurn
1029 2719 1131 2803 μικρᾷ
1151 2706 1264 2799 εἰςόδῳ
1287 2720 1471 2780 Graecorum
1495 2721 1684 2800 respondere
1707 2720 1817 2782 dictum

445 2828 503 2897 esi,
526 2821 564 2881 de
587 2837 646 2899 qua
669 2818 786 2880 erudite
808 2819 941 2880 Jacobus
965 2819 1101 2882 Goarius.
1125 2819 1252 2902 Legitur
1275 2826 1374 2880 autern
1389 2819 1586 2900 Evangelium
1606 2838 1623 2880 a
1640 2820 1816 2895 Sacerdote,
1865 2831 1968 2887 Eiectat.
1985 2848 2010 2898 p.
2032 2828 2091 2877 iet.

445 2934 507 2978 non
530 2934 547 2977 a
567 2918 720 2979 Diacono:
751 2918 887 2996 quaervis
919 2918 988 2979 olim
1017 2920 1047 2979 in
1077 2919 1209 2998 Syriacis
1232 2919 1379 2981 Ecclesiis
1404 2938 1508 2980 nrunus
1532 2919 1752 2996 macenorum,
1784 2928 1816 2981 ut

447 3014 525 3094 apud
548 3034 616 3094 nos,
641 3017 800 3098 Evangelii
822 3016 911 3078 lectio
935 3017 1033 3079 suerii.
1058 3016 1089 3079 ld
1114 3019 1193 3080 enirn
1217 3019 1305 3080 docet
1328 3018 1509 3079 Constitutio
1527 3018 1661 3081 Rabulao
1674 3019 1816 3099 Episcopi

445 3113 592 3176 Edesseni
615 3125 670 3179 art.
685 3117 734 3178 70.
756 3116 939 3177 Sacerdotes
961 3119 1057 3196 legerit
1076 3117 1272 3197 Eeorrgelionr
1296 3117 1347 3177 obi
1367 3120 1559 3195 reperientur,
1582 3120 1710 3197 rtolliqoe
1733 3124 1820 3178 erunt

445 3213 585 3277 ὒίιιοοιιὶ.
631 3215 757 3291 Preces,
787 3222 818 3276 et
849 3214 993 3276 lormulae
1022 3216 1059 3276 ad
1089 3218 1316 3278 venerationem
1346 3215 1459 3276 codicis
1490 3217 1680 3299 Evangelia,
1704 3215 1816 3277 similes

446 3320 515 3374 suat
536 3313 566 3374 in
589 3315 726 3376 omnibus
749 3314 866 3391 ritibus,
889 3323 921 3375 nt
933 3333 1040 3394 nempe
1053 3315 1216 3378 Christiani
1228 3316 1278 3395 qui
1301 3315 1421 3390 adsunt,
1442 3333 1501 3376 non
1526 3315 1678 3377 auditores
1703 3323 1816 3376 tanturn

346 3469 351 3474 .
445 3413 516 3491 sint,
538 3413 593 3474 scd
616 3412 749 3476 factores
772 3413 951 3489 verborum,
975 3434 1053 3493 (puae
1077 3434 1116 3476 ex
1138 3416 1313 3496 Evangeliis
1335 3416 1510 3479 recitantur.

532 3513 603 3574 Post
626 3512 778 3594 Syriacam
802 3513 971 3591 lectionem,
996 3516 1073 3576 sieut
1096 3514 1260 3595 Epistulae,
1283 3515 1324 3575 itu
1347 3532 1469 3595 alnoque
1483 3513 1640 3597 Evangelii
1655 3514 1817 3576 vernacula
1864 3521 1952 3572 tectio
1979 3520 2092 3570 siaonia
2114 3518 2141 3568 sn

445 3611 536 3674 lectio
559 3613 660 3694 lingua
682 3612 814 3673 Arabica
838 3613 1018 3675 observatur
1041 3614 1187 3691 similiter,
1212 3622 1242 3675 ct
1264 3614 1375 3675 liabent
1396 3614 1466 3694 Syri
1480 3614 1669 3675 Lectionaria
1693 3605 1919 3693 propitiatusve
1938 3605 2046 3671 vulgari.

445 3711 592 3787 Arabica,
623 3709 660 3772 ad
688 3711 768 3773 bunc
790 3730 885 3773 usum.
919 3712 951 3772 ln
976 3713 1214 3791 l’ontidcalibus,
1245 3721 1275 3774 et
1299 3715 1474 3793 iprilnrsdarn
1496 3713 1561 3774 aliis
1585 3711 1667 3774 libris
1691 3729 1818 3791 quornm

445 3827 519 3870 usus
535 3810 726 3888 quotidianus
743 3818 874 3888 nonest,
898 3811 1075 3873 lectionibus
1099 3831 1175 3892 quae
1199 3814 1431 3889 interseruntur,
1448 3814 1550 3873 versio
1565 3811 1695 3873 Arabica
1711 3812 1817 3891 subjici

446 3907 540 3985 solet,
571 3917 603 3970 ut
630 3910 660 3969 in
691 3909 802 3989 optimo
833 3917 863 3971 et
886 3910 1006 3989 antiquo
1031 3911 1144 3973 Codice
1168 3912 1351 3973 Florentino.
1397 3912 1508 3973 Extant
1538 3929 1658 3991 tyrioque
1688 3909 1818 3972 Codices

446 4007 522 4068 varii
545 4007 696 4088 Epistulas
727 4015 758 4069 et
787 4009 953 4091 Evangelia
983 4011 1149 4072 secundnm
1178 4010 1400 4073 Dorrrinicarum
1429 4019 1459 4072 ct
1487 4010 1631 4072 festorum
1663 4009 1817 4086 Ordinem,

446 4112 479 4167 ut
501 4115 569 4168 sunt
592 4106 671 4187 apud
684 4105 818 4168 Graecos
842 4093 1208 4191 Ἀποσ-τολοειιαγγέλια.
1234 4111 1265 4170 ln
1289 4112 1425 4171 innantibus
1450 4109 1673 4190 exemplaribus
1687 4108 1817 4188 Syriacis

445 4203 523 4266 Novi
547 4205 729 4267 Testamenti
758 4213 879 4268 notatur·
909 4208 1029 4287 (parando
1060 4209 1195 4290 singulae
1227 4209 1382 4272 Sectlenes
1412 4211 1440 4270 in
1464 4208 1574 4270 Olllciis
1598 4209 1818 4269 Ecclesiasticis

444 4303 507 4385 legi
530 4304 670 4385 debeant,
695 4305 872 4387 illarumque
895 4307 1023 4368 indicem
1045 4315 1254 4387 repraesentat
1277 4309 1367 4370 editio
1391 4310 1533 4389 princeps
1558 4308 1747 4369 Viennensis.

774 4565 924 4638 Sanctus
948 4569 1045 4640 Deos
1070 4575 1208 4640 sanctos
1230 4573 1345 4661 fortis,
1373 4576 1436 4640 cic.
1866 4565 1895 4616 P·
1914 4567 1940 4618 l·
1958 4565 2042 4616 012⁰·

545 4773 676 4851 llrnxus
700 4794 747 4849 cst
770 4807 857 4869 quem
879 4790 972 4873 vulgo
998 4791 1165 4870 Trisupiam
1188 4791 1354 4871 appellant,
1386 4792 1436 4870 qui
1465 4792 1494 4851 in
1517 4792 1658 4851 universa
1681 4788 1818 4850 Ecclesia
1868 4786 2017 4854 trisagium.

446 4888 661 4952 celeberrimus
684 4899 740 4952 est.
785 4891 816 4953 ln
839 4891 943 4953 Latina
966 4901 1064 4955 tamen
1088 4912 1147 4954 ιιοιι
1171 4895 1279 4955 dicitur
1301 4902 1434 4973 praeter,
1459 4911 1546 4974 quarn
1570 4892 1662 4954 semel
1686 4894 1714 4952 in
1741 4911 1819 4953 anno

445 4985 533 5049 Feria
556 4989 605 5052 vi.
628 4990 751 5071 rnajoris
774 4989 991 5070 hebdomadae,
1014 4993 1103 5073 idque
1129 4994 1245 5055 Graece
1269 5001 1300 5055 et
1322 4992 1443 5071 Latine,
1468 5009 1528 5072 quo
1551 4993 1717 5073 peregrina
1741 4990 1819 5052 illius

446 5086 535 5170 origo
558 5088 754 5171 significatur,
779 5091 847 5170 quia
872 5092 1035 5153 secundum
1060 5093 1193 5155 Graecos
1216 5110 1314 5173 prope
1330 5110 1445 5169 omncs,
1468 5093 1497 5153 in
1512 5091 1650 5155 Ecclesia
1666 5090 1820 5153 Constan-

445 5187 643 5267 tinopolitano
666 5190 733 5250 cani
757 5191 857 5271 coepit
879 5190 1001 5272 Angele
1024 5192 1189 5270 revelante,
1214 5193 1270 5254 snb
1295 5192 1402 5254 Proclo
1425 5191 1606 5254 Patriareha.
1648 5191 1691 5252 lta
1715 5189 1820 5249 'llice-

444 5285 571 5364 pbanes‚
588 5287 777 5369 Niecplrorus
800 5290 819 5349 l.
843 5287 894 5355 18.
918 5308 944 5355 c.
968 5290 1035 5353 510.
1059 5292 1264 5353 Damascenus
1288 5292 1326 5353 de
1340 5291 1413 5353 Fide
1435 5290 1611 5352 Orthodoxa
1635 5290 1653 5353 l.
1670 5289 1699 5351 3.
1724 5286 1818 5351 c.‘l9.

1534 5404 1612 5479 12*
1697 5391 1700 5396 ¹
