5150 6534
600 822 674 900 152
1102 824 1460 904 nlronott

699 1010 882 1082 Sacerdos.
934 1012 1027 1084 Deus
1052 1009 1198 1103 benigne
1222 1033 1268 1084 ne
1300 1012 1439 1087 inducas
1463 1034 1528 1086 nos
1561 1014 1596 1088 in
1628 1014 1843 1098 mutationem
1874 1032 1966 1107 pro-

595 1125 752 1217 bationis,
785 1150 884 1221 quam
910 1130 1074 1201 sustinere
1106 1149 1174 1200 non
1206 1131 1390 1223 possimus:
1424 1130 1487 1203 sed
1519 1128 1700 1202 secundum
1729 1130 1965 1202 miserationes

596 1252 670 1315 tuas
696 1243 814 1315 multas
842 1242 964 1335 adjuva
990 1265 1066 1331 nos,
1092 1242 1175 1315 dans
1201 1245 1300 1318 nobis
1327 1248 1452 1318 exitum
1469 1244 1691 1340 tranquillum,
1717 1248 1772 1340 qui
1796 1264 1861 1316 nos
1888 1246 1965 1316 eri-

594 1362 666 1453 piat
696 1370 730 1430 et
764 1357 884 1430 liberet
918 1358 959 1430 ab
995 1359 1161 1432 omnihus.
1180 1359 1290 1454 plagis
1321 1360 1461 1448 furoris,
1501 1372 1535 1433 et
1566 1385 1585 1434 a
1617 1360 1751 1434 foetore
1784 1357 1965 1448 diabolico,

595 1478 671 1569 quia
698 1485 786 1547 tuum
814 1486 867 1548 est
893 1478 1086 1570 imperium,
1121 1485 1155 1547 et
1180 1485 1331 1571 potestas
1365 1499 1571 1573 regnumque
1603 1487 1691 1549 mum
1723 1486 1900 1572 permanet
1929 1477 1966 1547 in

594 1592 728 1664 saecula
754 1590 975 1680 saeculorum,
1003 1600 1036 1661 et
1062 1590 1120 1662 tibi
1145 1589 1264 1683 gloria.
1418 1592 1581 1687 Populus.
1636 1593 1756 1665 Amen

697 1708 882 1779 Sacerdos.
936 1708 1019 1778 Pax.

698 1824 859 1917 Popatus.
913 1823 957 1894 Et
983 1847 1057 1895 cum
1084 1825 1200 1919 spiritu
1226 1834 1293 1898 tuo.

697 1940 884 2009 Diaconos.
936 1940 1035 2010 Ante.

698 2055 859 2147 Papulas.
912 2054 1036 2128 Coram
1061 2064 1104 2128 te.

697 2170 881 2243 Sacerdos.
934 2170 1100 2262 Benedic,
1143 2173 1286 2244 Domine
1319 2173 1429 2260 Deus,
1464 2176 1575 2245 servis
1606 2176 1670 2245 tuis
1700 2176 1789 2261 istis,
1822 2194 1962 2268 quorum

594 2285 681 2360 colla
707 2298 775 2359 tam
797 2291 978 2359 animarum
1005 2310 1102 2382 quam
1129 2310 1306 2384 corporum
1333 2288 1488 2362 inclinata
1512 2299 1597 2377 sunt,
1625 2292 1746 2384 quique
1772 2298 1806 2360 te
1832 2288 1962 2386 depre-

593 2414 716 2475 centur.
770 2404 840 2476 Fac
865 2427 928 2477 nos
955 2416 989 2476 et
1014 2404 1089 2476 illos
1104 2406 1257 2494 Domine,
1284 2404 1403 2497 dignos
1417 2404 1700 2478 benedictionibus
1726 2408 1962 2501 mysteriorum

593 2532 723 2592 tuorum
750 2531 940 2593 sanctorum
965 2530 1000 2591 et
1025 2520 1320 2609 immaculatorum,
1348 2530 1382 2591 et
1408 2525 1507 2594 venia
1521 2533 1735 2616 peecatorum
1760 2530 1961 2609 nostronnn,

594 2646 628 2707 et
653 2635 800 2708 illorum:
836 2646 872 2707 ut
902 2658 986 2732 pure
1020 2648 1054 2708 et
1085 2647 1200 2710 sancte
1241 2642 1521 2710 communicemus
1558 2642 1694 2733 corpori
1733 2649 1767 2709 et
1806 2637 1961 2729 sanguini

592 2755 752 2845 unigeniti
778 2751 852 2823 Filii
878 2756 932 2823 tui.
984 2751 1079 2823 Educ
1106 2775 1151 2824 ex
1177 2753 1274 2826 nobis
1301 2753 1438 2825 odorem
1462 2775 1600 2848 operum
1626 2753 1810 2845 bonomm,
1837 2761 1873 2825 et
1896 2773 1959 2823 rc-

593 2867 738 2943 feremus
765 2868 823 2940 tibi
850 2866 1002 2960 gloriam,
1030 2879 1094 2940 etc.
1250 2869 1411 2962 Papulas.
1462 2871 1581 2946 Amen.

697 2983 881 3055 Sacerdos.
933 2982 1016 3055 Pax.

583 3128 589 3144 ·
696 3099 857 3192 Populus.
909 3097 953 3169 Et
980 3123 1054 3173 eum
1081 3102 1197 3196 spiritu
1222 3110 1290 3172 tuo.

695 3214 880 3287 Sacerdos.
934 3216 986 3288 Sit
1011 3220 1134 3308 gratia,
1160 3226 1224 3288 etc.

695 3331 883 3403 Diaconos.
937 3332 1071 3404 Stemus
1098 3333 1262 3403 decenter.

695 3448 857 3540 Populos.
908 3448 1107 3519 Laudamus.

816 3746 1002 3844 Sacerdos
1017 3773 1102 3842 dicit
1130 3772 1326 3843 Orationem
1352 3772 1551 3844 Gratiarum
1577 3774 1734 3843 actionis.

698 3978 836 4050 Omnem
871 4001 989 4050 veram
1019 3980 1200 4071 gratiarum
1233 3981 1415 4068 actionem,
1449 3988 1483 4049 et
1520 3980 1666 4050 maxinm
1698 3980 1864 4050 sinceram
1899 3975 1961 4050 tibi

594 4094 760 4167 offerimus
787 4096 945 4181 Domine,
972 4104 1110 4190 propter
1137 4095 1257 4165 donum
1282 4093 1361 4167 illud
1388 4095 1476 4189 qurod
1502 4092 1599 4165 nobis
1632 4097 1784 4187 quamvis
1815 4091 1961 4185 indignis

594 4211 721 4285 dedisti.
773 4210 826 4282 Ne
854 4220 979 4283 statuas
1006 4233 1082 4299 nos,
1107 4212 1260 4297 Domine,
1288 4232 1363 4280 cum
1389 4209 1517 4305 pudore
1532 4218 1962 4304 peccatommnostrorum,

593 4349 700 4422 neque
726 4337 853 4398 reatum
880 4330 1085 4398 incurramus
1113 4327 1155 4399 oh
1184 4329 1429 4422 susceptionem
1463 4327 1696 4422 mysteriorum
1728 4324 1845 4397 horum
1872 4345 1963 4397 san-

594 4452 737 4532 ctorum,
770 4441 830 4514 sed
857 4441 1021 4534 retugium
1049 4452 1083 4513 et
1116 4442 1246 4533 adjutor
1281 4451 1354 4513 esto
1381 4439 1496 4531 oobiS,
1523 4451 1557 4513 et
1583 4463 1603 4512 a
1628 4440 1794 4536 spiritibus
1820 4441 1965 4512 inimicis

594 4563 648 4654 qui
674 4558 837 4630 luctantur
863 4556 1035 4631 nobiscum
1061 4557 1167 4631 libera
1193 4581 1275 4647 noa,
1302 4581 1364 4653 per
1391 4580 1507 4629 corum
1532 4560 1812 4646 commistionem,
1846 4565 1880 4628 et
1907 4560 1965 4631 si-

592 4674 659 4747 mui
686 4674 871 4747 referemus
899 4675 956 4746 tihi
982 4675 1123 4765 gloriam
1141 4684 1175 4747 et
1192 4673 1332 4748 laudem.

695 4791 856 4883 Popntas.
908 4792 1027 4862 Amen.

695 4906 879 4978 Sacerdos.
932 4907 1016 4977 Pax.

696 5021 857 5114 Papotns.
908 5021 1051 5092 Etcum
1080 5022 1195 5114 spiritu
1220 5030 1288 5091 tuo.

695 5137 882 5209 Diaconos.
935 5136 1017 5209 Post
1043 5138 1297 5231 susceptionem,
1325 5146 1387 5207 etc.

693 5255 853 5349 Popntns
908 5253 1031 5328 Coram
1058 5263 1092 5325 te
1118 5251 1271 5324 Domine.
