5150 6534
593 851 643 923 20
962 825 1567 924 o‘nnon'onnnnrs

695 1038 742 1108 Et
764 1037 992 1129 prosequitur.
1046 1034 1083 1105 ln
1110 1041 1261 1129 ternpore
1286 1037 1387 1126 igitur
1414 1033 1669 1128 dispensationis
1694 1032 1829 1103 Domini
1846 1030 1910 1103 Dei
1925 1040 1961 1104 et

555 1224 559 1230 .
592 1152 781 1226 Salinatoris
815 1153 923 1223 nostri
948 1149 1031 1223 Jesu
1058 1149 1199 1238 Christi,
1233 1148 1340 1222 Verbi
1365 1151 1430 1222 Dei
1465 1146 1553 1244 quod
1586 1149 1815 1218 annunciatum
1841 1145 1961 1220 dierat.

590 1268 686 1340 Ilaec
712 1287 815 1363 porro
842 1270 886 1338 ita
913 1274 1011 1358 gesta
1039 1275 1131 1353 sunt,
1158 1265 1214 1336 cel
1238 1264 1288 1338 lta
1316 1265 1407 1336 dixit.

697 1383 753 1453 lta
779 1390 850 1454 toto
878 1403 968 1452 anno
996 1382 1140 1468 dicitnr,
1168 1386 1315 1473 eccepto
1342 1382 1399 1451 die
1424 1381 1713 1451 Annnneiotionis
1734 1382 1855 1471 [actae
1881 1378 1962 1449 Za-

591 1499 737 1570 obariae
762 1500 956 1571 Sacerdoti.
1009 1499 1058 1569 Et
1078 1504 1159 1589 post
1184 1498 1424 1592 Eneapelinnn
1454 1497 1548 1566 dicit.

696 1617 839 1687 Domino
873 1623 990 1686 nostro
1016 1612 1100 1685 Jesu
1133 1610 1284 1704 Christo,
1319 1612 1451 1709 hymni,
1483 1610 1599 1683 laudes
1633 1619 1667 1682 et
1698 1609 1963 1699 benedictiones

592 1739 729 1826 propter
754 1729 862 1804 verba
888 1731 961 1819 ejus
987 1732 1069 1802 viva
1097 1728 1139 1798 ad
1165 1751 1248 1801 nos:
1276 1739 1310 1800 et
1335 1729 1426 1800 Patri
1462 1729 1553 1818 ejus,
1587 1728 1641 1820 qui
1676 1728 1764 1798 misit
1777 1711 1884 1797 *illum
1919 1724 1964 1795 ad

592 1847 730 1919 salntem
756 1856 924 1919 nostram:
957 1853 992 1916 et
1018 1845 1154 1940 Spiritui
1185 1847 1269 1917 vivo
1304 1853 1338 1915 et
1367 1854 1507 1933 saneto,
1542 1846 1597 1937 qui
1631 1839 1778 1914 vivificat
1811 1864 1893 1932 nos,
1927 1832 1985 1913 in*

592 1960 729 2033 saecula
755 1961 974 2034 sacculorum.
1027 1963 1146 2034 Amen.

695 2078 811 2149 Sedra
835 2077 1000 2147 illationis
1026 2075 1218 2147 obtritionis.
1270 2075 1418 2168 imponit
1441 2077 1629 2159 incensam,
1662 2072 1753 2166 qnod
1778 2078 1832 2143 ter
1858 2096 1963 2146 crnee

590 2197 722 2289 sipont,
750 2200 786 2264 et
810 2194 902 2264 dicit.

697 2308 840 2380 Sanctus
867 2310 967 2381 Pater
993 2315 1137 2378 sanctas.
1171 2306 1314 2378 Sanctus
1340 2305 1443 2378 Filius
1470 2317 1614 2378 sanetus.
1649 2306 1792 2379 Sanctus
1819 2306 1963 2400 Spiritus

593 2429 693 2497 vivus
720 2433 754 2493 et
779 2434 934 2513 sanctus,
961 2426 1016 2517 qui
1044 2420 1226 2495 sanctificat
1251 2425 1422 2493 incensum
1448 2425 1636 2517 peccatoris
1663 2424 1755 2494 servi
1776 2424 1844 2509 sui,
1873 2444 1963 2517 pro-

593 2545 744 2637 pitiatus,
760 2548 793 2611 et
807 2543 981 2612 miseratus
999 2542 1181 2610 animamm
1192 2547 1399 2625 nostrarum,
1415 2547 1448 2609 et
1464 2541 1645 2609 animarum
1661 2546 1801 2631 patrum,
1813 2536 1963 2625 fratrum,

594 2660 895 2749 magistrorumque
914 2666 1121 2728 nostrorum:
1145 2652 1438 2748 debmctorumque
1453 2664 1662 2742 nostromm‚
1680 2664 1713 2725 et
1730 2656 1873 2726 omnium
1895 2654 1964 2724 de-

594 2771 778 2843 funetomm
805 2771 969 2862 fidelium,
995 2770 1137 2842 filiomm
1162 2767 1338 2843 Ecclesiae
1365 2778 1502 2841 sanctae
1528 2771 1561 2840 in
1588 2780 1727 2864 utroque
1750 2769 1903 2842 saeculo:
1929 2773 1963 2840 iu

595 2887 729 2961 saecula
758 2885 977 2958 saeculorum.
1029 2888 1148 2959 Amen.

698 3003 885 3073 Diaconos.
937 3002 1061 3100 Σοφία
1089 3008 1123 3073 et
1149 2996 1386 3097 Πρόσχωμεν.

698 3118 859 3212 Popnlns.
912 3118 1023 3192 Credo
1051 3121 1084 3189 in
1110 3140 1208 3189 unum
1235 3119 1353 3189 Deum.

697 3234 873 3306 Sacerdos
898 3235 993 3306 locat
1018 3256 1109 3328 aqna
1135 3256 1276 3304 stammas
1303 3235 1428 3325 dipitos
1453 3254 1547 3319 snos,
1576 3239 1611 3302 et
1636 3232 1727 3303 dicit.

701 3351 874 3444 Absterge
900 3352 1042 3423 Domine
1069 3348 1188 3421 sordes
1217 3357 1251 3419 et
1271 3347 1418 3419 maculas
1446 3351 1575 3419 animae
1589 3370 1697 3437 meae,
1715 3359 1748 3419 et
1770 3347 1890 3419 munda
1909 3369 1965 3420 me

596 3488 658 3560 per
685 3470 913 3559 aspersionem
938 3475 1026 3537 mam
1052 3466 1160 3550 vitae,
1193 3473 1229 3533 ut
1260 3485 1345 3557 pure
1372 3473 1406 3533 ct
1432 3473 1546 3534 sancte
1573 3485 1705 3535 mercar
1732 3464 1896 3536 accedere
1922 3462 1964 3536 ad

596 3590 747 3652 sanctum
773 3590 963 3652 sanctorum
989 3589 1098 3668 tuum,
1126 3586 1275 3650 sanctum
1302 3588 1336 3648 et
1362 3578 1589 3650 sanctificans:
1616 3589 1717 3673 utque
1738 3582 1810 3649 sine
1835 3578 1965 3651 macula

598 3704 736 3768 tractem
763 3696 979 3767 Sacramenta
1007 3705 1062 3766 tua
1089 3693 1258 3765 adoranda
1284 3704 1319 3765 et
1345 3693 1478 3783 divina,
1505 3704 1539 3764 et
1559 3718 1632 3766 cnm
1648 3698 1853 3767 conscientia
1869 3717 1965 3790 pura,

599 3811 734 3885 offeram
763 3810 819 3882 tibi
846 3811 1042 3883 sacrificium
1065 3814 1203 3897 vivum,
1232 3809 1319 3903 quod
1345 3808 1476 3905 placeat
1501 3809 1663 3883 divinitati
1689 3823 1782 3898 tuae,
1810 3821 1844 3882 et
1860 3811 1966 3883 simile

598 3933 641 4001 sit
667 3927 829 3999 sacrificio
858 3937 914 3999 tuo
941 3926 1110 4020 glorioso,
1137 3925 1280 3998 Domine
1307 3938 1342 3997 et
1366 3928 1460 3998 Dens
1486 3937 1625 4014 noster,
1659 3927 1854 3999 insaecula
1881 3949 1964 3999 sae-

599 4044 756 4117 culorum.

701 4161 796 4230 Petit
820 4162 1065 4245 remissionem,
1093 4165 1128 4229 et
1153 4160 1245 4229 dicit.

702 4276 848 4346 benedic
874 4276 1017 4346 Domine
1042 4276 1249 4360 remissioni,
1277 4277 1352 4346 sive
1379 4272 1588 4346 absolutioni.

703 4390 893 4461 lnclinatnr
920 4413 1036 4461 coram
1060 4412 1175 4461 menso
1200 4393 1312 4476 citae,
1340 4396 1374 4459 et
1391 4390 1476 4459 dicit
1495 4390 1584 4461 lianc
1603 4390 1800 4460 Orationem
1821 4397 1965 4462 secreto.

703 4506 846 4578 Trinitas
882 4515 996 4577 sancta
1032 4516 1066 4576 et
1097 4503 1261 4577 laudanda
1295 4507 1456 4577 miserere
1488 4509 1561 4583 mci.
1610 4506 1753 4578 Trinitas
1785 4516 1900 4580 sancta
1934 4515 1967 4576 et

598 4621 782 4720 laudanda,
808 4644 911 4716 parce
937 4622 1014 4692 mibi
1040 4624 1220 4716 peccatori.
1257 4621 1403 4691 Trinitas
1430 4632 1544 4692 sancta
1571 4633 1605 4693 ct
1623 4622 1807 4710 laudanda,
1834 4623 1967 4715 suscipe

600 4738 799 4810 sacrificium
825 4736 889 4809 boo
917 4760 963 4808 cx
988 4737 1139 4808 manibus
1165 4739 1248 4808 meis
1275 4735 1410 4808 infirmis
1437 4748 1470 4809 et
1495 4738 1746 4831 peccatricibus.
1786 4740 1879 4810 Deus
1907 4759 1968 4832 per

602 4853 809 4926 clementiam
835 4863 922 4924 tuam
949 4863 1084 4948 praesta
1110 4856 1260 4947 requiem
1288 4862 1321 4923 et
1347 4856 1537 4924 memoriam
1556 4853 1677 4925 bonam
1693 4857 1863 4945 genitricis
1880 4862 1968 4940 tuae.

602 4978 636 5039 et
662 4971 785 5040 sanctis
813 4971 898 5058 tuis,
932 4965 1148 5061 omnibusque
1182 4966 1343 5041 defunctis
1378 4966 1537 5042 fidelibus.
1598 4969 1708 5063 Super
1742 4970 1845 5041 altare
1880 4980 1968 5039 tuum

603 5095 752 5156 sanctum
785 5094 818 5155 et
850 5084 1007 5155 coeleste.
1067 5083 1159 5156 Deus
1194 5106 1297 5178 parce
1330 5093 1364 5156 et
1395 5084 1517 5157 dimitte
1548 5084 1612 5156 boc
1644 5095 1794 5180 tempore
1827 5094 1968 5181 peccata

601 5202 668 5268 mei
694 5203 882 5293 peccatoris
910 5204 1002 5272 servi
1028 5203 1092 5288 tui,
1118 5208 1152 5271 et
1179 5200 1300 5291 adjuva
1327 5200 1542 5273 infirmitatem
1570 5222 1693 5288 meam,
1726 5205 1780 5295 qui
1812 5213 1845 5273 te
1871 5223 1967 5273 sem-

602 5334 665 5407 per
691 5319 831 5390 invoeo:
857 5339 919 5412 per
946 5319 1116 5389 orationes
1143 5318 1312 5409 genitricis
1339 5326 1415 5389 tuae
1443 5327 1476 5389 et
1502 5321 1645 5389 omnium
1671 5327 1860 5391 sanctorum
1886 5330 1967 5392 tuo-
