5150 6534
572 846 648 919 568
998 845 1506 924 DlSSEllTthO

569 1035 677 1103 minus
704 1057 801 1127 quam
827 1056 890 1128 par
922 1043 996 1104 erat
1028 1037 1190 1105 rationem
1224 1032 1404 1122 hahentes,
1438 1036 1689 1106 luvocationem
1723 1033 1812 1105 illam
1850 1037 1947 1128 quasi

569 1147 719 1220 haeresis
752 1153 913 1219 sentinam
948 1152 1209 1245 suppresserint:
1246 1153 1309 1220 etsi
1345 1150 1432 1222 nulla
1470 1154 1577 1222 oratio
1614 1153 1657 1222 sit
1690 1172 1778 1245 quae
1813 1150 1946 1221 Sacra-

569 1269 803 1336 mortariorum
837 1268 1002 1336 novitates
1035 1265 1159 1336 brmius
1192 1274 1224 1334 et
1259 1271 1468 1359 perspectius
1503 1266 1651 1338 refellat:
1687 1289 1763 1337 cum
1797 1265 1944 1361 reliquas

570 1382 712 1451 dirersis
739 1381 1064 1475 interpretationibus
1091 1381 1240 1451 eludant:
1268 1385 1362 1453 istius
1389 1386 1596 1470 sententiam,
1625 1382 1729 1454 saluis
1749 1381 1838 1454 illius
1858 1403 1944 1452 ver-

568 1497 620 1567 bis
648 1500 889 1568 circumtenire
915 1519 980 1566 nou
1009 1499 1146 1591 possint.
1180 1496 1305 1567 Verum
1334 1506 1522 1570 esttamen
1550 1502 1582 1569 in
1601 1498 1726 1571 Codice
1749 1521 1816 1592 quo
1836 1519 1944 1593 prae-

569 1617 665 1708 cipue
692 1613 732 1683 ad
760 1613 1037 1707 interpretandum
1065 1617 1116 1683 nsi
1144 1636 1275 1700 sumuS,
1311 1618 1432 1708 quique
1464 1617 1496 1684 in
1524 1614 1661 1687 Oriente
1693 1624 1726 1685 et
1753 1636 1773 1684 a
1801 1635 1944 1705 germa-

568 1733 712 1800 nissimis
740 1728 948 1800 Nestorianis
976 1732 1118 1823 scriptus
1147 1739 1208 1815 cst,
1236 1729 1487 1800 invocationem
1516 1728 1737 1802 eodemloco
1766 1739 1800 1800 et
1828 1729 1945 1802 iisdem

567 1844 682 1915 verbis
715 1845 803 1935 legi,
839 1868 878 1916 ac
911 1849 942 1916 in
976 1844 1094 1915 Latina
1123 1848 1291 1915 versione.
1350 1847 1404 1917 Aa
1441 1867 1545 1939 porro
1580 1844 1691 1917 codex
1724 1844 1878 1930 mutilus,
1911 1857 1945 1918 ut

568 1983 646 2031 esse
674 1961 762 2032 illum
790 1972 919 2031 constat
946 1984 1012 2031 uno
1042 1961 1158 2032 saltem
1186 1961 1284 2047 lolio,
1322 1962 1421 2032 aliam
1448 1963 1674 2033 invocationis
1705 1961 1849 2033 formam
1877 1960 1945 2032 ha-

566 2077 693 2165 huerit,
727 2075 853 2171 absque
879 2080 1097 2149 vetustiorum
1126 2076 1278 2147 codicum
1306 2077 1454 2149 subsidio
1482 2082 1580 2149 statui
1609 2099 1676 2148 non
1706 2084 1830 2171 potest
1884 2078 1945 2148 ln-

567 2196 663 2283 signe
697 2192 774 2263 illud
809 2196 841 2262 in
874 2195 979 2288 prirrra
1006 2192 1158 2283 Liturgia
1191 2192 1232 2263 ab
1269 2193 1342 2262 aliis
1379 2192 1555 2263 discrimen
1589 2193 1695 2264 brisso
1723 2191 1856 2264 dillicile
1883 2205 1945 2280 est,

568 2333 641 2379 curm
670 2308 754 2378 duae
783 2310 908 2380 alterae
936 2308 1014 2378 illud
1041 2331 1108 2378 non
1137 2319 1333 2399 agnoscant.
1379 2307 1447 2378 Sed
1475 2331 1548 2380 cum
1578 2313 1610 2380 in
1637 2309 1785 2382 Decreta
1813 2307 1945 2403 Synodi

567 2425 834 2520 DiampereusiS,
863 2447 928 2518 quo
956 2424 1129 2514 Liturgiac
1156 2446 1300 2494 exanreu
1328 2426 1525 2511 continetur,
1554 2425 1595 2496 de
1619 2427 1840 2496 inuocatione
1859 2426 1945 2519 Spi-

567 2544 648 2611 ritus
676 2544 780 2612 sancti
808 2539 884 2610 nihil
913 2549 1084 2628 occurrat,
1118 2539 1205 2609 illam
1234 2543 1266 2610 iu
1295 2538 1475 2611 Codicibus
1502 2539 1730 2611 Ecclesiarum
1757 2540 1946 2612 lodicarum

567 2655 714 2728 defuisse
741 2655 922 2727 verisimile
950 2666 1018 2726 est:
1046 2678 1121 2726 nam
1150 2655 1246 2726 aliter
1273 2677 1448 2725 censuram
1472 2677 1587 2727 eorum
1608 2659 1662 2748 qui
1687 2655 1817 2727 leuiora
1845 2655 1946 2727 multa

566 2771 864 2866 reprehenderunt,
891 2795 959 2842 non
987 2770 1166 2862 etirrgisset.
1223 2771 1415 2841 Orationem
1444 2775 1530 2841 onim
1559 2795 1644 2865 quae
1672 2771 1714 2843 ad
1742 2773 1944 2844 lnt'ocatio-

567 2910 642 2958 nem
676 2887 834 2974 retertur,
870 2898 903 2957 et
936 2910 1034 2980 quam
1061 2888 1230 2958 Diaconos
1265 2886 1330 2956 alta
1357 2908 1444 2957 voce
1471 2890 1677 2980 pronuntiat,
1712 2886 1768 2959 uhi
1801 2884 1945 2958 hahetur

567 3004 732 3096 Spiritum
759 3010 909 3072 carectum
938 3003 980 3073 de
1007 3003 1104 3072 coelo
1139 3003 1319 3085 adernire,
1356 3008 1390 3071 et
1425 3006 1566 3093 efficere
1593 3025 1719 3094 purtem
1753 3010 1787 3073 et
1822 3007 1943 3090 ciarum,

569 3119 700 3210 Corpus
733 3125 767 3188 el
801 3118 1009 3213 Suapnbrem
1042 3119 1188 3206 t'brtstt,
1225 3120 1374 3212 expungi
1405 3121 1556 3209 jussere,
1593 3121 1669 3213 qula
1705 3119 1836 3190 scilicet
1869 3117 1944 3190 inde

567 3239 661 3327 sequi
687 3234 874 3322 videretur,
907 3258 975 3305 neon
1001 3235 1242 3320 Sacerdotem,
1269 3235 1330 3303 sed
1356 3233 1521 3325 Spiritum
1548 3242 1700 3305 coactum
1727 3234 1765 3304 id
1791 3238 1942 3327 efficere..

568 3351 596 3420 O
624 3350 831 3444 praeclaram
860 3351 1116 3421 emendatricem
1143 3352 1270 3420 ueteris
1298 3347 1521 3440 Tlreologiae,
1559 3348 1822 3445 Philosophiam,
1856 3372 1942 3445 quac

567 3469 596 3535 si
629 3466 701 3537 sola
738 3466 888 3537 audiatur
921 3466 1104 3537 inconsulta
1139 3465 1312 3538 traditione
1346 3470 1406 3537 rix
1441 3466 1617 3560 quidquam
1649 3470 1709 3537 crit
1742 3472 1773 3538 in
1809 3471 1942 3562 antiqua

568 3580 739 3675 disciplina
768 3581 854 3675 qnod
883 3585 1007 3652 erroris
1036 3585 1227 3676 suspicione
1255 3594 1385 3669 careat;
1419 3586 1526 3653 oratio
1562 3586 1623 3652 vix
1659 3582 1724 3653 ulla
1761 3606 1849 3677 quae
1875 3603 1942 3654 non

568 3708 698 3768 scateat
724 3696 929 3768 haeresibus.
979 3697 1098 3789 Neque
1126 3695 1166 3767 ad
1196 3695 1301 3780 illam,
1330 3721 1416 3791 quae
1442 3699 1547 3790 uulgo
1577 3699 1716 3770 Graecis
1744 3699 1942 3786 attribuitur,

568 3836 643 3883 cum
670 3811 786 3905 quibus
814 3814 1005 3884 Nestoriaui
1032 3835 1206 3885 comrmme
1233 3813 1310 3883 nihil
1338 3811 1475 3898 hahent,
1503 3814 1738 3885 recurrendum
1767 3825 1838 3886 cst:
1865 3836 1942 3884 nam

568 3950 654 4021 quae
683 3926 852 4000 Censores
880 3929 1119 3999 tlarrrnat'erunt
1145 3933 1176 3998 iu
1205 3933 1341 4000 istorum
1370 3928 1505 4018 Officiis,
1533 3928 1688 4021 leguntur
1705 3934 1830 4026 passion
1855 3929 1942 4023 apud

568 4043 719 4115 Graecos
747 4045 880 4131 PatreS,
908 4048 963 4138 qui
990 4044 1182 4132 Ecclesiae,
1215 4050 1308 4136 cujus
1344 4045 1464 4116 lumina
1492 4045 1640 4133 luerunt,
1668 4047 1942 4138 conjunctissimi,

568 4160 697 4229 errandi
726 4163 874 4251 magistri
903 4182 980 4230 esso
1007 4183 1072 4231 oon
1107 4169 1293 4254 potuerunt.
1348 4160 1465 4253 Neque
1499 4160 1543 4231 illi
1578 4160 1703 4250 solum,
1737 4162 1796 4232 sed
1832 4161 1943 4232 Latini

568 4277 674 4363 inulti,
702 4280 800 4347 ctiam
827 4275 977 4368 plerique
1004 4275 1130 4345 blissae
1157 4279 1370 4369 interpretes,
1399 4276 1554 4347 dixerunt
1582 4277 1748 4347 Cleristum
1775 4299 1850 4346 esse
1885 4279 1943 4370 qai

565 4416 630 4483 per·
657 4393 823 4483 Spiritunt-
849 4398 1001 4461 serrrcbun
1025 4415 1147 4483 putarem
1175 4416 1267 4461 suum
1304 4395 1412 4483 eflicit
1447 4415 1600 4478 cernent,
1637 4399 1671 4461 et
1703 4395 1817 4461 ritatem
1847 4416 1942 4462 strum

568 4512 791 4598 tretrrafirrmot
819 4510 853 4575 in
880 4512 1096 4599 sarreptanam:
1129 4507 1251 4578 nullum
1280 4518 1389 4578 tamen
1417 4507 1493 4577 inde
1521 4507 1749 4578 detrimentum
1776 4507 1848 4578 fieri
1878 4531 1943 4578 sa-

569 4622 729 4694 cerdotali
757 4625 937 4692 ministerio
966 4627 1250 4694 existimaverunt.
1305 4624 1372 4693 Sed
1401 4623 1442 4693 de
1476 4622 1525 4695 his
1560 4623 1638 4695 alihi
1671 4624 1776 4694 fusius
1812 4635 1942 4714 agetur.

283 4756 554 4826 :ottcesttcetparum
671 4738 743 4808 Xll.
771 4738 874 4828 Igitur
901 4744 1053 4830 quartanis
1082 4738 1231 4810 codicum
1260 4741 1467 4832 antiquorum
1495 4743 1592 4833 copia
1620 4738 1779 4826 destituti,
1813 4761 1943 4810 recen-

283 4846 631 4983 lfflztelgffflltlwttius
665 4857 808 4946 scriptos
842 4858 935 4949 sequi
970 4857 1077 4925 coacti
1113 4854 1289 4942 interimus,
1325 4857 1400 4947 quin
1435 4864 1544 4926 maren
1580 4855 1634 4926 illa
1670 4877 1765 4949 quam
1799 4859 1943 4949 primam

398 4969 405 4983 ’
569 4970 697 5057 damna,
725 4974 767 5039 sit
794 4993 953 5061 germana
982 4970 1240 5042 Christianorum
1267 4970 1481 5041 Orientalium
1511 4974 1585 5042 sire
1604 4969 1859 5056 Chaldaeorum,
1889 4974 1943 5065 qui

568 5086 770 5177 Nestoriani,
797 5097 831 5156 ut
858 5110 896 5157 re
924 5108 1004 5155 vera
1033 5097 1107 5158 stunt
1135 5084 1360 5180 appellantur,
1387 5086 1556 5177 Liturgia,
1585 5109 1652 5158 non
1679 5085 1846 5179 estquod
1876 5088 1944 5158 du-

568 5201 699 5273 bitetur.
727 5201 812 5272 Nam
841 5201 951 5273 codex
973 5201 1068 5272 Eliac
1087 5202 1281 5273 Sacerdotis
1310 5224 1406 5296 quem
1434 5201 1681 5297 descripsimus,
1710 5213 1743 5273 et
1769 5205 1944 5296 interpre-

569 5318 669 5388 tando
696 5319 876 5412 praecipue
904 5321 1008 5388 secuti
1036 5339 1161 5407 sumuS,
1189 5316 1412 5389 corrueniehat
1439 5330 1594 5390 accurate
1621 5341 1695 5390 cum
1712 5317 1820 5390 altero
1844 5340 1945 5412 quem
