5150 6534
881 861 939 934 DE
965 856 1361 936 Nustoutnttontttt
1393 856 1631 933 LITURGllS.
1868 860 1943 933 507

569 1071 641 1119 cunr
665 1046 830 1117 multoties
853 1046 1087 1117 cumGraecis
1110 1044 1288 1115 concordia
1313 1047 1390 1114 inita
1412 1043 1523 1131 fuerit,
1548 1053 1602 1114 aut
1625 1044 1812 1116 Orientales
1839 1042 1942 1118 Chri-

568 1166 665 1235 stiaui
694 1162 735 1232 ad
763 1165 918 1232 unitatem
947 1165 1084 1255 recepti,
1113 1163 1361 1231 accusationem
1388 1158 1508 1228 nullam
1537 1163 1757 1246 sustinuerint,
1786 1165 1881 1254 quasi
1909 1167 1941 1232 in

567 1280 761 1349 necessaria
789 1276 969 1347 verborum
997 1278 1261 1348 consecrationis
1289 1274 1414 1359 forma,
1442 1285 1630 1369 peccarent.
1685 1276 1810 1347 Omnes
1837 1302 1940 1371 porro

569 1395 722 1466 Graecae
757 1393 928 1482 Liturgiae
962 1393 1048 1462 illam
1082 1391 1205 1462 hahent
1240 1414 1338 1483 quam
1364 1387 1605 1480 Evangelistae
1640 1391 1806 1479 referunt,
1842 1395 1940 1462 ctiam

568 1509 712 1579 (liversis
741 1508 917 1601 aliquando
950 1506 1066 1579 verbis
1102 1509 1306 1601 expositam:
1339 1508 1382 1575 ita
1411 1505 1575 1599 Spriucae
1609 1515 1672 1576 turn
1700 1507 1940 1591 hlclchitururn,

569 1648 665 1719 quam
694 1625 931 1710 Jacohitarunr‚
960 1623 1135 1717 Coptieae‚
1163 1621 1381 1705 Annenicae‚
1410 1644 1526 1691 ornnes
1555 1623 1703 1692 tandem:
1739 1623 1833 1694 sulae
1859 1626 1940 1695 tla—
2010 1712 2013 1719 Ι

567 1744 729 1812 reniticae
767 1740 913 1810 lllissalis
953 1738 1082 1810 Romae
1123 1738 1199 1808 etliti
1241 1737 1338 1806 talem
1376 1737 1661 1831 interpolationem
1697 1762 1820 1834 passae
1857 1751 1941 1823 sunt,

567 1857 678 1943 nullu,
711 1859 805 1946 cujus
832 1857 1011 1925 Decretum
1039 1863 1147 1939 extet,
1176 1857 1352 1924 autoritate
1380 1853 1563 1924 Pontificis:
1592 1855 1693 1925 multo
1721 1858 1826 1926 minus
1854 1880 1941 1949 pro-

568 1977 692 2067 scripta
735 1973 899 2065 reperitur
940 1968 1118 2039 verborum
1156 1969 1278 2040 Christi
1320 1970 1606 2040 sacramentalium
1642 1970 1803 2055 formula,
1844 1996 1942 2064 quarn

569 2086 723 2158 Graecae
750 2086 924 2156 Ecclesiae
952 2109 971 2154 a
999 2085 1106 2155 multis
1135 2084 1278 2155 saeculis
1313 2107 1374 2154 usu
1412 2085 1600 2176 quotidiano
1634 2085 1941 2179 frequentaverunt,

569 2202 695 2296 absque
723 2202 788 2272 ulla
814 2201 1006 2285 Romanae,
1043 2224 1129 2294 quae
1157 2223 1230 2270 cunr
1258 2199 1321 2269 illis
1350 2200 1633 2288 corrrnnrrrieahat,
1670 2203 1941 2295 reprehensione.

569 2319 688 2413 Neque
716 2341 797 2388 sane
825 2327 896 2387 erat
924 2320 1103 2411 suspicioni
1131 2317 1340 2403 lacusculo
1370 2314 1520 2396 Gothica„
1547 2314 1771 2405 llosaruhica„
1800 2328 1832 2387 et
1851 2322 1942 2391 Arn-

569 2434 728 2505 hrosiaua
765 2433 936 2525 Liturgiuo
974 2433 1093 2503 eodem
1127 2432 1226 2502 morlo
1254 2431 1361 2502 verba
1390 2429 1510 2501 Christi
1538 2431 1700 2519 reserant,
1730 2445 1765 2504 ut
1792 2457 1811 2503 a
1841 2434 1942 2505 trihus

569 2550 797 2641 Evangelistis
826 2560 859 2619 ct
885 2549 1051 2642 Apostolo
1079 2548 1182 2619 Paulo
1210 2550 1417 2640 praescripta
1446 2558 1530 2617 sunt.

672 2665 714 2736 X.
743 2666 819 2735 Pari
848 2668 977 2734 ratione
1004 2664 1122 2733 multas
1150 2664 1301 2757 Syriacis
1330 2663 1487 2752 Liturgiis
1523 2667 1752 2735 caeremonias
1786 2665 1942 2737 athlitlcre
1992 2690 2267 2747 caeremoniarum.

570 2780 740 2853 Censores
770 2781 929 2864 hasnam,
958 2804 1022 2873 quo
1038 2779 1198 2850 Romanis
1225 2803 1287 2873 per
1315 2782 1424 2849 omnia
1453 2778 1577 2850 similes
1607 2791 1729 2866 essent,
1758 2792 1791 2851 ut
1818 2778 2207 2875 eleva-''05⁰015cultilibus
2225 2783 2268 2833 ³¹¹·

569 2903 692 2968 tionem
718 2895 967 2981 EucharistiaQ
1002 2899 1109 2965 statim
1146 2905 1222 2989 post
1257 2899 1563 2988 pronunciationem
1599 2894 1779 2967 uerborum
1808 2872 2070 2983 Clrristi‚'¹⁵¹¹³¹³⁸'

570 3036 655 3107 quae
683 3011 888 3082 consuetudo
916 3015 948 3080 iu
977 3012 1113 3081 Oriente
1140 3010 1249 3081 locum
1278 3033 1343 3081 nou
1371 3009 1489 3097 hahet,
1518 3009 1603 3080 adeo
1632 3014 1725 3080 utin
1752 3011 1941 3083 llaronita-

568 3151 639 3198 rum
667 3127 796 3198 lllissali
825 3126 955 3217 adjecta
984 3149 1049 3197 non
1077 3126 1185 3196 luerit.
1241 3126 1416 3197 'liniebant
1444 3126 1571 3197 scilicet
1598 3124 1675 3196 honi
1710 3126 1753 3196 illi
1786 3131 1866 3214 riri,
1900 3152 1942 3199 ne

570 3243 722 3314 adoratio
757 3241 986 3313 Eucharistiae
1021 3242 1143 3312 tleesse
1179 3241 1360 3311 uideretur.
1420 3242 1466 3312 At
1501 3246 1588 3311 scire
1625 3242 1818 3313 debuissent
1855 3245 1941 3314 illurn

570 3358 697 3429 elevari
726 3359 838 3430 solcre
865 3363 896 3428 in
926 3360 1078 3442 Oriente,
1107 3380 1180 3426 curn
1207 3357 1421 3441 inclamatur,
1446 3357 1590 3439 ‚Sunctu
1622 3362 1767 3443 cunctis,
1802 3370 1834 3428 ct
1868 3371 1943 3430 tune

570 3474 720 3545 exhiheri
747 3475 870 3568 populo
900 3473 1117 3544 adorandam:
1146 3472 1233 3566 quod
1263 3496 1308 3542 ex
1328 3472 1488 3566 Copticis
1516 3472 1775 3566 Jacohiticisquo
1804 3476 1942 3546 etllel-

568 3590 695 3661 ehiticis
723 3591 886 3685 Syrorum
914 3588 1097 3659 Ritualihus
1126 3588 1256 3659 abunde
1283 3589 1504 3659 confirmatur.
1558 3590 1605 3659 lta
1636 3612 1697 3682 per
1723 3592 1942 3683 importunam

569 3705 841 3776 reformationem
870 3705 966 3774 datur
992 3707 1126 3774 occasio
1156 3704 1359 3773 adversariis
1375 3704 1550 3775 Ecclesiae
1571 3703 1830 3798 limpidissimum
1849 3706 1942 3777 Tru-

569 3821 699 3891 ditiouis
727 3820 850 3891 fontem
880 3821 1111 3907 conturhantli,
1138 3824 1232 3913 quarsi
1261 3819 1404 3899 tlarnuet„
1433 3822 1520 3913 quod
1549 3820 1590 3890 acl
1617 3824 1709 3892 initio
1735 3820 1942 3893 Christianae

567 3935 740 4028 religionis
773 3937 894 4030 uhiquc
928 3947 1115 4030 receptum,
1152 3940 1223 4029 ipsa
1261 3958 1322 4029 per
1356 3940 1622 4007 communionem
1657 3935 1764 4006 multis
1799 3935 1941 4007 saeculis

568 4076 642 4123 curn
671 4052 892 4124 Orientalibus
920 4053 1081 4122 Ecclesiis
1109 4055 1331 4124 continuatam
1366 4050 1574 4146 approbavit.

671 4170 728 4240 Xl.
781 4170 857 4239 Alia
895 4192 980 4262 quae
1014 4168 1161 4240 similiter
1196 4168 1365 4238 Censores
1402 4167 1551 4237 Lusitani
1586 4167 1846 4240 emendaverunt
1873 4173 1941 4240 suis
1996 4197 2129 4253 tui-oenus
2157 4201 2265 4269 Spem.

567 4282 651 4354 locis
679 4283 966 4365 examinabuntur„
994 4306 1091 4354 unum
1119 4283 1218 4354 morlo
1247 4287 1456 4372 attingemus.
1505 4284 1540 4352 ln
1568 4282 1718 4353 omnihus
1747 4287 2042 4374 cujacem-suct-

570 4422 633 4491 que
661 4400 794 4490 linguae
821 4399 978 4489 Liturgiis
1009 4400 1244 4483 Orientalibus,
1279 4400 1452 4470 invocatio
1487 4402 1592 4469 sancti
1620 4401 1761 4494 Spiritus
1794 4404 1827 4470 iu
1855 4399 1941 4469 tlouu

567 4519 759 4608 proposita
797 4526 830 4586 ct
861 4514 977 4585 verhis
1004 4515 1219 4605 Evangelicis
1255 4525 1472 4591 consecrata,
1509 4520 1618 4587 statim
1647 4527 1744 4609 atquc
1771 4515 1825 4586 illa
1853 4538 1941 4608 pro-

567 4633 721 4700 nunciata
756 4640 844 4715 sunt,
881 4630 1060 4722 subjicitur.
1120 4632 1155 4701 lu
1183 4630 1299 4701 Latina
1333 4636 1491 4701 versione
1524 4631 1639 4702 iisdem
1667 4634 1882 4726 praeponitur
1909 4642 1942 4701 et

568 4746 609 4815 iis
638 4746 767 4839 quidem
796 4745 911 4816 rerhis
939 4769 1025 4840 quae
1052 4746 1167 4816 formis
1197 4748 1333 4818 aliarum
1361 4747 1584 4837 Liturgiarurn
1612 4770 1677 4817 nou
1712 4750 1844 4817 omnino
1879 4769 1941 4817 re-

569 4861 751 4954 spondent,
786 4863 904 4933 tlcsunt
938 4866 1023 4932 enim
1058 4866 1145 4939 istuz,
1172 4870 1207 4931 ut
1240 4865 1425 4932 (culce-niens
1458 4862 1609 4955 Spiritus
1641 4869 1778 4931 surrclus
1811 4864 1942 4952 efficiat

565 4999 691 5067 portem
718 4978 850 5069 quictem
876 4981 974 5047 iatum
1008 5002 1131 5069 eorpus
1159 4979 1301 5065 Christi,
1335 4985 1368 5049 ct
1402 4979 1544 5048 eoliccru
1579 4982 1775 5072 corrprrincm
1804 4976 1940 5060 Cluiati,

569 5098 633 5161 etc.
661 5103 696 5162 ut
722 5092 884 5163 hahentur
911 5096 942 5162 in
971 5097 1061 5186 ipse,
1098 5094 1139 5163 cle
1168 5118 1232 5187 cpio
1261 5099 1409 5185 agimusa
1442 5094 1645 5165 Nestoriano
1672 5099 1735 5164 ritu
1762 5095 1793 5161 in
1823 5092 1941 5163 Theo-

506 5268 510 5275 .
569 5205 640 5277 dori
670 5218 704 5277 et
730 5208 878 5279 Nestorii
904 5208 1072 5299 Liturgiis.
1127 5210 1245 5280 Statim
1274 5213 1418 5280 occurrit
1450 5214 1559 5279 animo
1588 5208 1813 5280 diversitatem
1851 5206 1940 5277 illurn

569 5319 610 5391 ah
648 5322 765 5393 eadem
800 5323 985 5395 Censorum
1020 5348 1119 5396 manu
1156 5349 1234 5399 esse
1269 5326 1470 5421 prolectam„
1518 5327 1572 5419 qui
1605 5328 1731 5396 veteris
1768 5326 1940 5423 doctrinae
