5150 6534
902 827 1327 908 ‘tinnierit
1775 830 1800 907 5

534 1010 718 1083 Sacerdos.
770 1014 1075 1106 Dignareltomine
1100 1024 1136 1089 ut
1161 1038 1296 1112 semper
1306 1017 1530 1111 ingrediamm
1546 1005 1800 1111 domomum,

432 1136 466 1199 et
490 1126 660 1224 pulsemus
687 1127 892 1201 confidenter
918 1133 1037 1204 ostium
1063 1142 1169 1220 tuum,
1197 1131 1441 1228 adoremusque
1467 1135 1596 1207 sincere
1622 1137 1656 1205 in
1676 1135 1800 1233 templo

431 1254 498 1317 uro.
551 1244 683 1317 Exaudi
710 1268 931 1342 quoquenos
948 1247 1094 1340 benigne
1120 1257 1154 1320 et
1179 1247 1330 1321 concede
1343 1248 1442 1323 nobis
1456 1251 1635 1346 petitiones
1652 1261 1800 1342 nostras,
1860 1302 1866 1318 r

430 1359 604 1457 praeclare
631 1370 666 1432 et
690 1362 950 1435 misericorditer
976 1386 1021 1435 ex
1047 1363 1203 1437 thesauro
1230 1373 1302 1454 uo,
1342 1375 1377 1437 et
1400 1365 1587 1437 referemus
1624 1366 1683 1439 tihi
1716 1367 1800 1460 glo-

430 1477 514 1547 riam
539 1498 614 1546 cum
641 1477 781 1569 gaudio,
808 1477 923 1567 Pater,
949 1477 1013 1550 Fili
1040 1489 1073 1551 at
1098 1478 1240 1576 Spiritus
1268 1489 1401 1569 sancte,
1432 1502 1520 1553 nunc
1547 1490 1581 1553 et
1606 1503 1739 1578 semper
1765 1492 1800 1555 et

430 1592 464 1661 in
490 1591 625 1664 saecula
650 1593 878 1683 saeculorum,
905 1595 1024 1666 Amen.

533 1708 582 1780 m
607 1708 724 1780 dicuat
749 1732 863 1780 omnes
887 1709 1005 1781 amal:
1030 1707 1145 1783 Gloria
1172 1713 1206 1781 in
1234 1709 1382 1785 excelsis
1398 1709 1486 1799 Deo,
1513 1715 1598 1784 etin
1612 1722 1701 1787 terra
1719 1737 1802 1810 pax,

432 1828 467 1893 et
491 1842 570 1918 spes
595 1822 684 1895 bona
709 1823 914 1913 hominibus,
941 1835 1004 1898 etc.
1059 1824 1174 1898 Gloria
1199 1825 1291 1898 Patri
1317 1835 1351 1898 et
1376 1824 1471 1898 Filio.

533 1941 677 2012 Domine
703 1939 790 2013 labia
817 1963 892 2012 mea
923 1944 1017 2037 aperi
1050 1952 1083 2013 et
1118 1964 1158 2015 os
1189 1963 1299 2014 meum
1334 1944 1512 2014 annunciet
1536 1942 1666 2017 laudem
1702 1955 1802 2017 tuam

431 2054 525 2127 Pone
551 2056 694 2128 Domine
721 2056 904 2129 custodiam
932 2060 981 2129 ori
996 2079 1091 2146 meo,
1118 2066 1152 2128 et
1166 2060 1287 2129 ostium
1301 2059 1567 2132 circumstantiae
1582 2059 1679 2135 labiis
1703 2065 1801 2151 meis,

431 2180 559 2242 utnon
586 2170 727 2244 declinet
752 2194 812 2244 cor
838 2195 948 2244 meum
974 2174 1017 2245 ad
1043 2172 1183 2245 verbum
1210 2172 1348 2262 malum,
1373 2195 1437 2244 neo
1453 2194 1576 2270 operer
1601 2199 1707 2272 opera
1730 2182 1802 2249 ini-

432 2288 572 2381 quitatis
624 2286 793 2360 Memento
820 2289 964 2361 Domine
995 2288 1297 2361 misericordiarum
1330 2299 1460 2361 tuarum
1491 2314 1577 2386 quae
1612 2315 1631 2364 a
1663 2292 1802 2365 saeculo

432 2412 527 2491 sunt,
551 2406 799 2499 gratiarumque
824 2414 972 2476 tuarum:
999 2414 1033 2476 et
1059 2427 1147 2499 quae
1170 2407 1363 2501 insipienter
1389 2407 1462 2498 egi,
1488 2426 1532 2477 ne
1557 2416 1692 2501 reputes
1708 2407 1800 2497 milri,

432 2516 493 2589 sed
525 2519 707 2591 secundum
740 2519 977 2592 multitudinem
1008 2520 1310 2592 misericordiarum
1344 2505 1491 2609 tuarum,
1523 2532 1689 2595 memento
1725 2517 1818 2596 mei(

431 2631 573 2706 Domine
599 2634 701 2707 dilexi
727 2638 941 2708 ministerium
970 2635 1086 2709 domus
1112 2647 1207 2726 tuae,
1234 2646 1269 2708 et
1293 2636 1403 2708 locum
1428 2635 1637 2710 habitationis
1669 2637 1803 2730 gloriae

431 2757 524 2821 tuae:
552 2750 684 2823 domum
710 2761 799 2824 tuam
825 2750 923 2823 decet
949 2752 1159 2843 sanctitudo,
1193 2756 1233 2830 in.
1261 2750 1498 2845 longitudinem
1525 2751 1661 2825 dierum
1701 2751 1801 2825 Lau-

431 2864 506 2937 date
532 2866 709 2939 Dominum
735 2889 851 2939 omnes
876 2879 1016 2960 gentes,
1043 2867 1176 2940 laudate
1202 2891 1276 2940 eum
1309 2890 1425 2941 omnes
1457 2866 1581 2963 populi
1635 2867 1799 2955 Quoniam

429 2982 621 3055 confirmata
657 2992 710 3056 est
744 3005 845 3079 super
878 3005 942 3056 nos
968 2984 1197 3058 misericordia
1226 2986 1323 3076 ejus,
1358 2994 1392 3055 et
1424 3005 1509 3055 vere
1535 2983 1697 3056 Dominus
1724 2985 1801 3077 ipse

429 3101 540 3168 estin
567 3099 745 3172 saeculum.
800 3097 914 3170 Gloria
938 3100 1051 3190 Patri,
1078 3109 1112 3170 et
1138 3120 1238 3194 super
1264 3107 1388 3170 terram
1414 3121 1504 3194 pax,
1543 3108 1578 3170 et
1603 3121 1682 3194 spes
1708 3098 1799 3170 bona

429 3212 625 3287 hominibus.
1261 3293 1264 3298 ,

531 3330 749 3401 Prooemium
773 3330 821 3400 od
844 3328 1036 3423 Delporom
1064 3329 1119 3401 cel
1144 3329 1239 3400 aliod
1271 3328 1452 3400 secandam
1483 3331 1603 3400 corios
1635 3330 1801 3401 solemni-

431 3451 528 3517 ata.

532 3560 683 3635 Laudem
710 3572 744 3633 et
769 3560 1035 3651 confessionem,
1067 3562 1231 3654 gloriam,
1272 3558 1516 3651 laudationem,
1550 3562 1800 3651 exaltationem,

431 3687 466 3750 et
490 3676 791 3771 magnificentiam,
816 3676 946 3749 referre
972 3674 1131 3750 debemus
1157 3676 1204 3750 illi
1234 3676 1355 3748 fructui
1386 3675 1543 3770 amabili,
1583 3679 1639 3774 qui
1672 3699 1693 3748 e
1726 3681 1800 3749 sinu

429 3797 571 3885 virginis
597 3791 737 3889 prodiit,
764 3803 799 3865 et
823 3798 1026 3874 memoriam
1043 3796 1213 3886 genitricis
1240 3813 1324 3865 suae
1349 3791 1556 3890 praeclaram
1584 3803 1618 3866 et
1638 3791 1800 3864 iltmnem

430 3908 592 3981 reddidit:
619 3908 665 3980 illi
691 3909 835 3982 Domino
863 3908 1049 3998 adorando,
1075 3913 1130 4004 qui
1155 3908 1354 3981 festivitates
1380 3918 1570 3981 sanctorum
1596 3918 1743 3999 suorum,
1765 3916 1800 3979 et

429 4022 585 4096 laetitiam
612 4023 777 4097 felicitatis
805 4041 918 4097 eorum
944 4029 1031 4096 inter
1057 4036 1227 4098 creaturas
1253 4024 1473 4117 glorificavit,
1498 4021 1546 4093 illi
1571 4026 1654 4097 vivo
1682 4033 1715 4095 et
1737 4025 1798 4094 vi-

428 4136 546 4226 vifico,
574 4142 629 4234 qui
655 4162 742 4212 voce
769 4144 865 4214 suavi
892 4143 991 4213 etiam
1016 4151 1167 4213 mortuos
1194 4143 1337 4231 excitat,
1364 4149 1398 4211 et
1423 4138 1581 4235 populum
1600 4161 1696 4212 suum
1714 4139 1800 4231 glo-

428 4254 611 4327 rificatione
638 4259 827 4347 gratissima
853 4256 1026 4347 laetificat,
1052 4278 1151 4352 quem
1177 4255 1275 4327 decet
1300 4253 1425 4348 gloria,
1451 4264 1514 4327 etc.

534 4370 657 4441 Sedro.
708 4371 900 4446 Adoramus
926 4381 960 4444 te
987 4383 1020 4443 et
1045 4376 1172 4465 gratias
1199 4374 1328 4463 agimus
1361 4371 1439 4460 tibi,
1470 4380 1604 4444 creator
1637 4371 1800 4445 saeculo-

429 4508 520 4577 rum,
554 4496 588 4557 et
619 4487 773 4560 conditor
805 4499 1051 4578 creaturarum,
1084 4508 1224 4579 germen
1256 4485 1466 4559 benedictum
1505 4486 1594 4580 quod
1628 4508 1648 4558 e
1677 4485 1799 4578 Maria,

431 4610 522 4674 terra
552 4606 701 4696 sitiente,
732 4603 873 4701 prodiit,
905 4603 1100 4699 repletaque
1139 4613 1193 4675 est
1226 4612 1316 4675 terra
1349 4604 1455 4675 omnis
1488 4600 1594 4674 odore
1625 4603 1800 4674 suavitatis

433 4719 506 4810 ejus
541 4711 708 4811 eximiae,
746 4720 973 4812 faetoremque
1003 4728 1122 4791 tetrum
1153 4722 1330 4813 impietatis
1362 4716 1489 4813 expulit
1522 4739 1586 4813 par
1616 4716 1798 4788 doctrinam

432 4855 527 4907 suam
548 4834 770 4929 praeclaram.
823 4833 997 4907 Ollarimus
1023 4834 1090 4933 uhi,
1107 4838 1278 4907 incensum
1303 4834 1389 4906 istud
1414 4836 1519 4904 instar
1531 4833 1648 4905 Aaron
1667 4831 1797 4904 Sacer-

433 4948 538 5041 dotis,
565 4952 620 5045 qui
646 4949 763 5029 obtulit
787 4947 846 5021 tibi
872 4947 945 5021 thus
971 4972 1107 5045 purum,
1134 4960 1168 5021 et
1178 4947 1345 5045 prohibuit
1359 4950 1528 5020 exitiuma
1544 4945 1668 5041 populo
1681 4944 1798 5019 lsrael

430 5065 577 5138 Petimus
603 5088 686 5139 eece
713 5090 733 5138 a
760 5077 793 5137 te
818 5064 978 5157 Domine,
1010 5074 1047 5138 ut
1076 5068 1237 5161 suscipias
1268 5063 1356 5136 hunc
1382 5063 1520 5136 odorem
1546 5060 1672 5153 thuris,
1710 5061 1799 5157 quod

432 5181 527 5253 oliert
551 5180 610 5253 tibi
640 5186 783 5255 tenuitas
817 5191 954 5270 nostra,
985 5203 1048 5276 pro
1081 5183 1230 5277 peccatis
1266 5190 1302 5253 et
1332 5179 1526 5275 insipientis
1557 5180 1701 5251 nostris:
1733 5199 1796 5273 pro

433 5296 588 5372 divitibus
616 5307 649 5370 et
675 5301 813 5394 egenis3
838 5319 901 5395 pro
928 5297 1058 5394 pupillis
1085 5308 1119 5370 et
1143 5296 1272 5387 viduis3
1298 5318 1361 5393 pro
1388 5291 1517 5368 afflictis
1544 5303 1578 5364 et
1604 5298 1797 5391 quiperse-

1316 5444 1320 5450 .
1544 5410 1598 5485 4*
