5150 6534
590 845 669 921 224
1031 848 1209 925 bllllblllb
1235 783 1374 925 sancti
1398 848 1550 925 renutu

593 1035 791 1121 consistent,
827 1044 861 1106 et
886 1036 1074 1127 unigenitus
1105 1032 1208 1105 Filius
1241 1020 1317 1108 tuus
1347 1017 1517 1125 judicabit
1575 1034 1645 1108 Sed
1684 1036 1959 1131 quemadmodum

593 1170 719 1221 summa
755 1150 1004 1223 misericordem
1043 1172 1126 1242 erga
1163 1172 1225 1222 nos
1265 1161 1299 1223 te
1332 1149 1528 1237 exhibuisti,
1563 1174 1667 1246 parca
1700 1152 1959 1247 pusillanimitati

592 1274 744 1354 nostrae,
776 1268 936 1338 miserere
961 1264 1153 1338 infirmitatis
1180 1279 1319 1339 naturae
1351 1277 1508 1356 nostrae,
1539 1288 1607 1338 non
1634 1273 1668 1338 in
1689 1267 1867 1359 judicium,
1902 1278 1959 1341 aut

461 1385 464 1391 '
592 1380 895 1453 condemnationem
923 1391 1080 1475 reputans
1105 1380 1202 1454 nobis
1228 1382 1292 1455 hoc
1318 1405 1434 1455 munus
1461 1393 1562 1470 tuum,
1589 1381 1650 1456 sed
1676 1382 1718 1454 ad
1737 1388 1957 1473 sanctitatem,

593 1507 627 1569 et
651 1496 855 1588 vigilantiam
881 1507 915 1569 et
940 1500 1095 1569 viaticum
1124 1497 1237 1570 salutis
1263 1508 1409 1570 nostrae.
1450 1497 1494 1569 Et
1521 1509 1553 1570 te
1580 1497 1677 1570 decet
1702 1497 1824 1591 gloria,
1850 1499 1957 1572 honor

593 1623 627 1684 et
652 1616 837 1707 imperium,
864 1612 1023 1707 simulque
1048 1615 1218 1705 unigenito
1246 1612 1330 1685 Filio
1357 1624 1415 1685 tuo
1442 1625 1476 1684 et
1502 1614 1636 1709 Spiritui
1663 1618 1873 1688 sanctissimo
1890 1627 1955 1689 tuo.

695 1727 856 1820 Populus.
906 1729 1025 1799 Amen.

694 1842 877 1918 Sacerdos.
929 1844 1011 1915 Pax.

695 1959 854 2051 Populus.
905 1959 1048 2030 Etcum
1075 1962 1190 2053 spiritu
1217 1969 1282 2031 tuo.

695 2076 882 2147 Diaconum
934 2076 1036 2163 Post,
1064 2083 1127 2145 etc.

695 2193 856 2285 Populus.
909 2189 1032 2264 (loram
1059 2201 1102 2261 te.

694 2307 868 2379 Sacerdos
894 2308 1030 2379 elevans
1054 2329 1179 2377 vocem
1234 2306 1308 2379 Tibi
1335 2310 1388 2401 qui
1414 2311 1546 2398 genitus
1572 2329 1610 2379 es
1638 2306 1680 2380 ab
1715 2318 1875 2397 patemo,
1909 2327 1980 2379 ex.

593 2423 713 2495 lumine
739 2435 896 2511 aeterno,
932 2436 966 2495 et
997 2426 1186 2495 incarnatus
1223 2444 1260 2494 cs
1295 2422 1422 2518 absque
1453 2421 1519 2494 ulla
1548 2426 1746 2513 mutatione,
1779 2447 1827 2496 ex
1861 2433 1952 2495 utero

593 2540 764 2631 virginali,
797 2543 922 2633 gratias
954 2542 1102 2631 agimus,
1139 2547 1173 2610 et
1207 2547 1243 2610 ut
1267 2542 1458 2633 requiescat
1484 2538 1625 2611 dextera
1652 2550 1723 2630 trra,
1759 2562 1862 2637 super
1893 2559 1952 2612 nos

593 2676 709 2728 omnes
735 2665 908 2751 perpetue,
934 2654 1147 2750 postulamus.
1200 2653 1404 2739 Sacerdotes
1432 2653 1545 2728 altaris
1572 2657 1619 2726 tui
1645 2654 1753 2747 gloria
1779 2655 1892 2745 allice,
1921 2663 1953 2728 et

593 2773 816 2846 ministrantes
844 2770 902 2844 tibi
927 2774 960 2842 in
986 2769 1113 2866 honore
1147 2772 1318 2843 constitue.
1380 2770 1491 2842 Senes
1521 2770 1771 2843 mansuetudine
1803 2793 1888 2871 ornp
1921 2780 1954 2843 ct

595 2887 738 2979 adjuva:
773 2892 914 2983 impetus
936 2890 1095 2978 juvenum
1123 2908 1258 2958 coerce:
1292 2907 1416 2981 pueros
1443 2886 1548 2957 educa
1573 2890 1607 2957 in
1634 2886 1813 2975 modestia,
1846 2881 1882 2964 dt
1913 2885 1954 2959 ad

594 3025 754 3075 summum
781 3006 941 3076 scientiae
967 3006 1094 3098 apicem
1126 3001 1308 3095 perducito.
1365 3002 1455 3074 Sana
1481 3003 1622 3074 Domine
1656 3002 1823 3092 infirmos,
1858 3001 1954 3075 abluo

593 3118 741 3192 maculas
776 3128 1006 3216 peccatorum:
1049 3117 1191 3209 obsigna
1226 3139 1326 3189 cruce
1360 3128 1415 3194 tua
1448 3117 1627 3209 Virgines:
1671 3119 1802 3191 custodi
1834 3103 1955 3191 lectrum

594 3238 862 3329 conjugatorum:
888 3238 979 3306 mitte
1005 3237 1123 3326 egenis
1149 3236 1369 3307 saturitatem:
1398 3244 1470 3306 esto
1498 3232 1719 3329 orphanomm
1744 3244 1891 3323 curator,
1922 3244 1956 3307 et

594 3350 798 3423 confortator
831 3351 1012 3424 viduarum
1065 3350 1171 3422 Parce
1205 3348 1268 3421 illis
1300 3351 1354 3443 qui
1385 3360 1586 3445 acceperunt
1621 3370 1744 3444 eorpus
1776 3359 1883 3422 hrum:
1922 3359 1956 3422 et

594 3488 655 3538 eos
683 3471 736 3560 qui
762 3467 915 3539 biberunt
947 3490 993 3537 ex
1026 3468 1188 3556 sanguina
1220 3476 1290 3554 tuo,
1325 3464 1475 3560 perlecto
1507 3464 1654 3560 purifica.
1711 3465 1859 3537 Benedic
1890 3464 1955 3537 illis

595 3585 650 3675 qui
675 3605 736 3676 per
762 3606 894 3654 crucem
920 3592 1008 3654 tuam
1035 3581 1173 3654 salutem
1201 3584 1370 3655 consecuti
1394 3591 1485 3669 sunt;
1518 3581 1686 3653 sanctifica
1716 3585 1813 3653 etiam
1848 3599 1956 3674 agnos

595 3703 711 3789 gregis
737 3702 799 3787 tui,
827 3696 917 3771 oves
938 3709 1009 3769 tuas
1036 3697 1140 3769 adhuc
1167 3698 1209 3769 ad
1236 3697 1326 3769 ovile
1361 3708 1464 3770 tuum:
1498 3718 1605 3788 agnos
1635 3707 1712 3769 tuos
1738 3699 1771 3767 in
1799 3695 1956 3770 doctrinis

595 3817 659 3884 tuis
680 3816 849 3904 confirma,
875 3837 1136 3908 unumquemque
1158 3818 1191 3884 in
1210 3814 1316 3905 gradu
1332 3825 1365 3885 et
1384 3814 1499 3885 ordine
1515 3805 1576 3886 suo
1599 3816 1709 3902 visita,
1735 3835 1797 3909 per
1817 3816 1956 3886 miseri-

597 3930 740 4002 cordiam
767 3940 862 4003 tuam.
914 3929 987 4002 Nos
1019 3942 1126 4001 autem
1152 3929 1294 4003 Domine
1322 3952 1443 4003 servos
1470 3942 1561 4020 tuos,
1594 3940 1627 4001 et
1658 3928 1847 4001 sacerdotio
1874 3928 1956 4001 iun-

596 4058 714 4138 gentes
741 4047 810 4135 tibi,
837 4046 955 4138 dignos
984 4046 1076 4118 ellice
1102 4048 1231 4136 visione
1264 4050 1328 4117 tui:
1363 4068 1426 4118 nos
1459 4067 1574 4117 omnes
1606 4045 1713 4117 adduc
1747 4044 1789 4116 ad
1819 4043 1956 4117 babita-

598 4164 704 4234 culum
736 4172 842 4235 tuum:
883 4172 1010 4233 mentes
1043 4170 1174 4233 nostras
1210 4161 1321 4233 lirmas
1356 4162 1449 4233 allice
1481 4165 1514 4232 in
1547 4160 1722 4233 dilectione
1755 4172 1829 4233 trra:
1870 4161 1956 4235 oculi

496 4275 502 4289 '
597 4284 700 4351 nostri
738 4280 883 4367 videant,
923 4281 1131 4370 majestatem
1166 4276 1341 4348 timendam
1373 4289 1476 4349 tuam:
1518 4300 1578 4349 ora
1613 4284 1728 4349 nostm
1764 4275 1955 4372 repleantur

598 4394 906 4467 sanctificationibus
934 4398 1010 4465 tuis:
1036 4393 1124 4465 labin
1150 4402 1277 4483 nostra,
1304 4394 1463 4496 Domine,
1483 4392 1599 4466 laudas
1625 4404 1698 4465 tuas
1725 4396 1954 4488 pronuncient,

597 4512 770 4606 Patrisque
795 4512 841 4581 tui
866 4508 1030 4581 benedicti
1056 4518 1090 4580 et
1115 4509 1221 4598 beati,
1255 4519 1290 4579 et
1315 4510 1455 4603 Spiritus
1482 4493 1545 4598 tui,
1571 4512 1661 4597 vivi,
1688 4510 1812 4599 sancti,
1838 4509 1953 4581 vivili-

597 4631 703 4700 cantis
730 4637 763 4698 et
787 4624 845 4697 tibi
871 4624 1169 4698 consubstantialis.

699 4742 859 4835 Populea.
912 4742 1031 4812 Amen.

699 4859 883 4930 Diaconos.
936 4857 1081 4928 Benedic
1105 4857 1257 4928 Domine.

699 4975 880 5046 Sacerdos.
935 4973 1080 5044 Benedic
1107 4969 1270 5044 omnibus.
