5150 6534
597 821 674 896 324
786 848 793 859 ’
1101 824 1462 902 thllllGlh

595 1011 736 1103 impura,
753 1018 811 1081 aut
825 1030 946 1081 vocem
967 1010 1179 1100 immundam,
1206 1020 1263 1084 aut
1278 1021 1421 1083 menum
1436 1010 1559 1083 malitia
1577 1010 1727 1107 plenam3
1753 1012 1817 1084 sed
1830 1015 1964 1108 suscipe

595 1125 835 1219 superaltare
868 1138 958 1198 tuum
991 1126 1163 1221 spirituale
1194 1126 1963 1216 etcoclosuhlimius‚hccsacrihciunin

595 1240 735 1312 odorem
761 1244 955 1313 suavitatis:
988 1241 1034 1313 m
1059 1246 1150 1313 mitte
1175 1243 1274 1315 uobis
1301 1243 1344 1314 de
1370 1244 1510 1315 excelso
1536 1253 1654 1318 sancto
1680 1253 1737 1316 tuo
1763 1244 1962 1317 Paraclitu

595 1357 753 1451 speum
783 1367 893 1446 num,
924 1357 1119 1445 mutuum,
1150 1359 1395 1447 vivificamur,
1422 1363 1478 1454 qu
1503 1364 1537 1431 ιιι
1567 1359 1688 1452 Lege,
1720 1343 1899 1454 empticus
1929 1370 1963 1432 ar

594 1470 771 1566 Apostolis
795 1473 926 1545 locutus
951 1484 1023 1561 est;
1049 1478 1106 1569 qui
1130 1473 1328 1569 ubicumque
1352 1497 1516 1570 praeseus
1541 1485 1613 1561 cst,
1640 1486 1675 1548 et
1700 1475 1810 1571 replet
1835 1478 1962 1565 omi,

597 1592 652 1682 qui
678 1592 777 1659 etiam
803 1597 968 1683 potestate
994 1595 1131 1684 propria
1157 1594 1365 1662 sanctitatem
1389 1594 1423 1661 iu
1441 1594 1483 1662 iis
1501 1594 1558 1686 qui
1572 1591 1663 1684 digni
1680 1602 1768 1678 sum,
1793 1602 1962 1686 operatur.

699 1703 884 1775 Somou.
934 1704 1068 1777 Exaudi
1094 1729 1149 1777 me
1174 1708 1328 1779 Domine.
1724 1733 1730 1742 ·

700 1820 859 1913 Populus.
911 1820 1017 1915 llyrie
1042 1820 1171 1894 eleison
1197 1829 1261 1893 ter.

701 1935 885 2009 Sacerdos.
937 1938 1048 2032 Super
1087 1960 1153 2010 uos
1186 1949 1221 2010 et
1253 1961 1356 2034 super
1391 1938 1452 2011 has
1486 1937 1672 2012 oblationes
1706 1943 1900 2035 propositas
1930 1951 1963 2012 ct

596 2051 767 2128 sanctifica
793 2052 878 2140 illas,
909 2049 925 2090 ³
949 2064 986 2125 ut
1010 2058 1107 2149 panis
1133 2054 1266 2149 quidem
1291 2060 1356 2127 iste
1381 2055 1439 2127 liat
1463 2078 1588 2151 corpus
1619 2055 1806 2144 vivificum,
1838 2077 1961 2151 eorpus

595 2169 766 2256 coeleste,
791 2190 914 2264 corpus
940 2168 1086 2240 salutare
1112 2170 1283 2244 animabus
1301 2172 1566 2266 corporibusque
1579 2175 1716 2257 uostris,
1741 2193 1867 2266 corpus
1883 2172 1961 2243 Do-

595 2289 675 2358 mini
700 2284 766 2355 Dei
793 2296 827 2357 et
852 2284 1031 2356 salvatoris
1056 2291 1164 2357 nostri
1189 2287 1271 2358 lesu
1298 2287 1440 2374 Christi,
1466 2291 1501 2358 iu
1531 2292 1764 2359 remissionem
1795 2298 1960 2381 peccam

595 2426 668 2473 rum
694 2411 729 2472 et
753 2404 856 2472 vitam
882 2411 1052 2473 aeternam
1079 2402 1336 2498 suscipientibus
1362 2402 1452 2474 ihud.
1502 2403 1548 2474 Et
1572 2408 1704 2474 mistum
1729 2403 1819 2497 quod
1851 2406 1961 2476 estin

595 2518 661 2589 hoc
686 2516 792 2589 calice
816 2516 918 2588 iaciat
950 2520 1147 2609 sauguinem
1172 2519 1263 2592 Novi
1295 2520 1520 2608 Testamenti,
1554 2523 1748 2610 sauguinem
1780 2518 1961 2607 vivificum,

596 2636 792 2725 sanguinem
819 2632 1017 2720 salutarem,
1043 2640 1240 2727 sanguinem
1264 2635 1400 2708 Domini
1424 2636 1489 2707 Dei
1520 2645 1555 2706 et
1585 2638 1678 2725 regis
1710 2638 1856 2706 omnium
1881 2635 1961 2707 tm

596 2749 718 2822 Christi
743 2751 775 2819 iu
801 2750 1032 2821 remissionem
1057 2760 1290 2845 peccatorum,
1323 2761 1357 2821 et
1389 2753 1493 2821 vitam
1528 2759 1698 2822 aeternam
1724 2751 1961 2845 accipientibus

593 2867 693 2939 illum.

695 2980 871 3051 Sacerdos
890 2982 1121 3073 prosequitur.
1173 2981 1317 3052 Domine
1344 2979 1620 3074 quemadmodum
1644 2978 1701 3050 illa
1732 3001 1795 3074 per
1820 2984 1962 3071 gretiam

591 3112 628 3172 et
651 3104 806 3170 virtudem
834 3108 923 3168 tuam
948 3094 1098 3190 perfecta
1125 3105 1218 3179 sunt,
1245 3100 1290 3167 ita
1316 3093 1371 3167 fac
1397 3096 1460 3167 illis
1487 3095 1639 3168 omuibus
1658 3098 1857 3190 quicumque
1881 3095 1961 3169 illo-

592 3240 664 3289 rum
692 3217 871 3309 participes
898 3210 997 3284 suurn
1024 3221 1116 3297 sunt,
1142 3233 1253 3306 neque
1279 3210 1364 3282 ullus
1389 3234 1451 3306 per
1477 3212 1627 3283 duritiam
1660 3210 1772 3283 cordis
1804 3214 1858 3282 sui
1889 3216 1961 3284 ira-

593 3331 708 3419 cundi,
742 3341 798 3402 aut
837 3330 1082 3425 impoenitentis
1116 3335 1285 3411 teneatur,
1325 3338 1382 3397 aut
1413 3326 1628 3422 prohibeatur
1662 3326 1704 3398 ab
1739 3348 1885 3399 accessu
1920 3327 1961 3399 ad

595 3449 769 3543 mysteria,
796 3446 857 3517 sed
884 3465 1002 3516 omnes
1029 3442 1071 3514 ad
1099 3441 1220 3513 bonam
1247 3441 1450 3514 voluntatem
1478 3454 1566 3514 tuam
1592 3453 1755 3514 converte
1784 3442 1801 3480 ⁴
1827 3452 1864 3513 et
1887 3443 1961 3518 db-

595 3584 702 3656 pone,
735 3565 812 3655 quia
843 3572 877 3632 tu
911 3583 949 3631 es
977 3563 1034 3654 qui
1060 3558 1164 3645 taen,
1190 3562 1382 3641 convertis,
1417 3570 1451 3630 et
1483 3559 1617 3630 ordinas
1654 3557 1886 3653 quodcumque
1920 3560 1962 3633 ad

593 3675 726 3748 bonum.
779 3677 948 3749 Timorem
983 3686 1072 3746 tuum
1104 3677 1138 3744 iu
1170 3672 1269 3745 nobis
1302 3678 1432 3759 insere,
1466 3685 1500 3745 et
1534 3697 1626 3768 spem
1661 3679 1753 3745 vitae
1790 3684 1961 3765 aeternae,

593 3792 716 3886 tibique
742 3791 884 3884 gloriam
909 3790 1092 3863 referemus
1120 3800 1153 3861 et
1179 3793 1348 3881 unigenito
1375 3789 1460 3862 Filio
1488 3802 1553 3862 tuo.

697 3907 873 3980 Sacerdos
907 3908 1098 3979 inclinatus.
1152 3908 1296 4002 Propter
1322 3903 1553 3977 abunduntiam
1569 3908 1699 3997 gratim
1715 3903 1959 3994 tuaeDomiue,

595 4025 687 4116 digni
712 4025 792 4097 iacti
819 4047 931 4098 sumus
966 4022 978 4060 ⁵
1004 4022 1208 4118 perfectione
1235 4021 1411 4093 oblationis
1430 4022 1580 4108 divinae,
1608 4032 1642 4093 et
1657 4019 1853 4092 confidimus
1869 4025 1960 4109 satis,

594 4140 684 4235 quod
701 4164 788 4235 quae
815 4162 835 4210 a
862 4150 895 4211 te
921 4144 1061 4234 petimus
1088 4141 1300 4210 consecuturi
1326 4160 1448 4239 sumus.
1500 4139 1729 4232 Deprecamur
1755 4147 1801 4224 te,
1828 4149 1865 4209 ut
1883 4161 1960 4209 me-

594 4259 729 4328 mineris
754 4253 930 4327 Ecclesiae
964 4264 1038 4326 tuae
1072 4252 1266 4326 Catholicae
1299 4276 1504 4347 quacumque
1537 4252 1692 4340 diffusae,
1727 4260 1762 4325 et
1792 4253 1961 4326 custodias

597 4393 670 4442 eam
698 4374 732 4441 iu
758 4369 916 4466 operibus
938 4369 1036 4442 bouis
1053 4379 1087 4440 et
1104 4368 1342 4441 observatione
1359 4369 1587 4442 mandatorum
1601 4381 1738 4441 tuorum.
1790 4368 1963 4442 Memento

594 4487 739 4558 Domine
763 4485 1008 4582 Episcopomm
1036 4483 1323 4557 Orthodoxorum:
1349 4493 1515 4556 memento
1541 4484 1779 4574 Sacerdotum,
1812 4496 1848 4557 et
1871 4486 1963 4558 Dia-

594 4624 773 4691 couonum,
804 4606 981 4697 praecipue
1021 4601 1151 4673 illorum
1186 4603 1241 4693 qui
1272 4600 1408 4686 adsunt,
1448 4612 1482 4672 et
1516 4611 1613 4673 orant
1644 4599 1828 4673 uobiscum.
1879 4600 1964 4673 hle-

594 4727 707 4787 meuto
733 4719 876 4788 Domine
903 4721 1000 4787 etiam
1027 4719 1093 4787 mei
1119 4718 1317 4811 peccatoris.
1369 4716 1423 4787 Da
1449 4715 1525 4786 mihi
1551 4728 1586 4789 ut
1612 4717 1812 4808 intelligam,
1840 4727 1966 4811 quauta

595 4832 739 4922 dignitas
767 4837 809 4905 sit
834 4832 983 4905 adstandi
1010 4853 1122 4903 coram
1148 4831 1243 4903 altari
1270 4841 1326 4904 tuo
1354 4841 1486 4921 sanct03
1514 4843 1548 4905 et
1574 4831 1727 4927 quidquid
1754 4837 1864 4905 auimo
1892 4857 1965 4930 pu-

596 4948 670 5019 sillo
698 4958 754 5019 aut
779 4948 895 5043 puerili
918 4949 1096 5039 jucundum
1123 4959 1191 5036 est,
1218 4973 1238 5020 a
1264 4970 1319 5019 me
1345 4948 1457 5037 aufer,
1483 4971 1526 5019 ne
1552 4948 1631 5020 illud
1656 4949 1733 5019 mihi
1760 4952 1802 5021 sit
1827 4952 1862 5021 iu
1876 4971 1965 5022 onus

597 5067 831 5155 gravissimum
857 5068 891 5135 in
918 5065 971 5137 die
998 5065 1053 5137 illo
1081 5063 1218 5137 terribili
1244 5066 1382 5136 rationis
1408 5064 1615 5154 reddeudae;
1642 5063 1747 5137 libera
1780 5069 1882 5137 etiam
1911 5087 1968 5138 me

598 5179 640 5251 ah
668 5184 757 5251 omni
784 5172 978 5274 operatione
1004 5183 1134 5252 virtutis
1161 5183 1332 5268 sinistrae,
1357 5203 1467 5275 neque
1491 5181 1614 5277 perdas
1640 5204 1694 5253 me
1727 5205 1800 5253 cum
1836 5185 1968 5279 iniqui-

594 5294 717 5367 tatibus
751 5299 852 5383 meis,
887 5318 996 5391 neque
1026 5298 1059 5366 iu
1095 5306 1267 5368 aeteruum
1299 5300 1422 5388 iratus,
1457 5319 1616 5370 reserves
1650 5285 1737 5369 mala
1763 5298 1858 5370 mihi:
1902 5298 1968 5373 sed
