5150 6534
606 807 658 884 88
981 808 1599 887 deservitionis

605 1001 666 1054 est:
690 993 743 1055 sed
769 993 839 1056 illae
864 993 902 1055 ad
923 992 1074 1057 Jacobites
1097 992 1361 1073 germanissimos,
1384 993 1489 1073 quales
1512 993 1632 1057 luerunt
1654 994 1697 1056 illi
1719 1010 1846 1074 quorum
1867 991 1978 1056 Litur-

605 1092 672 1174 glas
695 1094 936 1173 interpretamur,
959 1111 1148 1174 nequaquam
1170 1093 1337 1173 pertinent:
1373 1094 1472 1171 quisi
1496 1094 1526 1154 in
1548 1094 1649 1174 aliquo
1673 1111 1778 1156 errore
1801 1101 1977 1171 versantur,

606 1190 675 1252 dum
698 1190 870 1254 Orationem
899 1193 995 1273 ipsam
1017 1192 1193 1274 simpliciter
1223 1190 1441 1272 pronunciant,
1470 1201 1501 1254 et
1529 1192 1694 1255 secundum
1722 1191 1977 1275 significationem

605 1291 768 1352 verborum
791 1290 947 1372 vulgarem
969 1291 1156 1373 intelligunt,
1186 1292 1293 1353 saltem
1315 1293 1340 1353 is
1364 1310 1453 1354 error
1481 1311 1572 1355 verae
1602 1293 1856 1356 transmutationis
1883 1290 1977 1354 fidem

605 1408 666 1452 non
688 1392 820 1472 attingit:
844 1408 911 1452 cum
934 1392 1068 1453 eamdem
1091 1390 1257 1454 etliiacoui
1279 1392 1413 1470 monitio,
1437 1400 1468 1454 et
1490 1410 1623 1473 sequens
1646 1393 1810 1469 invocatio,
1833 1391 1982 1469 invictio-¹

605 1490 681 1551 sime
703 1489 918 1552 demonstrent.

315 1750 351 1803 lt.
369 1750 385 1804 t.
403 1750 447 1803 38.
1033 1750 1211 1824 Innocentio
1238 1752 1391 1847 Spiritus
1415 1757 1535 1825 sancti.

315 1976 487 2028 luvocationis
509 1978 590 2030 forma
700 1959 753 2036 Du
778 1969 828 2031 illa
852 1971 987 2032 oratione
1010 1968 1105 2032 fusius
1129 1971 1238 2034 dictum
1266 1980 1313 2034 est
1344 1971 1564 2035 Commentario
1593 1970 1631 2032 ad
1659 1968 1838 2032 Basilianam
1865 1967 1973 2034 litur-

283 2061 394 2115 Graecae
412 2063 507 2115 simiis.
604 2073 698 2155 giam:
720 2074 768 2136 lric
792 2092 828 2135 eu
850 2080 962 2154 tautum
985 2091 1183 2152 exponemus,
1206 2093 1283 2154 quae
1312 2075 1349 2137 ad
1380 2076 1464 2137 istam
1487 2075 1570 2155 Syris
1594 2091 1780 2135 communem
1803 2071 1881 2135 illius
1904 2072 1974 2136 lor-

603 2191 679 2234 mam
717 2173 841 2253 proprie
877 2173 1038 2253 pertinent.
1098 2173 1193 2236 Porro
1228 2182 1261 2235 ut
1292 2175 1417 2236 intuenti
1446 2180 1602 2254 utramque
1630 2172 1728 2233 statim
1758 2179 1903 2252 apparet,
1931 2191 1973 2235 ex
2093 2237 2096 2242 ,

605 2270 721 2334 Graeco
745 2270 910 2351 exemplari
932 2272 1028 2352 prima
1045 2272 1188 2334 orationis
1211 2290 1282 2353 pars
1306 2291 1403 2353 prope
1426 2272 1464 2333 ad
1479 2273 1605 2333 verbum
1620 2271 1831 2332 translataest.
1853 2270 1974 2335 Deinde

595 2357 661 2432 Ἵνα
682 2364 900 2455 ἐπιφοιτήσειν
920 2366 961 2453 τῇ
984 2361 1061 2452 ἁγίᾳ
1082 2367 1138 2433 καὶ
1159 2359 1274 2455 ἀγαθῇ
1294 2366 1349 2434 καὶ
1371 2358 1490 2452 ἐνδόξῳ
1511 2358 1616 2433 αὐτοῦ
1636 2362 1821 2455 παρουσίᾳ,
1850 2355 1973 2456 ἁγιάσῃ

604 2466 660 2532 καὶ
680 2456 804 2553 ποιήσῃ
824 2457 882 2531 τὸν
903 2464 963 2546 μὲν
985 2458 1083 2555 ἄοιον
1103 2467 1219 2533 τοῦτον
1246 2467 1343 2547 σῶμα
1364 2458 1456 2553 ἅγιον
1475 2466 1538 2532 τοῦ
1558 2465 1710 2557 Χριστοῦ
1731 2484 1803 2532 σου.
1850 2467 1889 2530 Ut
1910 2470 1974 2531 od-

603 2571 726 2632 oena'ene
748 2576 855 2629 sanctu
877 2568 959 2630 bono
980 2577 1009 2630 et
1028 2570 1166 2648 ptorioso
1187 2589 1244 2632 sno
1264 2572 1457 2649 praesentio,
1479 2571 1654 2648 eoncdfieet,
1677 2576 1707 2630 et
1724 2567 1840 2646 societ,
1859 2587 1974 2647 posteat

604 2669 722 2749 φιίάιιιι
743 2670 844 2744 ictum,
868 2686 980 2746 corpus
1001 2676 1138 2729 sanctum
1161 2667 1276 2731 Cirtae
1297 2671 1348 2731 tui.
1386 2668 1456 2750 Syri
1477 2686 1552 2731 vero
1575 2668 1766 2746 addiderunt,
1788 2684 1900 2748 corpus
1920 2670 1973 2731 oi-

603 2770 733 2847 oificum,
755 2767 899 2844 solutore,
923 2767 1060 2842 coeleste,
1082 2768 1241 2829 animabus
1268 2777 1299 2829 et
1323 2768 1502 2846 corporibru
1523 2768 1649 2828 saluum
1666 2774 1842 2846 praestans.
1887 2765 1972 2829 Haeo

606 2867 699 2929 verba
722 2866 841 2946 pietatis
864 2873 895 2927 et
917 2865 1072 2947 religionis
1095 2867 1184 2946 plena
1207 2874 1287 2943 sunt,
1310 2867 1365 2928 sed
1389 2867 1425 2928 ab
1439 2867 1557 2947 antiqua
1574 2866 1755 2928 Graecarum
1766 2864 1972 2945 Liturgr‘arum

605 2965 792 3046 simplicitate
814 2965 960 3027 recedunt
982 2965 1179 3046 aliquatenus,
1210 2966 1369 3045 additaque
1391 2964 1531 3028 videntur
1560 2982 1578 3026 a
1605 2964 1770 3042 tacobitis,
1800 2963 1840 3026 ad
1868 2964 1971 3047 expli-

607 3063 729 3126 candam
752 3064 847 3146 magis
870 3064 1014 3127 humanae
1037 3082 1103 3126 cum
1126 3066 1226 3128 divina
1248 3073 1373 3127 naturae
1395 3067 1553 3141 unionem,
1581 3063 1747 3128 secundum
1775 3062 1882 3145 Cyrilli
1911 3064 1972 3129 do-

605 3165 740 3241 ctrinam,
763 3182 821 3244 qua
844 3165 964 3244 saepius
988 3163 1159 3241 abutuntur,
1183 3173 1364 3227 nontamen
1392 3164 1552 3228 hocloco.
1597 3163 1630 3226 lu
1660 3163 1813 3245 plerisque
1837 3161 1971 3245 Syriacis

602 3263 745 3345 Liturgiis
768 3262 962 3343 amplificatur
984 3265 1080 3326 oratio
1103 3263 1212 3326 eodem
1233 3264 1341 3340 modo,
1372 3271 1431 3326 tam
1452 3264 1491 3325 de
1521 3263 1634 3344 Spiritu
1662 3271 1785 3341 sancto,
1812 3280 1902 3344 quam
1930 3262 1971 3327 de

604 3361 713 3424 Christi
737 3379 876 3442 corpore.

316 3475 401 3528 verta
427 3476 520 3545 quillus
542 3496 589 3531 ex·
688 3463 753 3525 Jam
777 3471 809 3523 ut
832 3462 927 3524 verba
948 3463 1013 3544 ipsa
1037 3462 1251 3542 expendamus,
1275 3462 1373 3523 statim
1391 3462 1523 3522 occurrit
1537 3459 1726 3523 voxGraeoa
1740 3454 1993 3546 ε’πιφοιτῆοιιν,4

283 3564 357 3627 prino
374 3563 447 3614 soter,
603 3582 680 3642 quae
703 3562 814 3642 legitur
843 3562 970 3640 pariter,
1000 3562 1029 3622 in
1058 3562 1192 3643 Liturgia
1222 3560 1337 3622 Graeca
1365 3559 1571 3622 Alexandrina
1602 3560 1752 3637 secunda,
1782 3567 1813 3622 et
1839 3562 1866 3622 si
1896 3560 1970 3625 alias

605 3660 736 3723 Graecas
761 3677 978 3741 comparemus,
1001 3660 1175 3739 simpliciter
1196 3660 1346 3741 significat
1369 3657 1446 3721 idem
1462 3660 1542 3739 quod
1554 3652 1668 3721 ἐλθεῖν
1683 3660 1712 3720 iu
1726 3659 1828 3722 Basilii
1841 3657 1971 3738 Graeca,

605 3766 655 3820 eut
677 3752 834 3820 ἐπελθεῖν
855 3762 958 3820 pertire
980 3766 1030 3820 aut
1052 3760 1255 3838 superuenire,
1279 3757 1359 3838 quod
1379 3758 1456 3820 idem
1479 3767 1534 3821 est.
1578 3758 1648 3838 Syri
1670 3776 1777 3821 vocem
1798 3756 1890 3836 illam,
1912 3758 1972 3822 alia

604 3867 830 3939 expresserunt,
854 3877 932 3939 quae
955 3857 993 3919 ad
1014 3858 1188 3938 mysterium
1201 3858 1441 3920 consecrationis
1455 3857 1674 3937 explicandum,
1699 3857 1865 3939 pleniorem
1877 3875 1972 3938 prae-

603 3958 718 4020 sentiae
742 3965 772 4020 et
794 3957 979 4037 operationis
1002 3958 1032 4017 iu
1046 3957 1123 4018 dona
1139 3958 1293 4037 proposita
1305 3955 1552 4038 significationem
1566 3955 1665 4020 ollerl.
1695 3955 1738 4018 Ea
1751 3964 1797 4018 est
1810 3968 1885 4052 ylttn
1906 3962 1970 4024 Ἱππ

605 4075 702 4136 quae,
752 4057 788 4119 ad
822 4056 947 4118 verbum
983 4056 1132 4137 siguificat
1161 4042 1367 4133 ἑπισκιοέζον,
1402 4064 1432 4117 ot
1467 4057 1536 4117 voci
1571 4054 1705 4117 Graecae
1737 4055 1902 4136 respondet
1940 4056 1972 4119 iu

604 4158 804 4220 vetustissima
826 4158 974 4218 versione
997 4156 1120 4235 Syriaca
1143 4155 1243 4217 Lucae
1267 4171 1294 4217 c.
1320 4154 1348 4215 1.
1372 4161 1402 4228 §.
1419 4152 1470 4215 35.
1520 4154 1619 4216 Virtus
1641 4155 1782 4216 altissimi
1802 4154 1972 4218 οὸιιιιιὺνο-

605 4256 649 4317 bit
670 4258 732 4318 tibi.
762 4257 805 4319 Ea
824 4274 902 4319 voce
925 4256 1100 4336 frequenter
1122 4264 1245 4318 utuntur
1268 4253 1416 4337 Theologi
1434 4255 1512 4334 Syri,
1536 4254 1573 4315 ed
1586 4252 1814 4335 significandum
1829 4253 1971 4334 illapsum

605 4354 733 4436 Spiritus
755 4357 852 4419 saneti
874 4374 967 4435 super
988 4355 1020 4418 B.
1034 4356 1199 4437 Virginem,
1223 4354 1342 4435 quando
1365 4353 1504 4416 formavit
1515 4373 1556 4415 ex
1570 4353 1636 4433 ejus
1651 4369 1742 4415 carne
1761 4359 1791 4413 et
1809 4353 1971 4437 sanguiue,

605 4473 716 4535 corpus
739 4456 768 4516 in
791 4474 851 4536 quo
875 4454 951 4516 lilius
973 4454 1030 4516 Dei
1053 4462 1179 4535 propter
1208 4454 1337 4516 salutem
1358 4461 1501 4528 nostram,
1524 4454 1612 4515 homo
1636 4451 1731 4514 lectus
1760 4459 1815 4514 est.
1859 4451 1969 4534 Neque

603 4554 791 4635 frequentior
813 4554 892 4634 apud
915 4571 968 4615 eos
991 4554 1174 4633 comparatio
1198 4562 1254 4630 est,
1278 4549 1551 4634 adsignificandam
1564 4550 1727 4614 mirabilem
1750 4550 1971 4614 elemeutoruur

602 4654 890 4728 transmutationem,
922 4670 1010 4732 quam
1040 4652 1089 4715 illa
1117 4671 1155 4714 ex
1186 4654 1330 4732 mysterio
1361 4650 1575 4714 lncamationis
1606 4651 1703 4712 ducta.
1751 4648 1863 4710 Dicunt
1888 4650 1971 4713 euim

603 4754 745 4835 Spiritum
779 4760 915 4815 sanctum
943 4769 1035 4831 super
1063 4752 1142 4813 dona
1171 4752 1201 4813 in
1229 4751 1316 4812 ellari
1347 4751 1503 4831 proposita
1535 4748 1740 4825 descendere,
1770 4749 1848 4810 sicut
1876 4765 1973 4829 super

603 4854 757 4933 Virginem
779 4852 903 4932 illapsus
927 4858 983 4929 est,
1007 4858 1038 4912 et
1061 4871 1099 4913 ex
1127 4867 1205 4931 pane
1236 4859 1267 4911 et
1296 4851 1384 4928 vino,
1410 4869 1471 4929 per
1499 4850 1734 4929 omnipotentem
1763 4848 1974 4928 operationem

603 4971 698 5031 suom,
720 4954 850 5016 lormare
874 4968 985 5031 corpus
1008 4950 1059 5012 lilii
1081 4949 1152 5024 Dei;
1181 4958 1212 5010 ut
1240 4949 1311 5011 illud
1335 4969 1375 5011 ex
1398 4967 1489 5011 carne
1512 4957 1543 5010 et
1565 4949 1713 5029 sanguine
1736 4946 1873 5028 ejusdem
1895 4946 1973 5010 vir-

604 5053 683 5133 ginis
707 5052 863 5129 lormavit,
892 5051 921 5111 in
945 5048 1160 5111 iucarnationis
1189 5050 1343 5130 mysterio.
1394 5048 1508 5111 Eodem
1536 5048 1650 5128 Spiritu
1678 5054 1782 5109 sancto
1812 5053 1975 5128 operante,

605 5151 793 5214 descendere
821 5149 859 5212 dc
886 5149 973 5212 coelo
997 5148 1087 5209 filium
1117 5147 1191 5225 Dei,
1218 5151 1363 5229 unireque
1390 5148 1448 5210 sibi
1476 5148 1562 5227 panis
1591 5154 1621 5208 et
1650 5146 1712 5208 vini
1742 5146 1910 5221 elementa,
1941 5151 1978 5209 ut

608 5252 731 5329 corpori
753 5253 782 5312 iu
806 5267 866 5330 quo
890 5250 1060 5312 incarnatus
1091 5255 1148 5326 est,
1172 5248 1273 5311 unitus
1296 5248 1359 5310 luit.
1409 5247 1452 5309 ita
1481 5245 1644 5324 Barsalibi,
1674 5245 1823 5326 Anonymi
1851 5242 1981 5327 aliquot,
