5150 6534
594 834 672 910 284
1168 835 1399 915 NOTAE

700 1022 885 1093 ›Ducerdoa
935 1023 1078 1095 Domine
1102 1021 1196 1094 Deus
1226 1031 1344 1096 noster
1374 1025 1431 1118 qui
1465 1044 1504 1094 es
1533 1021 1701 1115 refugium
1731 1029 1963 1119 pweatorum,

595 1147 733 1211 sanator
770 1135 991 1228 infirmorum,
1022 1137 1271 1211 vulneratorum
1304 1148 1524 1225 restaurator,
1557 1137 1736 1210 auxiliator
1767 1142 1963 1224 animarum,

468 1349 474 1359 ἡ
594 1277 732 1351 precum
758 1263 950 1348 susceptor,
975 1257 1097 1350 quique
1122 1256 1299 1350 petib'ones
1325 1256 1484 1351 respicis,
1509 1257 1691 1349 propitiare
1715 1256 1866 1350 peceat'm
1879 1275 1964 1325 ser-

594 1392 716 1444 vorum
740 1379 889 1458 tuornm;
914 1392 997 1442 sana
1020 1369 1162 1443 vulnera
1188 1368 1300 1466 populi
1326 1374 1391 1460 tui,
1417 1371 1551 1464 suscipe
1579 1391 1700 1466 preces
1734 1375 1850 1443 ovium
1881 1378 1964 1440 tra-

595 1507 688 1573 rum3
714 1493 749 1556 et
772 1487 906 1580 respice
938 1486 1195 1582 supplicationes
1227 1490 1345 1579 gregis
1376 1489 1445 1573 tui,
1479 1494 1515 1558 et
1546 1486 1743 1558 sacrificium
1775 1484 1842 1559 boo
1873 1483 1966 1579 quad

595 1604 629 1671 in
654 1600 779 1695 templo
805 1610 922 1672 sancto
948 1611 1005 1673 tuo
1032 1600 1227 1691 obtulimus,
1252 1605 1297 1673 sit
1321 1612 1495 1699 acceptum
1519 1604 1687 1694 majestati
1711 1611 1798 1674 tuae
1851 1599 1905 1672 Sit
1928 1602 1966 1673 iu

541 1724 543 1727 ’
596 1715 888 1787 sanctificationem
919 1718 1118 1805 animarum,
1153 1727 1187 1788 et
1217 1738 1396 1813 corporum
1426 1728 1634 1805 nostrorum3
1667 1727 1702 1789 et
1738 1719 1878 1809 sanguis
1907 1714 1966 1788 ille

595 1852 713 1926 purus,
740 1839 776 1901 et
799 1839 933 1901 sanctvrs
959 1853 1025 1925 quo
1051 1829 1141 1903 labia
1165 1842 1279 1905 nostra
1305 1843 1466 1929 penmcta
1493 1843 1587 1922 sunt,
1611 1836 1836 1930 praestantior
1861 1853 1964 1928 qun

595 1946 682 2016 illius
717 1950 796 2039 agni
834 1949 990 2037 sanguis,
1033 1950 1088 2041 qul
1121 1952 1413 2020 exterminatorem
1448 1949 1616 2041 Angelum
1642 1972 1663 2020 a
1688 1948 1815 2046 populo
1842 1950 1964 2022 lsrae-

594 2060 685 2132 litico
720 2063 841 2146 arcuit,
877 2064 950 2155 ipse
983 2072 1116 2151 arceat,
1148 2073 1183 2134 et
1215 2063 1393 2159 prohibeat
1418 2089 1439 2137 a
1469 2064 1567 2138 nobis
1598 2088 1730 2138 omnem
1762 2069 1962 2159 cujuscum-

597 2198 662 2269 que
687 2179 822 2267 generis
848 2179 1046 2272 perniciem,
1079 2188 1114 2249 ct
1145 2201 1244 2250 omne
1276 2201 1385 2271 genus
1417 2172 1557 2277 peccati
1608 2181 1782 2254 Securitas
1815 2192 1874 2254 tua
1898 2202 1963 2252 re-

597 2302 657 2383 gat
681 2313 761 2364 uos:
788 2304 822 2365 et
847 2316 918 2390 pax
943 2303 998 2364 tua
1024 2292 1198 2366 uobiscum
1224 2298 1282 2382 sit,
1309 2307 1345 2367 ct
1369 2296 1509 2370 dextera
1536 2308 1592 2368 tua
1617 2295 1743 2369 habitet
1767 2319 1872 2393 super
1886 2319 1961 2385 nos,

595 2429 702 2497 nunc,
729 2415 791 2478 ete.

701 2521 860 2615 Populos.
913 2522 1032 2595 Amen.

702 2636 885 2710 Sacerdos.
936 2638 1084 2712 Benedic
1109 2662 1172 2713 uos
1199 2663 1327 2713 omnes.

701 2752 887 2825 Diaconos.
938 2754 1138 2828 benedicam
1165 2755 1343 2829 Dominum
1367 2757 1517 2827 inomni
1543 2767 1703 2852 tempore.

1044 3096 1521 3141 *W

835 3482 900 3572 IN
951 3482 1331 3576 LITURGIAM
1375 3483 1409 3575 S.
1463 3484 1740 3577 CYRILLI

1190 3690 1365 3774 tortu.

686 3932 713 3994 l.
759 3919 890 3999 Caurum
917 3935 1052 4012 nornine,
1090 3943 1172 3997 extat
1200 3936 1279 4017 apud
1307 3935 1444 4017 Coptitas
1472 3936 1625 4017 liturgia,
1657 3935 1758 3998 ultima
1786 3955 1827 3999 ex
1852 3936 1948 3999 tribus

598 4054 672 4116 quas
695 4036 775 4099 solas
797 4045 972 4118 agnoscunt.
1015 4039 1089 4100 Eam
1111 4057 1128 4100 a
1150 4040 1300 4103 nonnullis
1323 4040 1426 4103 blarco
1448 4039 1662 4119 Evangelistae
1685 4039 1805 4102 attribui
1834 4046 1961 4103 testatur

598 4134 785 4214 Abulbircat,
809 4136 899 4216 idque
920 4138 1108 4200 verissimum
1129 4156 1199 4201 esse
1222 4138 1368 4219 probatur
1389 4145 1475 4201 certo
1494 4144 1683 4220 argumento,
1706 4138 1788 4218 quod
1809 4140 1961 4222 ignoravit

599 4235 645 4295 vir
667 4234 847 4318 Aegyptius,
869 4236 1004 4299 Graecae
1026 4236 1147 4318 liuguae
1169 4238 1335 4317 imperitus,
1357 4240 1408 4317 qui
1424 4236 1570 4299 Graecam
1587 4235 1680 4298 blarci
1695 4237 1859 4321 liturgiam
1882 4254 1962 4300 nun·

598 4351 686 4413 quam
716 4336 841 4398 viderat.
896 4337 937 4399 At
964 4335 1014 4397 illa
1043 4354 1130 4416 quam
1159 4335 1217 4398 boc
1247 4337 1332 4400 titulo
1360 4336 1451 4399 edidit
1477 4335 1610 4397 loannes
1639 4354 1656 4397 a
1683 4342 1788 4398 sancto
1816 4335 1961 4398 Andraea

598 4433 724 4513 insignis
745 4433 900 4496 Ecclesiae
922 4435 1097 4498 Parisiensis
1120 4433 1300 4515 Oenomaus,
1323 4437 1516 4517 primaevum,
1540 4442 1572 4497 ut
1601 4452 1694 4514 supra
1715 4434 1958 4512 observavimus,

599 4529 762 4612 Cvrilliuae
786 4533 941 4614 exemplar
962 4540 1020 4609 est,
1041 4532 1113 4595 nibil
1135 4541 1233 4596 tamen
1252 4535 1380 4610 Graeca,
1402 4534 1468 4597 sive
1484 4532 1609 4615 Coptica
1632 4552 1709 4614 quae
1732 4532 1769 4595 ab
1793 4532 1844 4596 illa
1867 4535 1965 4616 priori

599 4648 747 4709 expressa
769 4639 826 4710 est,
850 4632 1008 4713 quidquam
1031 4651 1098 4694 cum
1120 4634 1176 4694 ista
1194 4633 1360 4696 Jacobitica
1383 4651 1539 4695 commune
1562 4633 1683 4711 babent,
1705 4634 1762 4694 nisi
1784 4633 1965 4715 generalem

598 4736 629 4789 et
658 4730 768 4811 ubique
793 4739 946 4812 receptam
976 4734 1055 4794 sacri
1077 4731 1171 4794 Officii
1194 4731 1334 4810 somnam,
1366 4734 1394 4793 in
1424 4733 1560 4794 omnibus
1588 4731 1789 4794 Orientalibus
1815 4731 1964 4815 liturgiis

599 4829 801 4909 observatam,
825 4849 903 4910 quae
932 4849 1053 4911 semper
1082 4838 1112 4893 et
1142 4831 1253 4911 ubique
1281 4832 1387 4894 eadem
1417 4832 1481 4895 luit.
1533 4830 1789 4894 Rituslacobitis
1816 4833 1966 4914 proprius

599 4935 658 5002 cst,
672 4930 758 5009 juxta
781 4931 905 5011 primam
927 4937 959 4992 et
980 4932 1173 5011 praecipuam
1202 4931 1281 4992 inter
1310 4930 1389 5007 illos,
1411 4948 1489 5011 quae
1512 4939 1559 4992 est
1581 4930 1686 4993 Jacobi
1707 4929 1808 4992 fratris
1830 4929 1967 4995 Domini.

685 5028 793 5092 Versio
816 5029 947 5092 Arabica
968 5029 1106 5112 adjuncta
1129 5037 1175 5091 est
1197 5028 1295 5091 multis
1326 5030 1509 5092 orationibus
1538 5031 1568 5091 in
1595 5029 1728 5092 Romana
1750 5027 1903 5109 editione,
1934 5037 1969 5093 et

599 5123 658 5185 illis
681 5142 777 5206 prope
799 5128 884 5205 solis,
908 5146 984 5208 quae
1008 5128 1066 5191 alta
1088 5147 1165 5191 voce
1188 5126 1326 5189 dicuntur
1349 5147 1366 5188 a
1390 5126 1564 5191 Sacerdote.
1609 5128 1690 5190 illius
1712 5129 1866 5192 versionis
1889 5148 1968 5193 usus

601 5222 638 5283 ad
662 5223 766 5285 altaria
788 5226 885 5289 nullus
909 5234 967 5304 est,
990 5226 1069 5306 quod
1092 5225 1236 5302 nonnulli,
1258 5244 1318 5289 non
1341 5228 1414 5289 satis
1437 5226 1602 5307 prudenter
1624 5226 1817 5290 affirmarunt:
1851 5230 1909 5293 sed
1932 5238 1969 5293 ut

601 5320 731 5385 Officium
754 5324 909 5389 blinisterii
937 5324 1108 5405 Diaconici,
1138 5325 1268 5388 Arabico
1297 5326 1411 5405 pariter
1437 5327 1642 5409 interpretati,
1679 5332 1709 5387 et
1734 5325 1849 5390 Romae
1880 5329 1969 5409 editi,
