5150 6534
589 833 674 913 5sr.
1090 804 1490 921 nrr‘onorn⁴

589 1045 650 1099 ore
675 1044 741 1095 uno
769 1030 868 1116 atque
895 1020 1010 1111 corde,
1037 1021 1264 1094 collaudemus
1286 1044 1408 1094 nomen
1434 1031 1522 1093 tuum
1544 1044 1712 1114 magnum,
1740 1031 1775 1094 et
1800 1022 1958 1118 inclytum

588 1149 623 1212 et
649 1138 745 1212 simul
771 1138 852 1210 tesu
880 1137 1014 1227 Christi,
1042 1147 1076 1209 ei
1101 1138 1243 1235 Spiritus
1270 1141 1315 1210 tui
1342 1142 1460 1227 sancti,
1486 1160 1588 1228 nune,
1616 1147 1679 1210 ete.

693 1253 854 1347 Papulas.
908 1253 1001 1325 Sicut
1027 1263 1100 1325 erat
1126 1265 1159 1324 et
1194 1264 1246 1327 est
1271 1276 1472 1349 permanens
1500 1256 1533 1324 in
1560 1255 1779 1346 generatione
1805 1275 1961 1347 genera-

587 1372 723 1457 tionum,
752 1380 785 1440 et
810 1372 844 1441 iu
871 1368 1007 1440 saeculo
1034 1367 1155 1440 futuro.

693 1485 877 1557 Sacerdos.
929 1487 1003 1558 Pax
1030 1484 1140 1556 vohis.
1245 1484 1407 1578 Papulas.
1461 1483 1504 1556 llt
1530 1508 1604 1555 cum
1632 1486 1748 1581 spiritu
1776 1494 1844 1558 tuo.

692 1601 875 1673 Sacerdos.
936 1603 987 1673 Sit
1027 1599 1256 1673 misericordia
1298 1604 1410 1694 magni
1450 1604 1514 1674 Dei
1551 1612 1584 1672 et
1625 1604 1808 1675 servatoris
1853 1606 1961 1676 nostri

586 1718 669 1791 Jesu
697 1714 819 1790 Christi
847 1740 920 1789 cum
948 1716 1099 1789 omnihus
1127 1715 1236 1789 vohis.

692 1833 853 1926 Populos.
907 1833 951 1905 Et
976 1857 1049 1904 cum
1077 1835 1193 1928 spiritu
1221 1842 1287 1903 tuo.

692 1948 867 2019 Sacerdos
889 1951 1023 2042 frangit
1048 1954 1083 2018 et
1108 1952 1231 2040 sipont.

694 2065 873 2135 Diaconos
894 2064 1089 2157 proclamat
1118 2063 1341 2134 Catholicam:
1411 2095 1413 2097 ¹

835 2338 1019 2411 Sacerdos.
1073 2338 1194 2410 Oratio
1222 2341 1415 2411 Dominica.
1468 2337 1570 2410 Pater
1596 2349 1719 2411 nostem

697 2526 895 2599 Benedictus
923 2549 960 2599 es
986 2529 1131 2599 Domine
1158 2531 1212 2623 qui
1240 2528 1368 2599 coelum
1396 2536 1584 2621 terramque
1610 2524 1728 2623 imples
1756 2526 1864 2620 gloria
1891 2539 1960 2616 tua,

589 2646 711 2739 quippe
743 2663 805 2714 nos
841 2642 941 2716 modo
981 2642 1135 2736 dignatus
1175 2667 1213 2716 es
1255 2665 1419 2738 usurpare
1455 2647 1645 2714 memoriam
1683 2648 1870 2716 testamenti
1911 2649 1959 2717 tui

589 2762 715 2850 sancti,
749 2758 979 2855 perficereque
1012 2759 1208 2832 sacrificium
1240 2760 1305 2832 hoc
1331 2759 1552 2831 reverendum
1581 2768 1614 2829 et
1639 2762 1854 2855 incruentum.
1907 2762 1959 2834 Tu

555 2943 559 2951 .
588 2877 699 2970 itaque
724 2877 817 2948 Deus
844 2885 978 2965 noster,
1012 2879 1067 2972 qui
1098 2877 1284 2950 sanctificas
1312 2884 1520 2948 sacramenta
1546 2879 1629 2966 ista,
1656 2888 1797 2973 purgato
1824 2901 1887 2951 nos
1915 2878 1958 2952 ah

482 3007 486 3029 ¹
590 2994 679 3064 omni
713 2993 956 3086 inquinamento
994 3003 1026 3064 et
1059 2995 1169 3065 earnis
1205 3001 1240 3064 et
1279 2994 1432 3088 spiritus,
1472 2991 1659 3087 docehoque
1697 3016 1760 3066 nos
1797 2997 1960 3091 perlicere

590 3107 678 3203 quod
705 3119 854 3180 sanctum
881 3121 933 3181 est
958 3113 992 3181 in
1019 3112 1137 3182 timore
1164 3112 1224 3181 tui:
1252 3120 1287 3180 ut
1313 3131 1387 3179 cnm
1415 3110 1602 3180 testimonio
1624 3111 1755 3183 sincero
1776 3116 1958 3182 conscien-

590 3226 658 3295 tiae
684 3233 821 3297 nostrae
847 3223 925 3296 lacti
951 3227 1131 3321 participes
1158 3224 1450 3298 sanctificationum
1479 3233 1619 3311 tuarum,
1646 3229 1796 3298 uniamur
1823 3231 1960 3324 corpori

589 3348 623 3411 et
648 3344 801 3433 sangrum
829 3338 950 3414 Christi
978 3345 1035 3430 tui,
1063 3345 1195 3436 aptique
1226 3345 1348 3428 simus,
1380 3348 1416 3410 ut
1448 3343 1521 3434 ipse
1547 3337 1672 3412 habitet
1698 3344 1731 3412 in
1758 3341 1867 3429 nohis,
1895 3364 1958 3414 se-

589 3455 728 3527 cundum
756 3461 1011 3552 promissionem
1043 3460 1166 3552 ipsius,
1201 3460 1330 3550 sintque
1364 3454 1466 3526 corda
1499 3466 1615 3526 nostra
1648 3478 1710 3552 pro
1738 3457 1882 3553 hospitio
1910 3458 1957 3529 illi

589 3569 681 3643 hono
709 3575 846 3667 spiritui.
900 3575 947 3644 lta
975 3573 1068 3644 Deus
1095 3584 1228 3660 noster,
1255 3595 1298 3642 ne
1323 3570 1429 3643 lacias
1465 3593 1662 3666 quemquam
1689 3582 1838 3646 nostrum
1864 3596 1958 3645 reum

590 3692 743 3782 corporis
771 3698 804 3760 et
830 3691 999 3781 sanguinis
1028 3688 1148 3762 Christi
1174 3687 1248 3759 Filii
1274 3689 1332 3775 toi,
1358 3709 1468 3782 neque
1493 3708 1630 3778 aegrum
1653 3691 1773 3780 animo,
1800 3698 1856 3761 aut
1873 3710 1958 3761 cor-

590 3824 684 3900 pore,
711 3813 889 3899 propterea
917 3805 1005 3899 quod
1022 3804 1158 3896 indigni
1177 3806 1411 3900 participemus
1433 3810 1649 3875 sacrosancta
1677 3805 1852 3898 mysteria:
1880 3806 1958 3898 quin

590 3923 702 4015 potius
730 3920 878 3992 concede
904 3920 1013 4009 nohis,
1039 3931 1075 3991 ut
1101 3943 1206 4015 usque
1232 3919 1274 3991 ad
1302 3931 1485 3991 extremum
1514 3930 1661 3991 nostrum
1689 3921 1849 4013 spiritum,
1876 3918 1958 4015 pla-

590 4057 725 4107 ceamus
752 4034 821 4123 tihi,
848 4035 1093 4132 habeamurque
1121 4036 1210 4128 digni
1237 4057 1370 4108 sumere
1397 4033 1555 4107 salutaria
1576 4044 1796 4122 sacramenta,
1822 4035 1957 4106 Domini

591 4161 624 4222 et
650 4151 882 4248 Redemptoris
909 4157 1015 4226 nostri
1041 4153 1123 4225 lesu
1151 4150 1291 4241 Christi,
1322 4174 1431 4246 neque
1458 4149 1582 4243 indigni
1609 4173 1752 4248 corpore
1779 4160 1895 4222 sancto
1924 4159 1958 4220 et

592 4271 755 4360 sanguine
780 4270 952 4364 piaculari,
980 4269 1039 4341 sed
1066 4267 1176 4339 idonei
1203 4272 1326 4361 quiea
1355 4270 1569 4363 accipiamus,
1597 4287 1661 4363 quo
1687 4289 1748 4361 per
1774 4271 1846 4362 ipsa
1873 4289 1957 4337 cor-

590 4382 750 4474 roborati,
778 4384 921 4455 mundati
948 4394 981 4455 et
1006 4383 1157 4478 perlecti,
1185 4387 1351 4480 possimus
1379 4383 1478 4473 digne
1506 4381 1689 4455 obsecrare
1710 4393 1752 4469 te,
1780 4406 1842 4479 per
1867 4405 1954 4479 pre-

591 4502 756 4572 cationem
783 4499 871 4571 illam
906 4523 1003 4594 quam
1037 4522 1099 4572 nos
1133 4499 1244 4573 docuit
1279 4483 1465 4591 unigenitus
1498 4497 1601 4569 Filius
1630 4511 1715 4587 tuus,
1742 4500 1846 4573 corde
1871 4524 1956 4596 puro

590 4613 771 4688 clamantes
799 4626 832 4687 et
859 4615 1022 4688 dicentes:
1049 4618 1149 4687 Pater
1175 4625 1289 4688 noster
1315 4617 1370 4708 qui
1397 4636 1435 4685 es
1462 4616 1493 4684 in
1521 4614 1634 4687 coelis.

694 4731 856 4824 Populus.
909 4732 1138 4825 Sanctificetur
1164 4754 1283 4804 nomen
1311 4741 1412 4821 tuum,
1439 4741 1500 4802 etc.

693 4846 869 4920 Sacerdos
900 4854 959 4919 att.
1013 4850 1155 4920 Domine
1191 4850 1282 4921 Deus
1318 4857 1351 4919 et
1385 4856 1541 4921 servator
1574 4857 1705 4936 noster,
1744 4869 1787 4918 ne
1819 4844 1955 4919 inducas

590 4987 653 5037 nos
680 4967 938 5037 intentationes
965 4964 1124 5055 dillieiles,
1151 4973 1207 5035 aut
1231 4963 1451 5036 necessitates
1479 4986 1625 5036 amaras:
1659 4986 1701 5034 ne
1728 4961 1865 5034 inducas
1892 4984 1955 5034 nos

589 5082 623 5152 io
648 5078 786 5175 laqueos
814 5079 1010 5170 adversarii,
1036 5080 1244 5174 hostiumque
1271 5083 1451 5151 animarum
1478 5091 1681 5152 nostrarum:
1708 5101 1816 5173 neque
1844 5078 1953 5149 desti-

589 5203 664 5267 tuas
690 5216 753 5266 nos
778 5206 814 5266 ut
838 5196 1019 5269 incidamus
1051 5200 1084 5268 in
1117 5217 1233 5267 manus
1270 5193 1517 5291 aspectabilium
1550 5207 1798 5288 grassatorum,
1831 5204 1865 5266 et
1899 5197 1953 5289 qui

588 5315 691 5383 vitam
719 5321 865 5384 nostram
891 5312 1026 5385 laedere
1053 5314 1204 5408 cupiant;
1237 5310 1298 5383 sed
1323 5309 1429 5383 libera
1455 5333 1517 5384 nos
1544 5310 1585 5382 ah
1613 5308 1765 5383 omnihus
1792 5312 1954 5383 tentatio-
