5150 6534
595 796 672 876 322
1100 802 1464 880 Ltttttttttt

592 985 711 1059 beatus
738 988 934 1076 efficeretur,
959 985 1124 1082 bonisque
1149 987 1358 1081 Angelorum
1378 988 1555 1061 ditaretur:
1580 998 1617 1060 ut
1631 1011 1694 1084 per
1718 990 1830 1062 omnia
1855 1010 1968 1085 open

593 1112 628 1173 te
655 1105 802 1194 agnitum
828 1103 982 1199 opificem
1007 1102 1262 1195 admiraremur;
1295 1114 1431 1176 etcum
1453 1125 1582 1177 summo
1610 1104 1760 1192 sumno,
1790 1114 1827 1179 te
1850 1104 1970 1179 ltouo-

592 1241 753 1293 memus.

697 1334 849 1405 blevam
870 1356 997 1407 vocem
1035 1333 1168 1407 litenim
1191 1346 1310 1408 coetus
1328 1334 1555 1428 Angelorum,
1581 1334 1715 1406 ordines
1742 1335 1868 1427 antium
1889 1335 1971 1407 Ar-

594 1449 846 1543 changelomm,
871 1449 999 1524 'lbroni
1024 1450 1153 1523 dudum
1169 1453 1286 1548 positi,
1313 1448 1397 1521 lirmi
1428 1461 1463 1522 et
1487 1448 1690 1536 immobiles,
1717 1448 1907 1523 Potestates
1936 1459 1975 1547 et

595 1567 814 1661 Principatus,
839 1570 1035 1659 majestates
1060 1566 1238 1655 Virtutum,
1265 1565 1426 1639 celsitudo
1440 1568 1722 1652 Dominationum,
1748 1566 1883 1662 spiritns
1900 1567 1970 1657 ju<-

596 1690 740 1763 stomm,
774 1680 929 1753 Ecclesia
961 1685 1258 1778 primogenitorum
1292 1682 1534 1778 descriptorum
1569 1683 1604 1751 in
1628 1680 1753 1767 coelis,
1788 1676 1970 1777 Cberubun
2053 1681 2057 1688 '

596 1795 788 1884 multioculi,
814 1794 991 1893 Seraphim
1017 1820 1082 1870 sex
1108 1797 1170 1869 alis
1196 1801 1358 1886 instructi,
1383 1808 1524 1870 naturae
1540 1798 1686 1868 maxima
1703 1797 1844 1869 scienda
1858 1817 1968 1891 prae-

596 1910 697 2000 ditae,
724 1921 903 1985 trementes
931 1937 951 1986 a
978 1914 1149 1986 divinitate
1174 1925 1230 1986 tua
1256 1912 1414 1986 invisibili
1441 1923 1475 1985 et
1499 1909 1838 2007 incomprebensibili,
1863 1910 1908 1984 ud
1927 1934 1968 1985 se

596 2029 688 2121 ipsas
714 2049 917 2126 conversae,
942 2038 977 2100 et
1002 2032 1147 2101 intentae
1174 2027 1217 2100 ad
1242 2027 1500 2100 invisibilitatem
1527 2036 1562 2098 et
1583 2025 1969 2122 incomprehensibilita-

595 2150 664 2213 tem
689 2145 842 2230 visionis,
867 2142 1015 2233 laudant,
1039 2143 1263 2240 hymnumque
1290 2142 1333 2215 de
1347 2144 1447 2215 Patre
1471 2140 1608 2215 etFilio
1637 2151 1671 2214 et
1686 2141 1812 2238 Spirim
1836 2150 1968 2232 sancta

597 2256 751 2345 clamant,
777 2257 1006 2331 vociferantur
1031 2269 1066 2330 et
1092 2243 1212 2330 dicunt.

701 2372 864 2466 Populus.
916 2374 1075 2463 Sanctus,
1103 2374 1264 2466 Sanctus,
1296 2374 1449 2446 Sanctus.
1858 2442 1861 2446 .

701 2486 878 2562 Sacerdos
909 2490 1101 2561 inclinatur.
1162 2490 1245 2576 Quis
1286 2493 1375 2561 enim
1409 2488 1549 2562 idoneus
1581 2490 1625 2559 sit
1657 2484 1700 2557 ad
1733 2484 1966 2580 explicandam

595 2606 777 2699 potentiam
809 2613 918 2695 tuam,
959 2617 1016 2679 aut
1046 2608 1118 2701 quis
1151 2605 1301 2678 narrabit
1333 2603 1450 2676 laudes
1486 2602 1585 2676 tuas?
1630 2601 1683 2673 Tu
1717 2601 1848 2674 scilicet
1880 2620 1965 2674 vero

596 2728 733 2792 sanctus
759 2741 815 2807 es,
850 2722 944 2793 Deus
969 2722 1071 2809 Pater
1097 2732 1132 2793 et
1158 2725 1304 2793 omnium
1329 2743 1439 2793 rerum
1473 2719 1688 2814 principium,
1724 2725 1759 2788 et
1791 2718 1847 2811 qui
1878 2740 1901 2789 a
1932 2724 1966 2787 te

596 2843 649 2905 est
673 2834 791 2925 Filius,
818 2834 968 2930 aequalis
995 2839 1191 2909 aeternitate
1218 2847 1252 2908 et
1278 2839 1458 2931 sapientia;
1485 2833 1697 2927 singulariter
1723 2854 1770 2904 ex
1781 2830 1965 2906 substantia

594 2956 662 3035 tua,
687 2971 753 3020 nec
779 2950 1005 3045 temporaliter
1033 2963 1142 3041 ortus,
1166 2952 1319 3047 ,aequalis
1346 2940 1435 3026 omni
1460 2949 1595 3023 honoris
1621 2970 1750 3042 genere
1776 2970 1854 3021 cum
1877 2947 1964 3022 Deo.

595 3063 738 3136 Sanctus
765 3067 863 3137 etiam
891 3077 925 3138 et
950 3068 1176 3149 sanctissimus
1204 3068 1346 3163 Spiritus
1372 3078 1448 3140 tuus
1473 3065 1721 3152 vivificans,et
1746 3066 1858 3137 omnia
1877 3086 1966 3161 per·
2032 3137 2033 3140 ,

594 3176 726 3267 ficiens,
759 3183 815 3274 qui
841 3205 861 3253 a
888 3190 922 3252 te
946 3179 1064 3268 Pater,
1100 3179 1227 3276 absque
1253 3185 1346 3255 initio
1373 3192 1409 3255 et
1433 3192 1584 3279 tempore
1610 3182 1784 3277 processit
1806 3173 1816 3191 ⁸
1838 3176 1965 3255 Omnes

594 3293 694 3383 igitur
720 3316 886 3390 supernae
912 3298 1053 3369 virtutes
1079 3294 1267 3387 glorificant
1294 3309 1339 3386 te,
1368 3309 1403 3370 ct
1428 3300 1630 3390 unigenitum
1657 3295 1776 3377 Filium
1802 3304 1906 3386 tuum,
1931 3305 1966 3370 et

595 3405 752 3502 Spiritum
778 3420 868 3483 tuum
895 3422 1058 3501 sanctum,
1084 3434 1169 3484 unus
1196 3416 1283 3484 enim
1311 3436 1348 3486 es
1375 3417 1409 3485 in
1435 3413 1550 3486 tribus.
1604 3412 1687 3498 Quis
1713 3430 1799 3490 vero
1826 3411 1967 3483 scmtuui

594 3527 701 3617 possit
735 3525 933 3622 profundum
968 3529 1093 3621 amoris
1128 3530 1174 3598 tui
1209 3549 1291 3619 erga
1327 3527 1498 3616 homines,
1531 3528 1585 3621 qui
1620 3542 1696 3598 cum
1730 3527 1781 3597 rei
1813 3545 1965 3599 essemus

595 3644 871 3732 transgressionis
897 3644 1089 3738 praecepti,
1120 3643 1231 3714 Deum
1256 3639 1423 3732 Verbum,
1456 3640 1575 3713 Filium
1608 3643 1811 3734 unigenitum
1845 3641 1965 3737 splen-

596 3753 711 3827 dorem
737 3756 886 3848 gloriae,
921 3757 1036 3830 salutis
1063 3766 1200 3828 nostrae
1228 3756 1492 3852 dispensatorem
1519 3778 1598 3829 esse
1624 3746 1787 3828 voluisti?
1827 3755 1893 3842 Qui
1920 3779 1965 3828 ex

594 3865 805 3965 beneplacito
832 3881 888 3944 tuo
922 3883 955 3944 et
989 3871 1177 3945 voluntaria
1213 3876 1311 3944 animi
1344 3876 1524 3961 sententia,
1558 3872 1842 3967 dispensationem
1875 3870 1965 3943 illam

594 4006 657 4078 pro
684 3984 781 4058 nobis
809 3990 1006 4083 suscipiens,
1033 3991 1223 4059 incarnatus
1251 3998 1320 4076 est,
1353 4011 1398 4059 ex
1425 3998 1540 4059 sancta
1567 3989 1631 4059 Dei
1658 3989 1838 4078 genitrice,
1870 4009 1966 4059 sem-

593 4120 721 4194 perque
746 4101 887 4193 Virgine
912 4101 1033 4190 Maria,
1060 4102 1263 4174 sanctificata
1290 4125 1352 4197 per
1379 4101 1556 4174 adventum
1574 4101 1717 4196 Spiritus
1732 4103 1856 4174 sancti:
1875 4122 1965 4173 con-

595 4223 730 4308 ceptus,
766 4228 881 4304 natus,
914 4217 1087 4311 iactusque
1120 4214 1207 4288 idem
1235 4220 1369 4289 omniuo
1400 4216 1487 4312 quod
1514 4237 1595 4303 noe,
1636 4238 1779 4313 corpus,
1812 4217 1966 4308 animam,

596 4339 756 4417 mentem,
794 4341 964 4433 totumque
999 4332 1084 4404 adeo
1122 4329 1285 4406 hominem
1321 4335 1493 4422 assumsit,
1526 4341 1560 4402 et
1591 4354 1654 4427 per
1686 4329 1969 4425 dispensationem

596 4465 690 4515 suam
718 4444 877 4537 dignitate
903 4449 1047 4543 plenam,
1074 4446 1171 4521 nobis
1199 4469 1373 4521 ascensum
1400 4447 1441 4518 ad
1468 4447 1584 4518 coelos
1610 4444 1699 4517 iecit.

699 4559 875 4635 Sacerdos
907 4564 1045 4634 clerano
1075 4555 1201 4651 vocem,
1269 4563 1334 4649 Qut
1369 4585 1443 4633 cum
1476 4565 1670 4658 passionem
1701 4558 1899 4648 salutarem,
1934 4569 1971 4632 et

595 4698 740 4766 crucem,
768 4678 1030 4749 admemoriam
1057 4678 1154 4751 nobis
1182 4677 1325 4770 reliquit,
1352 4676 1409 4747 illc
1434 4679 1652 4771 nequitiarum
1678 4686 1866 4747 nostrarum
1888 4697 1970 4746 me-

596 4790 700 4880 dicus,
728 4791 929 4865 oblationem
958 4796 1009 4865 sui
1035 4815 1096 4888 pro
1123 4792 1220 4864 nobis
1247 4790 1391 4863 offerens
1419 4791 1477 4863 tibi
1503 4793 1596 4863 Deus
1624 4801 1657 4861 et
1683 4791 1802 4863 Pater:
1837 4792 1974 4884 accepit

595 4927 716 5000 panem
742 4910 775 4977 in
801 4929 919 4980 manus
946 4930 1037 4995 suas,
1065 4919 1099 4979 et
1125 4905 1311 4978 extendens
1339 4928 1398 4979 eas
1425 4910 1459 4978 in
1479 4904 1621 4993 coelum,
1648 4903 1973 4992 benedixittsan-

595 5020 763 5109 ctificav'it,
790 5020 947 5115 ttlrogit,
975 5029 995 5104 †
1022 5022 1200 5116 divisitque
1227 5020 1396 5117 discipulis
1423 5025 1491 5095 suis
1505 5021 1681 5116 Apostolis
1708 5021 1841 5094 dicens:
1869 5024 1974 5092 acci-

505 5157 512 5172 ·
595 5139 674 5230 pite,
701 5135 789 5208 edite
817 5161 863 5209 ex
890 5160 949 5225 eo,
986 5138 1061 5231 quia
1089 5136 1163 5208 Hoc
1190 5146 1242 5208 est
1275 5160 1398 5233 corpus
1422 5160 1540 5209 meum
1577 5135 1665 5232 quod
1699 5159 1763 5233 pro
1796 5134 1899 5208 vobis
1936 5146 1976 5208 et

595 5274 658 5345 pro
686 5249 794 5323 multis
820 5240 985 5343 frangitur
1011 5260 1045 5322 et
1071 5250 1165 5323 datur
1192 5250 1234 5323 ad
1260 5254 1363 5325 vitam
1390 5260 1570 5323 aeternam.
