5150 6534
1019 865 1050 942 S.
1077 862 1333 941 cultibilis
1359 861 1544 939 R0lllllll.
1888 862 1962 936 189

598 1049 692 1124 Deus
719 1050 811 1124 solua
836 1060 872 1121 et
897 1059 1031 1122 sanctus
1060 1072 1109 1138 es,
1135 1053 1168 1119 in
1194 1060 1326 1121 natura:
1353 1052 1408 1144 qui
1434 1052 1468 1121 in
1493 1050 1648 1144 personis
1673 1046 1778 1120 tribus
1799 1047 1963 1137 adoraris,

599 1175 636 1238 ct
658 1168 693 1235 in
719 1168 843 1237 unitate
869 1163 1074 1238 substantiae
1100 1164 1307 1257 glorificaris.
1336 1164 1374 1236 ln
1400 1162 1660 1258 quibuscumque
1685 1161 1768 1235 locis
1796 1173 1830 1233 et
1855 1162 1964 1234 mundi

599 1277 760 1376 partibus,
786 1302 853 1352 non
881 1281 1054 1352 sufficiunt·
1070 1280 1110 1351 ad
1137 1279 1361 1351 extollendam
1387 1284 1542 1351 virtutem
1568 1283 1751 1372 majestatis
1778 1288 1864 1350 tuae.
1901 1278 1966 1365 Qui

599 1396 771 1491 plasmasti
805 1395 970 1470 bominem
1004 1396 1044 1467 ad
1078 1399 1256 1487 imaginem
1287 1397 1471 1486 majestatis
1509 1406 1604 1481 tuae,
1643 1399 1871 1489 rationemque
1901 1396 1966 1488 ipsi

599 1512 753 1598 indidisti,
781 1515 1091 1607 praescripsistique
1119 1523 1270 1606 tanquam
1297 1511 1431 1581 limitem
1459 1534 1478 1581 a
1503 1510 1646 1583 Domino
1674 1515 1894 1598 constitutum,
1920 1532 1965 1581 ne

599 1638 814 1724 praeceptum
840 1638 929 1700 tuum
956 1627 1262 1719 transgrederetur:
1291 1630 1346 1719 qui
1371 1648 1446 1697 cum
1473 1636 1639 1713 errasset,
1667 1622 1965 1720 contemsissetque

598 1742 710 1836 legem
738 1754 839 1832 tuam,
867 1746 1063 1816 sententiam
1089 1743 1205 1815 mortis
1231 1744 1379 1830 incurrit,
1406 1751 1440 1812 at
1464 1746 1497 1812 in
1525 1741 1659 1812 exilium
1685 1743 1880 1815 infirmitatis
1898 1741 1964 1811 da-

598 1859 715 1954 pulsus
741 1870 802 1931 est
835 1858 864 1929 T
865 1884 887 1931 u
913 1880 998 1930 vero
1025 1868 1160 1930 creator
1186 1859 1270 1947 ejus,
1296 1854 1405 1929 bouus
1432 1868 1466 1928 et
1492 1861 1691 1945 misericors,
1718 1881 1787 1931 nou
1813 1858 1965 1949 abjecisti

599 1996 712 2046 curam
739 1979 824 2067 ejus,
852 1997 948 2069 quam
974 1972 1135 2061 habebas,
1163 1973 1223 2045 sed
1250 1976 1360 2044 omnia
1389 1972 1596 2044 adsalutem
1623 1976 1696 2065 ejus
1718 1976 1894 2059 instituisti,
1921 1992 1964 2043 eo

599 2112 705 2185 usque
730 2101 766 2161 ut
790 2089 889 2160 filium
917 2099 1005 2161 tuum
1033 2100 1204 2161 aeternum
1232 2098 1265 2158 et
1296 2092 1497 2180 unigenitum
1531 2099 1619 2160 tuum
1647 2092 1776 2160 miseris
1804 2093 1837 2159 in
1862 2109 1964 2159 muu-

599 2204 687 2295 dum,
715 2212 770 2299 qui
796 2206 1077 2301 dispensationem
1103 2226 1196 2277 suam
1223 2190 1402 2276 salutarem
1428 2214 1568 2300 propter
1594 2226 1667 2275 eum
1695 2205 1854 2299 explevit.

645 2376 649 2385 .
704 2322 854 2392 fflecuoc
879 2343 1004 2392 uocem.
1040 2320 1123 2391 Cum
1150 2341 1233 2411 ergo
1260 2330 1397 2414 paratus
1424 2332 1525 2408 esset,
1553 2320 1733 2394 secuudum
1757 2319 1964 2393 voluntatem

600 2459 694 2509 suam
721 2438 764 2509 ad
789 2437 970 2529 gustandas
997 2439 1185 2531 passiones,
1213 2433 1254 2505 ad
1281 2435 1526 2507 ascendendum
1552 2439 1584 2506 in
1612 2458 1744 2508 crucem
1772 2448 1804 2509 et
1823 2432 1964 2531 patibu-

598 2552 683 2640 lum,
719 2564 923 2646 mortemque
957 2550 1161 2624 subeundam
1187 2570 1248 2643 pro
1275 2553 1344 2621 vita
1371 2554 1468 2622 totins
1496 2551 1624 2638 mundi,
1660 2576 1700 2625 ea
1727 2575 1872 2649 vespera
1900 2571 1964 2644 qua

600 2672 916 2741 consmumatiouem
943 2670 1200 2766 mysteriomm,¹
1223 2676 1256 2736 et
1282 2665 1476 2738 mirabilium
1504 2667 1661 2763 perfecit,
1687 2691 1808 2764 panem
1836 2667 1966 2760 accepit

599 2786 634 2854 ia
660 2805 776 2855 manus
803 2805 882 2855 suas
908 2806 1010 2879 puras
1037 2792 1071 2854 et
1103 2792 1253 2867 sanctas,
1288 2791 1321 2852 et
1353 2786 1480 2874 gratias
1513 2806 1639 2875 agens,
1672 2792 1693 2867 †
1723 2784 1911 2870 benedixit,
1943 2788 1965 2864 †

602 2899 839 2988 sanctificavit,
865 2907 886 2982 †
912 2898 1023 2990 fregit,
1051 2897 1204 2991 deditque
1230 2900 1363 2969 initiatis
1388 2897 1452 2969 hoc
1478 2904 1551 2991 ejus
1577 2903 1758 2995 mysterio,
1791 2899 1965 2995 Apostolis

601 3017 725 3090 sanctis
752 3013 882 3088 dicens:
908 3016 1081 3107 Accipite,
1114 3023 1148 3084 et
1172 3013 1369 3084 manducate
1395 3036 1441 3084 ex
1468 3036 1528 3103 eu,
1562 3019 1638 3109 quia
1665 3018 1738 3087 lloc
1765 3026 1817 3088 est
1843 3035 1965 3112 corpus

600 3152 728 3219 meum,
756 3131 844 3225 quud
870 3152 931 3226 pro
959 3129 1056 3202 vobis
1084 3128 1247 3220 frangitur
1274 3140 1308 3200 et
1332 3128 1443 3217 datur,
1480 3130 1521 3202 ad
1547 3134 1679 3204 veniam
1708 3137 1850 3204 omnium
1875 3132 1965 3203 lide-

598 3245 689 3334 lium,
716 3245 929 3341 plurimorum
944 3269 1007 3342 pro
1029 3244 1146 3339 quibus
1168 3246 1365 3333 immolatur,
1393 3255 1427 3317 et
1448 3246 1613 3334 dividitm,
1640 3248 1681 3318 ad
1699 3251 1964 3343 propitiationem

600 3360 807 3450 delictorum,
833 3365 1065 3434 remissionem
1093 3371 1307 3456 peccatorum
1335 3370 1368 3432 et
1393 3366 1495 3432 vitam
1523 3373 1702 3434 aeternam.

705 3477 865 3569 Populus.
920 3479 1038 3549 Amen.

705 3591 888 3675 Sacerdos.
940 3595 1023 3664 Post
1049 3615 1188 3664 coenam
1214 3591 1302 3662 illam
1329 3596 1523 3687 mysticam,
1555 3595 1686 3665 miscuit
1711 3591 1849 3665 calicem
1875 3597 1966 3667 vitae

603 3730 650 3779 ex
674 3711 756 3780 vino
783 3717 817 3778 et
843 3731 944 3801 aqua:
978 3718 1012 3778 et
1039 3708 1079 3779 ad
1108 3718 1141 3779 te
1167 3706 1259 3779 Deus
1286 3706 1388 3779 Pater
1414 3708 1528 3781 oculos
1555 3708 1706 3798 elevans,
1733 3714 1859 3802 gratias
1886 3714 1966 3802 egit,

601 3822 831 3913 †benedixit,
857 3831 878 3906 †
904 3822 1139 3911 sanctificavit,
1171 3830 1192 3905 †
1224 3834 1258 3894 et
1293 3822 1382 3894 dedit
1415 3824 1531 3895 turbae
1564 3824 1796 3921 discipulomm
1832 3849 1965 3900 suorum

601 3939 800 4026 electorum,
832 3939 1137 4035 Apostolorumque
1164 3947 1353 4009 sanctorum
1380 3950 1414 4010 et
1449 3939 1546 4010 dixit:
1580 3942 1751 4036 Accipite,
1784 3941 1887 4014 bibite
1920 3967 1966 4014 ex

602 4077 647 4129 co
674 4079 739 4129 vos
774 4079 910 4129 omnes:
944 4057 1007 4128 Hic
1040 4067 1093 4128 est
1127 4057 1262 4147 sanguis
1294 4077 1409 4144 mem,
1443 4059 1496 4150 qui
1532 4057 1703 4129 confirmat
1738 4067 1966 4131 testamentum

601 4174 718 4244 mortis
744 4194 854 4244 meae:
883 4177 937 4266 qui
963 4195 1024 4267 pro
1052 4171 1149 4245 vobis
1178 4170 1348 4242 effunditur
1374 4182 1407 4242 et
1433 4194 1494 4266 pro
1522 4171 1629 4243 multis
1657 4172 1763 4261 datur,
1791 4174 1966 4245 etdividi-

602 4295 656 4357 tur
682 4286 724 4357 ad
749 4292 1017 4383 propitiationem
1043 4289 1254 4375 delictorum,
1286 4290 1515 4358 remissionem
1541 4298 1773 4381 peccatorum,
1806 4294 1965 4361 civitam

601 4412 782 4474 aeternam.
1146 4387 1149 4397 ’

593 4567 596 4574 ·
707 4518 866 4611 Populos.
919 4521 1037 4591 Amen.

707 4633 890 4705 Sacerdos.
945 4634 1085 4721 Quando
1114 4645 1221 4706 autem
1248 4633 1323 4706 huic
1348 4637 1426 4730 pani
1452 4636 1745 4723 communicabitis,
1773 4647 1805 4707 et
1828 4636 1965 4707 calicem

602 4745 690 4820 bunc
716 4754 806 4822 vitae
833 4750 1043 4845 usurpabitis,
1070 4754 1430 4823 commemorationem.
1444 4747 1560 4823 mortis
1586 4775 1682 4824 meae
1707 4750 1854 4840 iacietiS,
1888 4774 1965 4823 me-

603 4868 808 4960 moriamque
835 4871 1088 4939 resurrectionis
1114 4890 1211 4938 meae
1237 4867 1415 4963 perficietis
1443 4869 1550 4941 donec
1576 4872 1719 4941 veniam.

706 4981 867 5073 Populus.
919 4983 1036 5054 Mortis
1063 4994 1140 5053 tuae
1167 4982 1310 5056 Domine
1335 4988 1525 5057 memoriam
1554 4989 1692 5077 agimus

708 5096 882 5168 Sacerdos
908 5098 1044 5168 elevans
1069 5121 1193 5168 uocem.
1240 5099 1348 5171 ‘Oculo
1375 5100 1585 5172 intellectuali
1613 5098 1965 5172 cordis-describimus

604 5212 777 5307 periodum
805 5214 1059 5308 dispensationis
1086 5225 1162 5284 tuae
1189 5220 1469 5309 sapientissimae,
1503 5216 1633 5289 Christe
1668 5218 1810 5287 Domine
1841 5225 1966 5301 noster,

603 5337 639 5399 et
665 5351 705 5400 ea
734 5333 842 5401 omnia
870 5353 955 5425 quae
981 5341 1137 5426 operatus
1164 5351 1202 5401 cs
1228 5355 1290 5428 par
1316 5336 1572 5404 incarnationem
1598 5343 1684 5404 tuam
1706 5332 1881 5406 salutarem
1903 5354 1965 5427 pro

1687 5450 1770 5523 27*
