5150 6534
942 850 997 925 Ill
1029 846 1314 924 lllUllGth
1351 843 1622 922 SlthChS.
1914 842 1965 917 87
2069 949 2075 963 ⁸

820 1121 999 1193 Diaconus,
1053 1120 1159 1206 Quam
1185 1118 1349 1190 terribilia
1375 1123 1427 1190 est
1450 1117 1538 1188 baec
1562 1116 1660 1203 hora,
1688 1123 1752 1188 etc.

699 1328 851 1407 Fomrunn
874 1339 952 1401 haec
975 1339 1151 1402 hortationis
1174 1338 1300 1402 Diaconl
1328 1338 1366 1400 ud
1387 1338 1631 1413 circumstantes,
1662 1336 1753 1417 paulo
1781 1343 1851 1397 ante
1878 1352 1966 1416 quam

601 1446 817 1527 pronunciatur
839 1442 992 1505 lnvocatio
1016 1441 1144 1522 Spiritus
1166 1442 1279 1519 sancti,
1302 1442 1386 1523 Syris
1409 1443 1532 1522 propria
1555 1448 1612 1516 est,
1636 1457 1734 1521 neque
1755 1440 1786 1501 in
1808 1446 1890 1501 tanto
1912 1438 1968 1500 Li-

602 1545 768 1628 turgiarum
790 1558 914 1603 numero
937 1541 986 1602 vel
1009 1559 1068 1604 una
1097 1542 1265 1621 reperitur,
1294 1541 1324 1600 iu
1353 1559 1411 1621 qua
1434 1540 1537 1620 primis
1567 1538 1692 1601 vocibus
1719 1554 1780 1600 non
1810 1537 1967 1619 designata

601 1644 649 1705 sit.
692 1643 748 1705 Est
769 1650 868 1703 autern
892 1639 1037 1720 quaedam
1059 1638 1207 1701 Praelatio
1231 1639 1268 1701 ad
1292 1640 1386 1719 ipsam
1408 1637 1643 1715 invocationem,
1666 1656 1732 1698 cum
1755 1654 1813 1716 qua
1836 1636 1967 1716 conjun-

601 1744 730 1804 ctionem
753 1740 841 1803 habet
863 1740 1083 1816 necessariam,
1117 1739 1372 1819 praecipuumque
1402 1737 1536 1799 continet
1564 1736 1634 1799 hdei
1661 1736 1700 1799 do
1727 1753 1802 1798 vera
1832 1741 1864 1797 et
1892 1734 1967 1797 reali

602 1840 818 1903 elementorum
841 1839 1085 1900 transmutatione
1108 1844 1326 1918 argumentum.
1378 1836 1488 1898 lloram
1516 1837 1595 1897 enirn
1621 1844 1861 1914 momentumque
1887 1840 1968 1895 tem-

601 1939 686 2021 poris
710 1937 898 2013 determinat,
920 1954 980 2018 quo
1003 1938 1193 1998 consecratio
1216 1936 1385 2016 perficitur,
1413 1935 1464 1996 vel
1486 1935 1591 1997 saltem
1613 1934 1749 2015 perlecta
1771 1940 1803 1995 ει
1824 1950 1968 1994 consum-

600 2044 679 2098 mata
703 2036 886 2100 declaratur:
909 2036 1029 2099 modum
1053 2052 1172 2115 quoque
1188 2053 1248 2114 quo
1260 2034 1425 2115 perficitur,
1448 2052 1556 2114 nempe
1569 2034 1747 2096 adveniente
1771 2040 1802 2094 et
1823 2031 1967 2093 illabente

602 2136 716 2216 Spiritu
738 2144 853 2213 sancto,
877 2135 935 2197 hoc
958 2142 1005 2196 est
1028 2152 1083 2214 per
1105 2133 1290 2210 miraculum,
1314 2142 1345 2195 et
1368 2132 1487 2213 quidem
1511 2132 1783 2213 maximum,.quod
1807 2148 1969 2211 compara-

602 2241 652 2295 tur
680 2233 797 2315 illapsui
830 2234 980 2315 ejusdem,
1012 2234 1042 2294 in
1069 2240 1202 2294 sanctam
1225 2234 1380 2314 Virginem
1409 2231 1447 2294 ad
1475 2231 1692 2295 iucarnationis
1719 2231 1907 2311 mysterium:
1937 2232 1969 2292 in

603 2332 763 2408 Christum,
785 2352 852 2395 cum
873 2333 904 2393 in
926 2330 1059 2394 Jordane
1089 2332 1255 2412 baptisatus
1284 2338 1331 2392 est
1359 2331 1529 2392 atoanne:
1558 2338 1593 2392 ut
1620 2349 1713 2411 super
1742 2329 1907 2410 Apostolos
1937 2330 1968 2390 in

602 2430 767 2493 coenaculo
790 2432 870 2493 Sion.
904 2429 946 2492 lta
966 2431 1111 2512 jubentur
1134 2429 1306 2508 Christiani,
1331 2431 1469 2493 hortante
1492 2429 1638 2508 Diacono,
1661 2430 1788 2491 credere
1810 2445 1880 2490 mox
1902 2427 1969 2490 fieri

601 2536 714 2590 tantum
737 2528 923 2607 miraculum,
946 2537 1086 2610 quantum
1109 2530 1236 2591 humana
1267 2536 1367 2591 mente
1390 2530 1508 2610 concipi
1531 2531 1648 2609 nequit:
1678 2530 1743 2591 lieri
1765 2528 1794 2589 in
1817 2527 1914 2606 altari,
1937 2534 1969 2589 et

600 2629 631 2689 in
654 2628 740 2690 donis
764 2646 858 2709 super
880 2629 951 2691 illud
974 2629 1154 2709 propositis:
1179 2630 1343 2708 attentique
1365 2647 1435 2690 esse
1458 2628 1496 2689 ad
1518 2630 1651 2708 mysterii
1674 2629 1968 2702 consummationem,

602 2726 682 2806 quod
711 2728 740 2788 in
770 2727 911 2809 Liturgiis
941 2727 1064 2789 Graecis
1094 2724 1268 2808 vulgaribus
1298 2735 1328 2789 et
1356 2727 1413 2789 illis
1443 2745 1519 2808 quae
1548 2735 1617 2789 sunt
1646 2728 1731 2788 llitus
1759 2726 1968 2804 Alexandrini,

600 2826 796 2905 paucioribus
818 2826 921 2888 verbis
944 2826 1061 2889 dicitur.
1107 2813 1309 2911 Πρόσχωμεν
1330 2822 1405 2907 ’Θεῷ
1427 2815 1511 2902 μετὰ
1532 2815 1648 2911 φόβου.
1677 2827 1874 2888 Attendamus
1903 2824 1968 2886 Deo

603 2944 671 2986 cum
691 2926 809 2999 timore,
832 2932 862 2986 et
884 2926 914 2986 in
943 2924 1149 3000 Nestorianis,
1184 2924 1258 2985 Cum
1287 2927 1393 2986 timore
1422 2933 1452 2986 et
1477 2926 1595 2987 silentio
1623 2927 1821 2988 attendamus.
1866 2924 1970 2985 lilonet

602 3041 679 3106 ergo
702 3025 930 3088 circumstantes
952 3024 1116 3103 Diaconus,
1141 3033 1172 3086 ut
1201 3024 1240 3086 ad
1268 3026 1366 3086 omnia
1396 3043 1473 3104 quae
1501 3042 1571 3087 mox
1594 3043 1611 3085 a
1634 3024 1800 3088 Sacerdote
1828 3022 1969 3105 Spiritum

601 3131 736 3187 sanctum
759 3124 919 3188 invocante
942 3124 1070 3187 audituri
1093 3133 1181 3199 sunt,
1209 3125 1337 3186 animum
1359 3123 1513 3204 adjiciant:
1544 3123 1669 3186 credant
1690 3124 1740 3185 illa
1763 3123 1828 3185 lieri
1851 3142 1929 3203 quae
1951 3141 1968 3184 a

601 3220 667 3282 Deo
690 3221 837 3301 postulat:
860 3239 968 3303 nempe
991 3242 1047 3304 per
1069 3223 1240 3302 adventum,
1264 3229 1295 3284 et
1316 3222 1452 3303 illapsum
1467 3239 1523 3283 seu
1545 3224 1751 3302 operationem
1773 3222 1969 3284 immediatam

602 3319 733 3401 Spiritus
755 3321 868 3395 sancti,
898 3340 1006 3402 panem
1034 3323 1100 3384 lteri
1128 3341 1239 3403 corpus
1270 3323 1369 3402 ipsum
1399 3320 1512 3383 Christi
1542 3321 1674 3396 Domini,
1699 3324 1803 3383 vinum
1833 3321 1969 3401 ejusdem

603 3420 793 3502 sanguinem:
816 3438 876 3482 non
900 3440 956 3501 per
978 3421 1065 3483 fidem
1087 3423 1330 3503 suscipientium,
1358 3421 1466 3502 quibus
1496 3438 1556 3482 non
1587 3422 1643 3482 nisi
1672 3428 1741 3501 post
1764 3424 1836 3483 satis
1859 3421 1968 3503 longas

600 3536 712 3598 preces
735 3525 766 3580 et
788 3521 1013 3598 caeremonias,
1043 3521 1208 3601 praebetur
1237 3522 1471 3585 Sacramentum.
1516 3519 1564 3579 Ex
1590 3538 1626 3581 ea
1655 3519 1732 3597 lide,
1763 3519 1968 3598 proclamante

603 3616 719 3697 pariter
740 3617 885 3698 Diacono,
909 3621 1006 3681 statim
1029 3626 1177 3681 testantur
1199 3621 1303 3681 videre
1325 3637 1361 3680 se
1382 3618 1478 3682 oculis
1502 3617 1587 3695 lidei,
1616 3616 1765 3680 Christum
1787 3618 1968 3680 immolatum

605 3733 701 3795 super
722 3715 826 3795 altare,
849 3719 1026 3800 sanguinem
1050 3721 1114 3800 ejus
1137 3721 1167 3781 in
1190 3718 1295 3793 calice,
1319 3718 1400 3796 quod
1417 3717 1679 3779 acclamationibus
1703 3716 1829 3779 credere
1851 3735 1887 3779 se
1909 3735 1969 3798 po-

604 3814 695 3895 pulus
717 3822 853 3879 testatur.

692 3915 786 3977 Recte
808 3916 901 3999 igitur
922 3917 953 3976 in
974 3915 1065 3977 Libro
1078 3915 1233 3977 Ministerii
1247 3914 1402 3977 Diaconici
1424 3923 1544 3977 servata
1568 3923 1616 3977 est
1637 3914 1712 3976 haec
1734 3917 1830 3977 oratio
1854 3916 1968 3995 absque

604 4014 665 4076 ulla
688 4016 860 4078 mutatione.
905 4013 965 4077 Sed
987 4033 1091 4096 parum
1114 4014 1306 4076 attenderunt
1328 4014 1493 4076 Maronitae
1516 4015 1654 4076 editionis
1678 4022 1851 4092 curatores,
1883 4032 1968 4076 eam-

605 4113 683 4190 dem,
707 4113 892 4176 lnvocationi
915 4113 952 4175 ad
975 4131 1062 4194 quam
1084 4113 1225 4191 refertur,
1249 4120 1280 4174 et
1305 4130 1382 4192 quae
1406 4114 1525 4176 omnino
1548 4113 1727 4194 interpolata
1750 4122 1807 4191 est,
1831 4132 1892 4176 non
1914 4133 1968 4176 re-

605 4211 766 4293 spondere.
806 4212 924 4293 Quippe
946 4221 1048 4276 monet
1069 4212 1220 4274 Diaconus
1243 4211 1299 4272 hac
1321 4213 1386 4291 ipsa
1408 4211 1482 4298 horp
1505 4211 1649 4274 advenire
1671 4213 1810 4292 Spiritum
1832 4223 1967 4277 sanctum

604 4329 707 4392 super*
720 4311 798 4373 dona
820 4312 985 4392 proposita,
1008 4320 1039 4374 et
1062 4328 1098 4373 ea
1121 4311 1320 4388 sanctificare,
1351 4310 1530 4391 clllcereque
1554 4311 1664 4374 Christi
1692 4331 1803 4394 corpus
1835 4324 1865 4376 ει
1893 4334 1969 4377 san-

604 4409 736 4493 guinem.
779 4408 821 4472 At
844 4409 994 4474 Sacerdos
1017 4412 1046 4472 in
1069 4412 1216 4489 oratione,
1240 4419 1330 4492 prout
1356 4410 1469 4493 legitur
1496 4413 1525 4472 in
1553 4412 1664 4474 blissali
1695 4412 1858 4476 Chaldaico
1887 4415 1968 4477 illum

564 4549 577 4567 .
603 4510 735 4588 invocat,
759 4526 819 4570 non
841 4518 874 4571 ut
895 4508 971 4572 haec
994 4510 1074 4589 liant,
1097 4509 1151 4572 sed
1174 4518 1205 4571 ut
1234 4528 1345 4590 corpus
1375 4518 1405 4573 et
1435 4513 1558 4593 sanguis
1588 4511 1697 4574 Christi
1725 4516 1841 4592 prosint
1868 4514 1969 4574 susci·

604 4607 766 4689 pientibus,
791 4607 827 4670 ad
850 4610 1056 4672 remissionem
1077 4617 1272 4690 peccatorum
1300 4618 1330 4671 et
1360 4611 1448 4673 vitam
1472 4619 1633 4675 aeternam.
1678 4612 1783 4692 Neque
1812 4620 1858 4674 est
1888 4612 1970 4692 quod

605 4708 761 4769 doctrinae
791 4706 963 4771 Catholicae
992 4711 1217 4790 impugnatores
1254 4728 1288 4771 se
1317 4718 1476 4790 torqueant
1506 4728 1573 4772 curn
1599 4710 1755 4789 Salmasio,
1786 4712 1837 4791 qui
1865 4718 1970 4772 contra

604 4806 766 4868 lectionem
789 4805 909 4869 Codicis
932 4807 1050 4888 Coptici
1071 4808 1225 4891 Liturgiae
1255 4811 1350 4871 sancti
1374 4811 1531 4890 Gregorii,
1557 4810 1695 4891 illapsum
1723 4811 1818 4872 sancti
1842 4808 1969 4888 Spiritus

606 4904 645 4966 ad
667 4904 774 4968 fideles
796 4906 908 4985 retulit,
933 4915 963 4968 ut
985 4907 1100 4970 scilicet
1121 4926 1178 4989 pcr
1199 4908 1280 4971 illum
1296 4909 1481 4986 sanctificati,
1505 4908 1679 4971 Oblationes
1693 4927 1796 4972 sacras
1813 4928 1870 4990 per
1881 4906 1969 4970 iidem

608 5012 822 5066 converterent
845 5005 875 5066 in
897 5024 1008 5087 corpus
1031 5015 1061 5068 ει
1082 5010 1258 5090 sanguinem
1288 5007 1407 5071 Christi.
1452 5008 1534 5069 lllam
1562 5003 1800 5094 παρερμηνείαν
1821 5026 1877 5070 suo
1899 5007 1968 5070 loco

608 5099 815 5182 discussimus,
838 5106 962 5185 ejusque
985 5103 1151 5168 futilitatem
1174 5107 1455 5169 demonstravimus:
1487 5125 1585 5187 neque
1615 5108 1665 5170 illa
1695 5116 1793 5188 potest
1820 5108 1969 5170 ullatenus

606 5200 721 5265 formae
743 5202 942 5266 lnvocationis
966 5205 1084 5287 Syriaci
1105 5208 1180 5267 ritus
1211 5207 1438 5271 accommodari.
1484 5207 1647 5269 Potuerunt
1675 5209 1724 5288 qui
1753 5205 1882 5270 Editioni
1904 5206 1969 5270 lio-

606 5318 712 5365 manae
734 5302 929 5384 praefuerunt
959 5304 1172 5368 emendationis
1199 5324 1272 5368 suae
1302 5324 1409 5369 causas
1436 5305 1549 5369 habere
1576 5325 1650 5387 quas
1678 5309 1851 5390 perspicere
1881 5308 1970 5371 lacilc
