5150 6534
606 814 685 905 204
825 843 831 857 ·
1112 814 1471 894 llluuttll

708 999 884 1072 Sacerdos
910 1000 1101 1072 inclinatus.
1154 999 1298 1072 Sanctus
1326 1022 1364 1073 as
1389 1000 1484 1074 Deus
1515 1001 1617 1074 Pater
1643 1004 1872 1099 omnipotetem,
1897 1005 1978 1099 opi-

604 1114 666 1187 fex
692 1125 726 1186 et
753 1126 887 1189 creator
913 1118 1020 1189 omnis
1047 1125 1221 1187 creaturae
1253 1114 1448 1206 invisibilis,
1481 1126 1516 1189 et
1540 1117 1701 1208 visibdis,
1718 1126 1844 1213 ,atque
1863 1120 1978 1196 sensi-

605 1230 692 1314 bilis.
746 1231 889 1304 Sanctus
916 1254 966 1320 es,
992 1231 1085 1304 Deus
1112 1234 1300 1324 unigenitus
1327 1229 1449 1320 Filius,
1475 1234 1582 1305 virtus
1607 1242 1643 1303 et
1667 1235 1832 1327 sapientia
1857 1221 1979 1321 Patdis,

605 1348 752 1423 Domine
779 1359 813 1421 et
838 1336 997 1421 Salvator
1023 1357 1138 1420 noster
1167 1347 1250 1419 Jesu
1284 1345 1426 1420 Christe.
1477 1347 1622 1420 Sanctus
1652 1372 1691 1421 es
1718 1350 1813 1423 Deus
1836 1347 1979 1443 Spiritus

607 1473 735 1553 sancte,
761 1463 930 1560 perfector
957 1474 991 1535 et
1016 1463 1241 1536 sanctificator
1267 1473 1467 1536 sanctorum.
1509 1463 1655 1540 Trinitas
1683 1474 1802 1540 saneta
1824 1473 1862 1537 et
1887 1462 1978 1537 indi-

607 1582 692 1667 visa,
721 1578 1029 1666 consubstantialis,
1069 1578 1284 1674 aequalisque
1320 1578 1467 1670 gloriae:
1503 1581 1597 1670 cujus
1628 1578 1862 1654 misericordia
1896 1600 1978 1671 erga

607 1718 715 1788 genus
741 1704 890 1766 nostrum
917 1694 1115 1768 effusissima
1142 1704 1203 1765 est
1245 1694 1298 1765 Tu
1324 1704 1459 1766 sanctus
1486 1716 1534 1768 es⁴
1551 1703 1587 1767 et
1612 1695 1825 1776 sanctificans
1851 1698 1978 1770 omma:

609 1813 663 1905 qui
689 1833 757 1883 non
783 1810 945 1904 reliquisti
970 1809 1049 1881 illud
1080 1815 1187 1906 ipsum
1214 1831 1322 1902 genus
1355 1821 1505 1883 nostrum
1530 1812 1564 1881 in
1599 1808 1702 1882 exilio
1736 1833 1784 1884 ex
1807 1810 1979 1906 parnd‘mo,

608 1949 683 1997 cum
710 1931 838 1998 interea
865 1929 955 1999 omni
981 1929 1110 2021 peccati
1136 1947 1264 2017 genere
1291 1936 1383 1999 esset
1415 1923 1623 2019 implicitum,
1659 1924 1721 1999 sed
1753 1923 1802 1998 illi
1830 1924 1979 2006 munito,-

607 2052 713 2114 status
747 2064 785 2113 es
819 2064 881 2136 per
913 2042 1055 2114 verbum
1087 2041 1177 2136 quod
1208 2065 1324 2114 coram
1360 2039 1482 2114 mundo
1517 2050 1704 2133 egestatem
1736 2063 1878 2137 passum
1899 2051 1980 2125 est:

607 2158 715 2251 ipsum
741 2179 826 2228 vero
854 2158 982 2249 (genus
1007 2154 1202 2247 humanum)
1239 2160 1369 2252 accepit
1401 2156 1532 2246 (Deus)
1559 2154 1725 2246 Verbum,
1756 2160 1793 2238 in
1827 2154 1980 2234 omnum

580 2269 584 2270 ἢ
609 2274 676 2366 ipsi
703 2270 914 2359 assimilatus,
941 2282 1088 2367 excepto
1122 2281 1284 2368 peccato,
1315 2281 1352 2343 ut
1382 2282 1617 2367 praeparatum
1649 2293 1726 2344 eum
1757 2272 1907 2345 ediceret
1939 2270 1981 2348 ed

608 2390 826 2476 sanctitatem,
853 2387 1114 2482 dispositumque
1140 2388 1182 2459 ad
1209 2388 1402 2460 convivium
1427 2385 1490 2458 boo
1516 2386 1695 2459 vivificum
1937 2474 1940 2476 Α

584 2535 591 2544 ··
715 2504 866 2575 saevam
899 2526 1025 2575 vocent.
1086 2503 1151 2589 Qui
1185 2514 1386 2598 conceptus,
1428 2501 1591 2575 formatam
1628 2513 1662 2574 et
1702 2503 1981 2597 configuratus
2062 2487 2065 2491 ⁴

526 2634 576 2733 ψ
606 2617 732 2714 Spiritu
759 2626 898 2708 sancto,
925 2629 1032 2689 etex
1065 2621 1228 2709 sanguine
1260 2620 1417 2709 ¹virgineo
1449 2617 1600 2709 Virginis
1632 2626 1771 2690 sanctae
1804 2618 1981 2704 Genitrieis

606 2733 672 2806 Dei
698 2734 845 2820 Mariae,
876 2745 973 2805 natus
1006 2741 1060 2805 est
1092 2733 1222 2827 quidem
1249 2731 1368 2820 bomo,
1403 2754 1622 2827 excerpere
1649 2731 1799 2823 ejusdem
1829 2742 1985 2827 puroet

610 2853 834 2940 sanctissimo,
861 2853 1016 2945 princeps
1043 2852 1147 2939 vitae,
1174 2851 1425 2943 suscipiensque
1451 2847 1656 2919 divinitatem
1682 2850 1717 2918 in
1742 2869 1980 2940 cammen-

609 2969 755 3037 servatis
788 2975 927 3037 naturae
959 2965 1038 3056 lege
1071 2974 1105 3035 et
1138 2963 1417 3059 proprietatibus,
1452 2962 1514 3034 sed
1544 2964 1644 3034 modo
1680 2984 1793 3057 supra·
1813 2974 1979 3053 naturam

610 3084 809 3175 agnitusque
836 3090 887 3152 est
912 3082 1005 3152 Deus
1031 3083 1064 3151 in
1091 3077 1234 3174 Spiritu,
1261 3087 1296 3150 et
1319 3077 1418 3152 bomo
1445 3081 1480 3149 in
1506 3100 1619 3149 carne.
1671 3080 1785 3172 Atque
1809 3081 1845 3151 in
1872 3100 1980 3173 quon·-

607 3206 677 3267 tum
705 3205 777 3268 erat
802 3196 951 3268 Verbum
979 3207 1056 3268 ante
1090 3195 1242 3280 saecula,
1278 3217 1326 3265 ex
1358 3203 1392 3265 te
1424 3204 1460 3265 ut
1482 3193 1558 3265 Deo
1592 3192 1727 3284 dignum
1763 3204 1857 3285 erat,
1888 3203 1985 3280 natus,

609 3322 673 3399 est,
700 3321 734 3383 et
760 3310 936 3386 virtutibus
963 3320 1063 3404 atque
1088 3309 1269 3395 miraculis,
1296 3307 1408 3403 qualia
1435 3310 1545 3403 opilici
1566 3311 1709 3380 omnium
1722 3306 1981 3398 conveniebant

607 3427 710 3498 talem
738 3450 777 3499 se
806 3448 882 3498 esse
918 3435 1057 3498 testatus
1089 3433 1158 3496 est:
1192 3434 1259 3495 tum
1291 3427 1389 3496 etiam
1423 3423 1514 3517 quod
1548 3426 1755 3500 sanationem
1788 3421 1984 3513 absolutam,

611 3542 820 3635 salutemque
847 3540 1032 3635 perlectam
1057 3542 1216 3612 universo
1243 3544 1361 3632 generi
1388 3539 1531 3611 bumana
1566 3537 1706 3629 largitus
1739 3549 1801 3611 est
1853 3539 1892 3615 ln
1918 3536 1981 3623 fita

610 3666 721 3727 autem
749 3665 783 3726 et
809 3658 1093 3728 consummatione
1121 3655 1379 3750 dispensationis
1413 3676 1513 3744 suae,
1548 3664 1686 3749 propter
1719 3675 1805 3743 nos,
1840 3663 1875 3726 et
1907 3663 1985 3738 ante

611 3794 744 3843 crucem
766 3794 859 3843 suam
879 3770 1069 3858 salutarem,
1096 3775 1227 3867 accepit
1246 3792 1368 3865 panem
1387 3773 1420 3840 in
1444 3792 1561 3841 manas
1575 3781 1654 3841 suas
1670 3789 1772 3864 puras
1787 3779 1823 3841 et
1841 3780 2004 3858 sanct&

611 3897 653 3985 et
673 3888 807 3981 aspexit
833 3887 875 3958 ad
903 3897 936 3958 te
961 3886 1055 3958 Deus
1082 3886 1204 3974 Pater,
1230 3888 1358 3977 gratias
1385 3906 1492 3975 agens
1518 3891 1539 3965 †
1566 3884 1759 3974 benedixit,
1785 3891 1807 3967 †
1834 3884 1986 3974 sanatib·

611 4005 713 4088 cavit,
740 4009 761 4083 †
787 4001 899 4094 fregit,
926 4001 1081 4096 deditque
1109 4001 1279 4095 discipulis
1307 4003 1376 4072 suis
1398 3999 1573 4094 Apostolis
1593 4003 1730 4084 sanctis,
1756 3999 1893 4074 dicens:
1920 4025 1981 4081 ac·

613 4120 713 4211 cipite
739 4127 774 4188 et
799 4117 996 4189 manducate
1023 4140 1069 4187 ex
1096 4139 1148 4204 eo,
1177 4127 1212 4189 et
1237 4116 1364 4187 credite
1385 4114 1399 4152 ²
1425 4115 1514 4209 quod
1542 4136 1663 4210 corpus
1690 4137 1801 4188 meum
1826 4125 1890 4205 est,
1909 4113 1983 4188 illud

611 4236 719 4327 ipsum
748 4233 837 4327 quod
863 4255 925 4327 pro
952 4231 1052 4303 vobis
1080 4242 1114 4303 et
1138 4254 1200 4327 pro
1226 4232 1336 4303 multis
1363 4230 1526 4322 frangitur
1552 4242 1587 4301 et
1612 4230 1719 4320 datur,
1745 4231 1790 4302 ad
1811 4235 1981 4329 expiatio-

612 4368 688 4417 nem
716 4347 921 4434 deliotorum,
948 4350 1178 4418 remissionem
1204 4358 1419 4443 peccatorum
1446 4355 1480 4417 et
1505 4347 1609 4417 m‘tam
1636 4359 1818 4421 aeternam.

718 4462 881 4554 Populus.
935 4464 1054 4534 Amen.

717 4576 900 4650 Sacerdos.
953 4578 1083 4650 Eodem
1110 4587 1219 4648 autem
1245 4577 1346 4650 modo
1374 4587 1408 4648 et
1433 4599 1535 4671 super
1561 4579 1698 4649 calicem
1731 4598 1830 4671 quem
1856 4578 1987 4654 mussa

612 4695 694 4764 vino
723 4702 757 4764 et
783 4716 889 4786 aqua,
924 4697 1051 4785 gratias
1079 4696 1149 4784 egit
1180 4700 1201 4774 †
1234 4691 1423 4781 benedixit,
1456 4700 1476 4774 †
1513 4693 1750 4780 sanctificavit,
1782 4699 1804 4775 †
1836 4702 1870 4764 et
1900 4690 1989 4783 dedit

612 4808 733 4879 iisdem
761 4807 929 4903 discipulis
957 4812 1027 4881 suis
1064 4820 1098 4879 et
1122 4807 1297 4903 Apostolis
1331 4811 1475 4894 sanctis,
1510 4808 1643 4881 dicens:
1676 4811 1863 4904 Accipite,
1884 4805 1988 4881 bibite

615 4944 660 4993 ex
688 4945 730 4996 eo
758 4945 823 4995 vos
851 4945 979 5011 omnes,
1008 4933 1042 4996 et
1068 4923 1194 4995 credite
1222 4923 1310 5017 quod
1336 4922 1390 4994 bic
1416 4933 1468 4995 est
1494 4927 1630 5015 sanguis
1663 4946 1757 4996 meus
1784 4923 1992 5000 Testamenti

614 5036 723 5126 Novi,
751 5043 805 5132 qui
832 5063 893 5134 pro
921 5040 1020 5113 vobis
1047 5049 1082 5110 et
1107 5062 1170 5134 pro
1196 5039 1305 5111 multis
1333 5038 1507 5112 effunditur
1533 5051 1567 5112 et
1592 5039 1705 5127 datur,
1738 5038 1782 5112 ad
1814 5041 1992 5135 expiatio-

530 5231 532 5236 .
613 5172 691 5222 nem
721 5153 927 5244 delictorum,
954 5157 1187 5239 remissionem
1212 5165 1436 5250 peccatorum,
1465 5166 1499 5227 et
1524 5160 1627 5228 vitam
1654 5166 1834 5232 aeteruum.
1960 5211 1962 5228 2

719 5268 881 5363 Populus.
933 5272 1053 5344 Amen.
