<?xml version="1.0" encoding="UTF-8"?>
<!DOCTYPE html PUBLIC "-//W3C//DTD XHTML 1.0 Transitional//EN"
    "http://www.w3.org/TR/xhtml1/DTD/xhtml1-transitional.dtd">
<html xmlns="http://www.w3.org/1999/xhtml" xml:lang="en" lang="en">
 <head>
  <title>
</title>
<meta http-equiv="Content-Type" content="text/html;charset=utf-8" />
  <meta name='ocr-system' content='tesseract 3.04.00' />
  <meta name='ocr-capabilities' content='ocr_page ocr_carea ocr_par ocr_line ocrx_word'/>
</head>
<body>
  <div class='ocr_page' id='page_1' title='image "./liturgiarumorie00renagoog_0590.png"; bbox 0 0 5150 6534; ppageno 0'>
   <div class='ocr_carea' id='block_1_1' title="bbox 596 817 1469 900">
    <p class='ocr_par' dir='ltr' id='par_1_1' title="bbox 596 817 1469 900">
     <span class='ocr_line' id='line_1_1' title="bbox 596 817 1469 900; baseline -0.006 0"><span class='ocrx_word' id='word_1_1' title='bbox 596 819 674 900; x_wconf 71' lang='grc'><strong>552</strong></span> <span class='ocrx_word' id='word_1_2' title='bbox 1106 817 1469 900; x_wconf 80' lang='lat' dir='ltr'><strong>uttouoln</strong></span> 
     </span>
    </p>
   </div>
   <div class='ocr_carea' id='block_1_2' title="bbox 525 1004 1975 3192">
    <p class='ocr_par' dir='ltr' id='par_1_2' title="bbox 595 1004 1975 1215">
     <span class='ocr_line' id='line_1_2' title="bbox 595 1004 1975 1105; baseline 0.001 -25"><span class='ocrx_word' id='word_1_3' title='bbox 595 1010 718 1097; x_wconf 84' lang='lat' dir='ltr'><strong>rimus,</strong></span> <span class='ocrx_word' id='word_1_4' title='bbox 746 1015 780 1080; x_wconf 90' lang='lat' dir='ltr'><strong>et</strong></span> <span class='ocrx_word' id='word_1_5' title='bbox 807 1004 903 1078; x_wconf 90' lang='lat' dir='ltr'><strong>simul</strong></span> <span class='ocrx_word' id='word_1_6' title='bbox 928 1008 1098 1099; x_wconf 89' lang='lat' dir='ltr'><strong>unigenito</strong></span> <span class='ocrx_word' id='word_1_7' title='bbox 1111 1004 1195 1077; x_wconf 86' lang='lat' dir='ltr'><strong>Filio</strong></span> <span class='ocrx_word' id='word_1_8' title='bbox 1217 1013 1292 1097; x_wconf 89' lang='lat' dir='ltr'><strong>tuo,</strong></span> <span class='ocrx_word' id='word_1_9' title='bbox 1319 1006 1598 1104; x_wconf 90' lang='lat' dir='ltr'><strong>sanctissimoque</strong></span> <span class='ocrx_word' id='word_1_10' title='bbox 1623 1015 1679 1080; x_wconf 91' lang='lat' dir='ltr'><strong>tuo</strong></span> <span class='ocrx_word' id='word_1_11' title='bbox 1691 1005 1841 1105; x_wconf 81' lang='lat' dir='ltr'><strong>Spiritui,</strong></span> <span class='ocrx_word' id='word_1_12' title='bbox 1866 1004 1975 1097; x_wconf 84' lang='lat' dir='ltr'><strong>bono,</strong></span> 
     </span>
     <span class='ocr_line' id='line_1_3' title="bbox 599 1120 1213 1215; baseline -0.003 -20"><span class='ocrx_word' id='word_1_13' title='bbox 599 1120 794 1212; x_wconf 88' lang='lat' dir='ltr'><strong>adorando,</strong></span> <span class='ocrx_word' id='word_1_14' title='bbox 821 1125 924 1198; x_wconf 87' lang='lat' dir='ltr'><strong>vitam</strong></span> <span class='ocrx_word' id='word_1_15' title='bbox 949 1122 1122 1215; x_wconf 75' lang='lat' dir='ltr'><strong>largienti,</strong></span> <span class='ocrx_word' id='word_1_16' title='bbox 1150 1132 1213 1195; x_wconf 90' lang='lat' dir='ltr'><strong>etc.</strong></span> 
     </span>
    </p>

    <p class='ocr_par' dir='ltr' id='par_1_3' title="bbox 703 1237 1038 1331">
     <span class='ocr_line' id='line_1_4' title="bbox 703 1237 1038 1331; baseline -0.003 -21"><span class='ocrx_word' id='word_1_17' title='bbox 703 1237 865 1331; x_wconf 77' lang='lat' dir='ltr'><strong>Populus.</strong></span> <span class='ocrx_word' id='word_1_18' title='bbox 918 1238 1038 1312; x_wconf 84' lang='lat' dir='ltr'><strong>Amen.</strong></span> 
     </span>
    </p>

    <p class='ocr_par' dir='ltr' id='par_1_4' title="bbox 597 1351 1973 1914">
     <span class='ocr_line' id='line_1_5' title="bbox 703 1351 1973 1452; baseline -0.002 -26"><span class='ocrx_word' id='word_1_19' title='bbox 703 1352 880 1426; x_wconf 79' lang='lat' dir='ltr'><strong>Sacerdos</strong></span> <span class='ocrx_word' id='word_1_20' title='bbox 910 1354 1102 1427; x_wconf 75' lang='lat' dir='ltr'><strong>inclinatae.</strong></span> <span class='ocrx_word' id='word_1_21' title='bbox 1155 1354 1241 1441; x_wconf 83' lang='lat' dir='ltr'><strong>Quia</strong></span> <span class='ocrx_word' id='word_1_22' title='bbox 1266 1378 1371 1452; x_wconf 93' lang='lat' dir='ltr'><strong>porro</strong></span> <span class='ocrx_word' id='word_1_23' title='bbox 1398 1368 1433 1430; x_wconf 88' lang='grc' dir='ltr'><strong>ιιι</strong></span> <span class='ocrx_word' id='word_1_24' title='bbox 1458 1360 1494 1430; x_wconf 92' lang='lat' dir='ltr'><strong>iu</strong></span> <span class='ocrx_word' id='word_1_25' title='bbox 1518 1359 1621 1430; x_wconf 88' lang='lat' dir='ltr'><strong>vitam</strong></span> <span class='ocrx_word' id='word_1_26' title='bbox 1649 1351 1745 1427; x_wconf 91' lang='lat' dir='ltr'><strong>simul</strong></span> <span class='ocrx_word' id='word_1_27' title='bbox 1770 1363 1807 1425; x_wconf 90' lang='grc' dir='ltr'><strong>ει</strong></span> <span class='ocrx_word' id='word_1_28' title='bbox 1831 1362 1973 1425; x_wconf 87' lang='lat' dir='ltr'><strong>mortem</strong></span> 
     </span>
     <span class='ocr_line' id='line_1_6' title="bbox 597 1467 1972 1566; baseline 0.001 -25"><span class='ocrx_word' id='word_1_29' title='bbox 597 1468 704 1541; x_wconf 87' lang='lat' dir='ltr'><strong>babes</strong></span> <span class='ocrx_word' id='word_1_30' title='bbox 730 1472 920 1566; x_wconf 86' lang='lat' dir='ltr'><strong>imperium,</strong></span> <span class='ocrx_word' id='word_1_31' title='bbox 956 1470 1096 1563; x_wconf 89' lang='lat' dir='ltr'><strong>dignare</strong></span> <span class='ocrx_word' id='word_1_32' title='bbox 1126 1490 1190 1543; x_wconf 90' lang='lat' dir='ltr'><strong>uos</strong></span> <span class='ocrx_word' id='word_1_33' title='bbox 1225 1493 1343 1546; x_wconf 89' lang='lat' dir='ltr'><strong>eorum</strong></span> <span class='ocrx_word' id='word_1_34' title='bbox 1376 1474 1478 1545; x_wconf 89' lang='lat' dir='ltr'><strong>etiam</strong></span> <span class='ocrx_word' id='word_1_35' title='bbox 1511 1474 1722 1558; x_wconf 79' lang='lat' dir='ltr'><strong>meminisse,</strong></span> <span class='ocrx_word' id='word_1_36' title='bbox 1758 1470 1815 1565; x_wconf 94' lang='lat' dir='ltr'><strong>qui</strong></span> <span class='ocrx_word' id='word_1_37' title='bbox 1846 1467 1972 1542; x_wconf 90' lang='lat' dir='ltr'><strong>iudea</strong></span> 
     </span>
     <span class='ocr_line' id='line_1_7' title="bbox 599 1582 1972 1683; baseline 0.001 -27"><span class='ocrx_word' id='word_1_38' title='bbox 599 1582 737 1658; x_wconf 89' lang='lat' dir='ltr'><strong>saeculo</strong></span> <span class='ocrx_word' id='word_1_39' title='bbox 764 1585 959 1679; x_wconf 87' lang='lat' dir='ltr'><strong>placuerunt</strong></span> <span class='ocrx_word' id='word_1_40' title='bbox 984 1586 1055 1675; x_wconf 89' lang='lat' dir='ltr'><strong>tibi,</strong></span> <span class='ocrx_word' id='word_1_41' title='bbox 1081 1587 1213 1658; x_wconf 90' lang='lat' dir='ltr'><strong>Patrura</strong></span> <span class='ocrx_word' id='word_1_42' title='bbox 1232 1597 1266 1659; x_wconf 93' lang='grc' dir='ltr'><strong>ει</strong></span> <span class='ocrx_word' id='word_1_43' title='bbox 1280 1587 1560 1677; x_wconf 85' lang='lat' dir='ltr'><strong>Patriarcbarum‚</strong></span> <span class='ocrx_word' id='word_1_44' title='bbox 1585 1584 1841 1683; x_wconf 69' lang='lat' dir='ltr'><strong>Prophetarum,</strong></span> <span class='ocrx_word' id='word_1_45' title='bbox 1867 1585 1972 1683; x_wconf 82' lang='lat' dir='ltr'><strong>Apo-</strong></span> 
     </span>
     <span class='ocr_line' id='line_1_8' title="bbox 600 1699 1973 1801; baseline 0.001 -29"><span class='ocrx_word' id='word_1_46' title='bbox 600 1699 772 1789; x_wconf 80' lang='lat' dir='ltr'><strong>stolorum,</strong></span> <span class='ocrx_word' id='word_1_47' title='bbox 798 1701 937 1774; x_wconf 89' lang='lat' dir='ltr'><strong>loaunis</strong></span> <span class='ocrx_word' id='word_1_48' title='bbox 962 1702 1146 1798; x_wconf 80' lang='lat' dir='ltr'><strong>Baptistae,</strong></span> <span class='ocrx_word' id='word_1_49' title='bbox 1171 1701 1331 1800; x_wconf 85' lang='lat' dir='ltr'><strong>Stephani</strong></span> <span class='ocrx_word' id='word_1_50' title='bbox 1355 1706 1455 1801; x_wconf 90' lang='lat' dir='ltr'><strong>primi</strong></span> <span class='ocrx_word' id='word_1_51' title='bbox 1479 1705 1653 1801; x_wconf 66' lang='lat' dir='ltr'><strong>martpris,</strong></span> <span class='ocrx_word' id='word_1_52' title='bbox 1680 1710 1715 1774; x_wconf 91' lang='lat' dir='ltr'><strong>et</strong></span> <span class='ocrx_word' id='word_1_53' title='bbox 1739 1709 1880 1776; x_wconf 78' lang='lat' dir='ltr'><strong>senene</strong></span> <span class='ocrx_word' id='word_1_54' title='bbox 1909 1702 1973 1773; x_wconf 89' lang='lat' dir='ltr'><strong>Dei</strong></span> 
     </span>
     <span class='ocr_line' id='line_1_9' title="bbox 601 1813 1428 1914; baseline 0.004 -27"><span class='ocrx_word' id='word_1_55' title='bbox 601 1813 795 1903; x_wconf 87' lang='lat' dir='ltr'><strong>Genitricis,</strong></span> <span class='ocrx_word' id='word_1_56' title='bbox 820 1840 862 1888; x_wconf 91' lang='lat' dir='ltr'><strong>ac</strong></span> <span class='ocrx_word' id='word_1_57' title='bbox 888 1820 1031 1890; x_wconf 88' lang='lat' dir='ltr'><strong>omnium</strong></span> <span class='ocrx_word' id='word_1_58' title='bbox 1057 1816 1200 1914; x_wconf 91' lang='lat' dir='ltr'><strong>denique</strong></span> <span class='ocrx_word' id='word_1_59' title='bbox 1228 1829 1428 1893; x_wconf 89' lang='lat' dir='ltr'><strong>sanctorum.</strong></span> 
     </span>
    </p>

    <p class='ocr_par' dir='ltr' id='par_1_5' title="bbox 525 1931 1974 3192">
     <span class='ocr_line' id='line_1_10' title="bbox 703 1931 1974 2029; baseline 0.002 -26"><span class='ocrx_word' id='word_1_60' title='bbox 703 1931 752 2002; x_wconf 83' lang='lat' dir='ltr'><strong>Et</strong></span> <span class='ocrx_word' id='word_1_61' title='bbox 776 1931 913 2004; x_wconf 77' lang='lat' dir='ltr'><strong>sableta</strong></span> <span class='ocrx_word' id='word_1_62' title='bbox 942 1954 1039 2004; x_wconf 84' lang='lat' dir='ltr'><strong>cccc.</strong></span> <span class='ocrx_word' id='word_1_63' title='bbox 1098 1932 1143 2005; x_wconf 85' lang='lat' dir='ltr'><strong>Et</strong></span> <span class='ocrx_word' id='word_1_64' title='bbox 1176 1937 1206 2008; x_wconf 89' lang='lat' dir='ltr'><strong>si</strong></span> <span class='ocrx_word' id='word_1_65' title='bbox 1237 1933 1280 2006; x_wconf 93' lang='lat' dir='ltr'><strong>ad</strong></span> <span class='ocrx_word' id='word_1_66' title='bbox 1311 1934 1388 2008; x_wconf 88' lang='lat' dir='ltr'><strong>loca</strong></span> <span class='ocrx_word' id='word_1_67' title='bbox 1420 1934 1571 2027; x_wconf 88' lang='lat' dir='ltr'><strong>gloriosa</strong></span> <span class='ocrx_word' id='word_1_68' title='bbox 1603 1936 1775 2029; x_wconf 88' lang='lat' dir='ltr'><strong>omnisque</strong></span> <span class='ocrx_word' id='word_1_69' title='bbox 1811 1935 1974 2006; x_wconf 84' lang='lat' dir='ltr'><strong>materiae</strong></span> 
     </span>
     <span class='ocr_line' id='line_1_11' title="bbox 601 2050 1973 2146; baseline 0.004 -29"><span class='ocrx_word' id='word_1_70' title='bbox 601 2050 771 2140; x_wconf 83' lang='lat' dir='ltr'><strong>expertia,</strong></span> <span class='ocrx_word' id='word_1_71' title='bbox 807 2055 841 2120; x_wconf 90' lang='lat' dir='ltr'><strong>et</strong></span> <span class='ocrx_word' id='word_1_72' title='bbox 867 2070 953 2144; x_wconf 90' lang='lat' dir='ltr'><strong>quae</strong></span> <span class='ocrx_word' id='word_1_73' title='bbox 986 2057 1084 2120; x_wconf 80' lang='lat' dir='ltr'><strong>extra</strong></span> <span class='ocrx_word' id='word_1_74' title='bbox 1117 2070 1250 2123; x_wconf 91' lang='lat' dir='ltr'><strong>omnem</strong></span> <span class='ocrx_word' id='word_1_75' title='bbox 1284 2053 1568 2146; x_wconf 88' lang='lat' dir='ltr'><strong>comparationem</strong></span> <span class='ocrx_word' id='word_1_76' title='bbox 1601 2061 1696 2138; x_wconf 89' lang='lat' dir='ltr'><strong>suut,</strong></span> <span class='ocrx_word' id='word_1_77' title='bbox 1730 2051 1907 2145; x_wconf 83' lang='lat' dir='ltr'><strong>receperis</strong></span> <span class='ocrx_word' id='word_1_78' title='bbox 1939 2051 1973 2122; x_wconf 90' lang='lat' dir='ltr'><strong>in</strong></span> 
     </span>
     <span class='ocr_line' id='line_1_12' title="bbox 525 2165 1974 2241; baseline 0.006 -11"><span class='ocrx_word' id='word_1_79' title='bbox 525 2206 535 2230; x_wconf 58' lang='lat'><em>2</em></span> <span class='ocrx_word' id='word_1_80' title='bbox 600 2172 732 2234; x_wconf 91' lang='lat' dir='ltr'><strong>coetum</strong></span> <span class='ocrx_word' id='word_1_81' title='bbox 759 2174 949 2237; x_wconf 90' lang='lat' dir='ltr'><strong>sanctorum</strong></span> <span class='ocrx_word' id='word_1_82' title='bbox 974 2174 1103 2238; x_wconf 89' lang='lat' dir='ltr'><strong>tuorum</strong></span> <span class='ocrx_word' id='word_1_83' title='bbox 1129 2165 1291 2239; x_wconf 89' lang='lat' dir='ltr'><strong>Domine:</strong></span> <span class='ocrx_word' id='word_1_84' title='bbox 1316 2165 1420 2240; x_wconf 90' lang='lat' dir='ltr'><strong>facito</strong></span> <span class='ocrx_word' id='word_1_85' title='bbox 1445 2178 1483 2240; x_wconf 91' lang='lat' dir='ltr'><strong>ut</strong></span> <span class='ocrx_word' id='word_1_86' title='bbox 1508 2170 1610 2241; x_wconf 90' lang='lat' dir='ltr'><strong>simus</strong></span> <span class='ocrx_word' id='word_1_87' title='bbox 1635 2165 1765 2239; x_wconf 88' lang='lat' dir='ltr'><strong>illomm</strong></span> <span class='ocrx_word' id='word_1_88' title='bbox 1793 2174 1974 2239; x_wconf 81' lang='lat' dir='ltr'><strong>consortes</strong></span> 
     </span>
     <span class='ocr_line' id='line_1_13' title="bbox 600 2277 1973 2379; baseline 0.004 -31"><span class='ocrx_word' id='word_1_89' title='bbox 600 2279 634 2348; x_wconf 93' lang='lat' dir='ltr'><strong>iu</strong></span> <span class='ocrx_word' id='word_1_90' title='bbox 668 2277 822 2351; x_wconf 83' lang='lat' dir='ltr'><strong>Ecclesia</strong></span> <span class='ocrx_word' id='word_1_91' title='bbox 855 2283 1151 2377; x_wconf 89' lang='lat' dir='ltr'><strong>primogenitorum</strong></span> <span class='ocrx_word' id='word_1_92' title='bbox 1185 2304 1206 2356; x_wconf 92' lang='lat' dir='ltr'><strong>o</strong></span> <span class='ocrx_word' id='word_1_93' title='bbox 1239 2281 1341 2356; x_wconf 90' lang='lat' dir='ltr'><strong>bone.</strong></span> <span class='ocrx_word' id='word_1_94' title='bbox 1401 2283 1552 2379; x_wconf 85' lang='lat' dir='ltr'><strong>Cumque</strong></span> <span class='ocrx_word' id='word_1_95' title='bbox 1585 2280 1848 2356; x_wconf 88' lang='lat' dir='ltr'><strong>misericordiam</strong></span> <span class='ocrx_word' id='word_1_96' title='bbox 1884 2290 1973 2353; x_wconf 87' lang='lat' dir='ltr'><strong>trram</strong></span> 
     </span>
     <span class='ocr_line' id='line_1_14' title="bbox 599 2391 1973 2494; baseline 0.004 -31"><span class='ocrx_word' id='word_1_97' title='bbox 599 2391 913 2487; x_wconf 89' lang='lat' dir='ltr'><strong>laudabilissimam,</strong></span> <span class='ocrx_word' id='word_1_98' title='bbox 954 2407 988 2468; x_wconf 92' lang='lat' dir='ltr'><strong>et</strong></span> <span class='ocrx_word' id='word_1_99' title='bbox 1023 2420 1174 2471; x_wconf 90' lang='lat' dir='ltr'><strong>amorem</strong></span> <span class='ocrx_word' id='word_1_100' title='bbox 1206 2410 1296 2472; x_wconf 90' lang='lat' dir='ltr'><strong>tuum</strong></span> <span class='ocrx_word' id='word_1_101' title='bbox 1328 2422 1413 2494; x_wconf 90' lang='lat' dir='ltr'><strong>erga</strong></span> <span class='ocrx_word' id='word_1_102' title='bbox 1444 2407 1552 2493; x_wconf 89' lang='lat' dir='ltr'><strong>genus</strong></span> <span class='ocrx_word' id='word_1_103' title='bbox 1586 2398 1759 2470; x_wconf 90' lang='lat' dir='ltr'><strong>humanum</strong></span> <span class='ocrx_word' id='word_1_104' title='bbox 1793 2396 1973 2485; x_wconf 87' lang='lat' dir='ltr'><strong>imitantes,</strong></span> 
     </span>
     <span class='ocr_line' id='line_1_15' title="bbox 600 2509 1973 2610; baseline 0.002 -30"><span class='ocrx_word' id='word_1_105' title='bbox 600 2509 752 2583; x_wconf 90' lang='lat' dir='ltr'><strong>assiduas</strong></span> <span class='ocrx_word' id='word_1_106' title='bbox 778 2534 900 2607; x_wconf 88' lang='lat' dir='ltr'><strong>preces</strong></span> <span class='ocrx_word' id='word_1_107' title='bbox 932 2522 1030 2608; x_wconf 88' lang='lat' dir='ltr'><strong>atque</strong></span> <span class='ocrx_word' id='word_1_108' title='bbox 1062 2514 1315 2588; x_wconf 89' lang='lat' dir='ltr'><strong>obsecrationes</strong></span> <span class='ocrx_word' id='word_1_109' title='bbox 1348 2537 1411 2610; x_wconf 91' lang='lat' dir='ltr'><strong>pro</strong></span> <span class='ocrx_word' id='word_1_110' title='bbox 1447 2513 1545 2589; x_wconf 90' lang='lat' dir='ltr'><strong>uobis</strong></span> <span class='ocrx_word' id='word_1_111' title='bbox 1578 2515 1638 2588; x_wconf 93' lang='lat' dir='ltr'><strong>tibi</strong></span> <span class='ocrx_word' id='word_1_112' title='bbox 1669 2512 1827 2603; x_wconf 87' lang='lat' dir='ltr'><strong>offerant,</strong></span> <span class='ocrx_word' id='word_1_113' title='bbox 1862 2534 1973 2608; x_wconf 90' lang='lat' dir='ltr'><strong>eoque</strong></span> 
     </span>
     <span class='ocr_line' id='line_1_16' title="bbox 599 2625 1974 2727; baseline 0.004 -31"><span class='ocrx_word' id='word_1_114' title='bbox 599 2628 793 2699; x_wconf 89' lang='lat' dir='ltr'><strong>memoriam</strong></span> <span class='ocrx_word' id='word_1_115' title='bbox 818 2626 948 2700; x_wconf 90' lang='lat' dir='ltr'><strong>illorum</strong></span> <span class='ocrx_word' id='word_1_116' title='bbox 974 2629 1202 2721; x_wconf 84' lang='lat' dir='ltr'><strong>celebremus,</strong></span> <span class='ocrx_word' id='word_1_117' title='bbox 1234 2641 1269 2703; x_wconf 92' lang='lat' dir='ltr'><strong>ut</strong></span> <span class='ocrx_word' id='word_1_118' title='bbox 1301 2631 1433 2726; x_wconf 91' lang='lat' dir='ltr'><strong>quaudo</strong></span> <span class='ocrx_word' id='word_1_119' title='bbox 1465 2630 1565 2704; x_wconf 90' lang='lat' dir='ltr'><strong>nobis</strong></span> <span class='ocrx_word' id='word_1_120' title='bbox 1596 2634 1660 2727; x_wconf 90' lang='lat' dir='ltr'><strong>ipsi</strong></span> <span class='ocrx_word' id='word_1_121' title='bbox 1685 2651 1801 2727; x_wconf 90' lang='lat' dir='ltr'><strong>parum</strong></span> <span class='ocrx_word' id='word_1_122' title='bbox 1827 2625 1974 2719; x_wconf 86' lang='lat' dir='ltr'><strong>fidimus,</strong></span> 
     </span>
     <span class='ocr_line' id='line_1_17' title="bbox 599 2742 1974 2845; baseline 0.003 -33"><span class='ocrx_word' id='word_1_123' title='bbox 599 2744 758 2813; x_wconf 90' lang='lat' dir='ltr'><strong>memoria</strong></span> <span class='ocrx_word' id='word_1_124' title='bbox 785 2752 818 2814; x_wconf 89' lang='lat' dir='ltr'><strong>et</strong></span> <span class='ocrx_word' id='word_1_125' title='bbox 844 2742 1014 2836; x_wconf 90' lang='lat' dir='ltr'><strong>legatione</strong></span> <span class='ocrx_word' id='word_1_126' title='bbox 1038 2745 1169 2819; x_wconf 92' lang='lat' dir='ltr'><strong>illorum</strong></span> <span class='ocrx_word' id='word_1_127' title='bbox 1195 2752 1359 2844; x_wconf 88' lang='lat' dir='ltr'><strong>protecti,</strong></span> <span class='ocrx_word' id='word_1_128' title='bbox 1385 2770 1447 2845; x_wconf 92' lang='lat' dir='ltr'><strong>per</strong></span> <span class='ocrx_word' id='word_1_129' title='bbox 1473 2770 1535 2820; x_wconf 89' lang='lat' dir='ltr'><strong>eos</strong></span> <span class='ocrx_word' id='word_1_130' title='bbox 1562 2747 1741 2820; x_wconf 84' lang='lat' dir='ltr'><strong>audeamus</strong></span> <span class='ocrx_word' id='word_1_131' title='bbox 1772 2743 1818 2817; x_wconf 92' lang='lat' dir='ltr'><strong>ad</strong></span> <span class='ocrx_word' id='word_1_132' title='bbox 1845 2755 1881 2817; x_wconf 89' lang='lat' dir='ltr'><strong>te</strong></span> <span class='ocrx_word' id='word_1_133' title='bbox 1908 2765 1974 2816; x_wconf 90' lang='lat' dir='ltr'><strong>ac-</strong></span> 
     </span>
     <span class='ocr_line' id='line_1_18' title="bbox 599 2856 1973 2955; baseline 0.004 -28"><span class='ocrx_word' id='word_1_134' title='bbox 599 2856 738 2946; x_wconf 89' lang='lat' dir='ltr'><strong>cedere,</strong></span> <span class='ocrx_word' id='word_1_135' title='bbox 780 2868 880 2955; x_wconf 92' lang='lat' dir='ltr'><strong>atque</strong></span> <span class='ocrx_word' id='word_1_136' title='bbox 914 2862 1087 2934; x_wconf 90' lang='lat' dir='ltr'><strong>tremendo</strong></span> <span class='ocrx_word' id='word_1_137' title='bbox 1122 2861 1188 2935; x_wconf 94' lang='lat' dir='ltr'><strong>boc</strong></span> <span class='ocrx_word' id='word_1_138' title='bbox 1222 2875 1256 2935; x_wconf 92' lang='lat' dir='ltr'><strong>et</strong></span> <span class='ocrx_word' id='word_1_139' title='bbox 1291 2865 1482 2938; x_wconf 86' lang='lat' dir='ltr'><strong>reverendo</strong></span> <span class='ocrx_word' id='word_1_140' title='bbox 1518 2885 1617 2937; x_wconf 88' lang='lat' dir='ltr'><strong>sacro</strong></span> <span class='ocrx_word' id='word_1_141' title='bbox 1652 2884 1789 2935; x_wconf 88' lang='lat' dir='ltr'><strong>munere</strong></span> <span class='ocrx_word' id='word_1_142' title='bbox 1823 2858 1973 2953; x_wconf 77' lang='lat' dir='ltr'><strong>defungi</strong></span> 
     </span>
     <span class='ocr_line' id='line_1_19' title="bbox 598 2970 1973 3077; baseline 0.004 -33"><span class='ocrx_word' id='word_1_143' title='bbox 598 2970 682 3045; x_wconf 72' lang='lat' dir='ltr'><strong>fsto</strong></span> <span class='ocrx_word' id='word_1_144' title='bbox 705 2976 860 3069; x_wconf 84' lang='lat' dir='ltr'><strong>expiator</strong></span> <span class='ocrx_word' id='word_1_145' title='bbox 881 2980 1205 3073; x_wconf 88' lang='lat' dir='ltr'><strong>praevaricationum</strong></span> <span class='ocrx_word' id='word_1_146' title='bbox 1223 2989 1424 3070; x_wconf 85' lang='lat' dir='ltr'><strong>nostrarum,</strong></span> <span class='ocrx_word' id='word_1_147' title='bbox 1451 2991 1518 3053; x_wconf 91' lang='lat' dir='ltr'><strong>tum</strong></span> <span class='ocrx_word' id='word_1_148' title='bbox 1538 2990 1677 3077; x_wconf 88' lang='lat' dir='ltr'><strong>propter</strong></span> <span class='ocrx_word' id='word_1_149' title='bbox 1696 2988 1831 3051; x_wconf 89' lang='lat' dir='ltr'><strong>sanctas</strong></span> <span class='ocrx_word' id='word_1_150' title='bbox 1849 2999 1973 3075; x_wconf 89' lang='lat' dir='ltr'><strong>preces</strong></span> 
     </span>
     <span class='ocr_line' id='line_1_20' title="bbox 597 3085 1973 3192; baseline 0.004 -31"><span class='ocrx_word' id='word_1_151' title='bbox 597 3088 743 3177; x_wconf 91' lang='lat' dir='ltr'><strong>illorum,</strong></span> <span class='ocrx_word' id='word_1_152' title='bbox 769 3102 837 3164; x_wconf 89' lang='lat' dir='ltr'><strong>tum</strong></span> <span class='ocrx_word' id='word_1_153' title='bbox 864 3104 1002 3189; x_wconf 88' lang='lat' dir='ltr'><strong>propter</strong></span> <span class='ocrx_word' id='word_1_154' title='bbox 1027 3085 1182 3171; x_wconf 87' lang='lat' dir='ltr'><strong>sanctum</strong></span> <span class='ocrx_word' id='word_1_155' title='bbox 1205 3119 1327 3168; x_wconf 89' lang='lat' dir='ltr'><strong>nomen</strong></span> <span class='ocrx_word' id='word_1_156' title='bbox 1354 3106 1466 3187; x_wconf 89' lang='lat' dir='ltr'><strong>tuum,</strong></span> <span class='ocrx_word' id='word_1_157' title='bbox 1493 3096 1582 3192; x_wconf 94' lang='lat' dir='ltr'><strong>quod</strong></span> <span class='ocrx_word' id='word_1_158' title='bbox 1608 3098 1800 3169; x_wconf 88' lang='lat' dir='ltr'><strong>invocatum</strong></span> <span class='ocrx_word' id='word_1_159' title='bbox 1826 3104 1884 3169; x_wconf 88' lang='lat' dir='ltr'><strong>est</strong></span> <span class='ocrx_word' id='word_1_160' title='bbox 1908 3116 1973 3167; x_wconf 90' lang='lat' dir='ltr'><strong>su-</strong></span> 
     </span>
    </p>
   </div>
   <div class='ocr_carea' id='block_1_3' title="bbox 457 3210 1973 3308">
    <p class='ocr_par' dir='ltr' id='par_1_6' title="bbox 457 3210 1973 3308">
     <span class='ocr_line' id='line_1_21' title="bbox 457 3210 1973 3308; baseline 0.001 -28"><span class='ocrx_word' id='word_1_161' title='bbox 457 3227 462 3243; x_wconf 90' lang='lat'><strong>·</strong></span> <span class='ocrx_word' id='word_1_162' title='bbox 598 3226 660 3301; x_wconf 89' lang='lat' dir='ltr'><strong>per</strong></span> <span class='ocrx_word' id='word_1_163' title='bbox 685 3228 759 3295; x_wconf 89' lang='lat' dir='ltr'><strong>uos,</strong></span> <span class='ocrx_word' id='word_1_164' title='bbox 787 3212 864 3302; x_wconf 92' lang='lat' dir='ltr'><strong>quia</strong></span> <span class='ocrx_word' id='word_1_165' title='bbox 891 3220 1026 3285; x_wconf 89' lang='lat' dir='ltr'><strong>sanctus</strong></span> <span class='ocrx_word' id='word_1_166' title='bbox 1052 3215 1126 3307; x_wconf 91' lang='lat' dir='ltr'><strong>ipse</strong></span> <span class='ocrx_word' id='word_1_167' title='bbox 1153 3235 1203 3304; x_wconf 90' lang='lat' dir='ltr'><strong>es,</strong></span> <span class='ocrx_word' id='word_1_168' title='bbox 1233 3222 1267 3286; x_wconf 91' lang='grc' dir='ltr'><strong>ει</strong></span> <span class='ocrx_word' id='word_1_169' title='bbox 1293 3215 1327 3284; x_wconf 91' lang='lat' dir='ltr'><strong>in</strong></span> <span class='ocrx_word' id='word_1_170' title='bbox 1354 3216 1478 3287; x_wconf 89' lang='lat' dir='ltr'><strong>sanctis</strong></span> <span class='ocrx_word' id='word_1_171' title='bbox 1505 3214 1724 3308; x_wconf 81' lang='lat' dir='ltr'><strong>acquiescis·</strong></span> <span class='ocrx_word' id='word_1_172' title='bbox 1755 3210 1833 3285; x_wconf 89' lang='lat' dir='ltr'><strong>Tibi</strong></span> <span class='ocrx_word' id='word_1_173' title='bbox 1859 3214 1973 3306; x_wconf 88' lang='lat' dir='ltr'><strong>itaque</strong></span> 
     </span>
    </p>
   </div>
   <div class='ocr_carea' id='block_1_4' title="bbox 571 3318 1973 5404">
    <p class='ocr_par' dir='ltr' id='par_1_7' title="bbox 597 3318 1972 3526">
     <span class='ocr_line' id='line_1_22' title="bbox 597 3318 1972 3425; baseline 0.007 -35"><span class='ocrx_word' id='word_1_174' title='bbox 597 3318 730 3394; x_wconf 89' lang='lat' dir='ltr'><strong>laudem</strong></span> <span class='ocrx_word' id='word_1_175' title='bbox 764 3333 799 3395; x_wconf 91' lang='lat' dir='ltr'><strong>et</strong></span> <span class='ocrx_word' id='word_1_176' title='bbox 832 3327 1015 3418; x_wconf 87' lang='lat' dir='ltr'><strong>gratiarum</strong></span> <span class='ocrx_word' id='word_1_177' title='bbox 1049 3332 1215 3401; x_wconf 86' lang='lat' dir='ltr'><strong>actionem</strong></span> <span class='ocrx_word' id='word_1_178' title='bbox 1250 3327 1442 3421; x_wconf 90' lang='lat' dir='ltr'><strong>tribuimus,</strong></span> <span class='ocrx_word' id='word_1_179' title='bbox 1476 3328 1640 3425; x_wconf 89' lang='lat' dir='ltr'><strong>simulque</strong></span> <span class='ocrx_word' id='word_1_180' title='bbox 1674 3328 1847 3421; x_wconf 89' lang='lat' dir='ltr'><strong>unigenito</strong></span> <span class='ocrx_word' id='word_1_181' title='bbox 1884 3325 1972 3399; x_wconf 87' lang='lat' dir='ltr'><strong>Fdio</strong></span> 
     </span>
     <span class='ocr_line' id='line_1_23' title="bbox 599 3446 764 3526; baseline 0.018 -18"><span class='ocrx_word' id='word_1_182' title='bbox 599 3446 674 3526; x_wconf 88' lang='lat' dir='ltr'><strong>tuo,</strong></span> <span class='ocrx_word' id='word_1_183' title='bbox 701 3449 764 3511; x_wconf 89' lang='lat' dir='ltr'><strong>etc.</strong></span> 
     </span>
    </p>

    <p class='ocr_par' dir='ltr' id='par_1_8' title="bbox 702 3555 1041 3630">
     <span class='ocr_line' id='line_1_24' title="bbox 702 3555 1041 3630; baseline -0.003 -2"><span class='ocrx_word' id='word_1_184' title='bbox 702 3555 890 3628; x_wconf 73' lang='lat' dir='ltr'><strong>Diucom</strong></span> <span class='ocrx_word' id='word_1_185' title='bbox 941 3557 1041 3630; x_wconf 88' lang='lat' dir='ltr'><strong>Ante.</strong></span> 
     </span>
    </p>

    <p class='ocr_par' dir='ltr' id='par_1_9' title="bbox 702 3669 1973 3771">
     <span class='ocr_line' id='line_1_25' title="bbox 702 3669 1973 3771; baseline 0.005 -30"><span class='ocrx_word' id='word_1_186' title='bbox 702 3669 878 3743; x_wconf 81' lang='lat' dir='ltr'><strong>Sacerdos</strong></span> <span class='ocrx_word' id='word_1_187' title='bbox 908 3673 1101 3745; x_wconf 80' lang='lat' dir='ltr'><strong>inclinatur.</strong></span> <span class='ocrx_word' id='word_1_188' title='bbox 1152 3675 1322 3748; x_wconf 84' lang='lat' dir='ltr'><strong>Memento</strong></span> <span class='ocrx_word' id='word_1_189' title='bbox 1356 3678 1456 3749; x_wconf 88' lang='lat' dir='ltr'><strong>etiam</strong></span> <span class='ocrx_word' id='word_1_190' title='bbox 1488 3672 1633 3746; x_wconf 88' lang='lat' dir='ltr'><strong>Domine</strong></span> <span class='ocrx_word' id='word_1_191' title='bbox 1665 3696 1780 3748; x_wconf 91' lang='lat' dir='ltr'><strong>eorum</strong></span> <span class='ocrx_word' id='word_1_192' title='bbox 1814 3676 1872 3771; x_wconf 93' lang='lat' dir='ltr'><strong>qui</strong></span> <span class='ocrx_word' id='word_1_193' title='bbox 1905 3674 1973 3747; x_wconf 88' lang='lat' dir='ltr'><strong>de-</strong></span> 
     </span>
    </p>

    <p class='ocr_par' dir='ltr' id='par_1_10' title="bbox 571 3789 1971 5404">
     <span class='ocr_line' id='line_1_26' title="bbox 599 3789 1970 3887; baseline 0.005 -30"><span class='ocrx_word' id='word_1_194' title='bbox 599 3796 788 3873; x_wconf 85' lang='lat' dir='ltr'><strong>ccssenmt,</strong></span> <span class='ocrx_word' id='word_1_195' title='bbox 815 3791 1111 3882; x_wconf 88' lang='lat' dir='ltr'><strong>migraveruntque</strong></span> <span class='ocrx_word' id='word_1_196' title='bbox 1139 3812 1184 3861; x_wconf 86' lang='lat' dir='ltr'><strong>ex</strong></span> <span class='ocrx_word' id='word_1_197' title='bbox 1210 3789 1273 3863; x_wconf 91' lang='lat' dir='ltr'><strong>bac</strong></span> <span class='ocrx_word' id='word_1_198' title='bbox 1300 3794 1388 3863; x_wconf 88' lang='lat' dir='ltr'><strong>vita:</strong></span> <span class='ocrx_word' id='word_1_199' title='bbox 1416 3802 1449 3863; x_wconf 88' lang='lat' dir='ltr'><strong>et</strong></span> <span class='ocrx_word' id='word_1_200' title='bbox 1474 3789 1718 3887; x_wconf 86' lang='lat' dir='ltr'><strong>Episcoporum</strong></span> <span class='ocrx_word' id='word_1_201' title='bbox 1744 3791 1970 3865; x_wconf 81' lang='lat' dir='ltr'><strong>Ortbodoxo-</strong></span> 
     </span>
     <span class='ocr_line' id='line_1_27' title="bbox 598 3901 1970 4003; baseline 0.004 -30"><span class='ocrx_word' id='word_1_202' title='bbox 598 3923 687 3989; x_wconf 90' lang='lat' dir='ltr'><strong>rum,</strong></span> <span class='ocrx_word' id='word_1_203' title='bbox 721 3905 777 3996; x_wconf 93' lang='lat' dir='ltr'><strong>qui</strong></span> <span class='ocrx_word' id='word_1_204' title='bbox 808 3901 885 3974; x_wconf 89' lang='lat' dir='ltr'><strong>inde</strong></span> <span class='ocrx_word' id='word_1_205' title='bbox 919 3927 940 3977; x_wconf 94' lang='lat' dir='ltr'><strong>a</strong></span> <span class='ocrx_word' id='word_1_206' title='bbox 971 3905 1073 3977; x_wconf 90' lang='lat' dir='ltr'><strong>Petro</strong></span> <span class='ocrx_word' id='word_1_207' title='bbox 1107 3914 1141 3977; x_wconf 92' lang='lat' dir='ltr'><strong>et</strong></span> <span class='ocrx_word' id='word_1_208' title='bbox 1166 3905 1297 3979; x_wconf 89' lang='lat' dir='ltr'><strong>lacobo</strong></span> <span class='ocrx_word' id='word_1_209' title='bbox 1323 3905 1496 4003; x_wconf 88' lang='lat' dir='ltr'><strong>Apostolis</strong></span> <span class='ocrx_word' id='word_1_210' title='bbox 1530 3907 1574 3978; x_wconf 91' lang='lat' dir='ltr'><strong>ad</strong></span> <span class='ocrx_word' id='word_1_211' title='bbox 1608 3906 1694 3979; x_wconf 92' lang='lat' dir='ltr'><strong>bunc</strong></span> <span class='ocrx_word' id='word_1_212' title='bbox 1729 3929 1835 4003; x_wconf 92' lang='lat' dir='ltr'><strong>usque</strong></span> <span class='ocrx_word' id='word_1_213' title='bbox 1871 3903 1970 3998; x_wconf 81' lang='lat' dir='ltr'><strong>diem,</strong></span> 
     </span>
     <span class='ocr_line' id='line_1_28' title="bbox 597 4018 1969 4119; baseline 0.004 -30"><span class='ocrx_word' id='word_1_214' title='bbox 597 4029 724 4091; x_wconf 90' lang='lat' dir='ltr'><strong>rectum</strong></span> <span class='ocrx_word' id='word_1_215' title='bbox 750 4018 826 4091; x_wconf 89' lang='lat' dir='ltr'><strong>fidei</strong></span> <span class='ocrx_word' id='word_1_216' title='bbox 851 4021 991 4092; x_wconf 89' lang='lat' dir='ltr'><strong>verbum</strong></span> <span class='ocrx_word' id='word_1_217' title='bbox 1018 4022 1109 4093; x_wconf 90' lang='lat' dir='ltr'><strong>clare</strong></span> <span class='ocrx_word' id='word_1_218' title='bbox 1136 4032 1212 4095; x_wconf 90' lang='lat' dir='ltr'><strong>sunt</strong></span> <span class='ocrx_word' id='word_1_219' title='bbox 1235 4022 1382 4119; x_wconf 79' lang='lat' dir='ltr'><strong>professi</strong></span> <span class='ocrx_word' id='word_1_220' title='bbox 1414 4036 1448 4096; x_wconf 89' lang='lat' dir='ltr'><strong>et</strong></span> <span class='ocrx_word' id='word_1_221' title='bbox 1480 4025 1671 4098; x_wconf 88' lang='lat' dir='ltr'><strong>nominatim</strong></span> <span class='ocrx_word' id='word_1_222' title='bbox 1704 4022 1843 4115; x_wconf 83' lang='lat' dir='ltr'><strong>Ignatii,</strong></span> <span class='ocrx_word' id='word_1_223' title='bbox 1877 4022 1969 4094; x_wconf 88' lang='lat' dir='ltr'><strong>Dio-</strong></span> 
     </span>
     <span class='ocr_line' id='line_1_29' title="bbox 596 4134 1699 4232; baseline 0.004 -27"><span class='ocrx_word' id='word_1_224' title='bbox 596 4137 704 4231; x_wconf 75' lang='lat' dir='ltr'><strong>nysii,</strong></span> <span class='ocrx_word' id='word_1_225' title='bbox 729 4134 806 4207; x_wconf 86' lang='lat' dir='ltr'><strong>Julii</strong></span> <span class='ocrx_word' id='word_1_226' title='bbox 832 4159 874 4208; x_wconf 93' lang='lat' dir='ltr'><strong>ac</strong></span> <span class='ocrx_word' id='word_1_227' title='bbox 899 4137 1101 4232; x_wconf 89' lang='lat' dir='ltr'><strong>reliquomm</strong></span> <span class='ocrx_word' id='word_1_228' title='bbox 1127 4137 1279 4211; x_wconf 90' lang='lat' dir='ltr'><strong>divorum</strong></span> <span class='ocrx_word' id='word_1_229' title='bbox 1306 4138 1480 4212; x_wconf 92' lang='lat' dir='ltr'><strong>laudabilis</strong></span> <span class='ocrx_word' id='word_1_230' title='bbox 1507 4142 1699 4212; x_wconf 86' lang='lat' dir='ltr'><strong>memoriae.</strong></span> 
     </span>
     <span class='ocr_line' id='line_1_30' title="bbox 571 4253 1970 4352; baseline 0.001 -28"><span class='ocrx_word' id='word_1_231' title='bbox 571 4338 573 4344; x_wconf 22' lang='grc' dir='ltr'>Ι</span> <span class='ocrx_word' id='word_1_232' title='bbox 701 4253 748 4324; x_wconf 87' lang='grc' dir='ltr'>Ει</span> <span class='ocrx_word' id='word_1_233' title='bbox 773 4253 908 4324; x_wconf 82' lang='lat' dir='ltr'><strong>sublato</strong></span> <span class='ocrx_word' id='word_1_234' title='bbox 932 4276 1028 4325; x_wconf 85' lang='lat' dir='ltr'><strong>voce.</strong></span> <span class='ocrx_word' id='word_1_235' title='bbox 1080 4254 1249 4328; x_wconf 88' lang='lat' dir='ltr'><strong>Memento</strong></span> <span class='ocrx_word' id='word_1_236' title='bbox 1276 4255 1421 4329; x_wconf 90' lang='lat' dir='ltr'><strong>Domine</strong></span> <span class='ocrx_word' id='word_1_237' title='bbox 1456 4278 1572 4329; x_wconf 89' lang='lat' dir='ltr'><strong>eorum</strong></span> <span class='ocrx_word' id='word_1_238' title='bbox 1607 4276 1739 4352; x_wconf 89' lang='lat' dir='ltr'><strong>qnoque</strong></span> <span class='ocrx_word' id='word_1_239' title='bbox 1773 4256 1829 4349; x_wconf 92' lang='lat' dir='ltr'><strong>qui</strong></span> <span class='ocrx_word' id='word_1_240' title='bbox 1863 4277 1970 4351; x_wconf 89' lang='lat' dir='ltr'><strong>usque</strong></span> 
     </span>
     <span class='ocr_line' id='line_1_31' title="bbox 596 4368 1971 4466; baseline 0.003 -27"><span class='ocrx_word' id='word_1_241' title='bbox 596 4368 638 4439; x_wconf 88' lang='lat' dir='ltr'><strong>ad</strong></span> <span class='ocrx_word' id='word_1_242' title='bbox 664 4372 860 4462; x_wconf 88' lang='lat' dir='ltr'><strong>sanguinem</strong></span> <span class='ocrx_word' id='word_1_243' title='bbox 885 4391 949 4466; x_wconf 92' lang='grc' dir='ltr'><strong>ριο</strong></span> <span class='ocrx_word' id='word_1_244' title='bbox 976 4370 1140 4464; x_wconf 90' lang='lat' dir='ltr'><strong>religione</strong></span> <span class='ocrx_word' id='word_1_245' title='bbox 1167 4379 1348 4466; x_wconf 87' lang='lat' dir='ltr'><strong>steterunt,</strong></span> <span class='ocrx_word' id='word_1_246' title='bbox 1379 4381 1412 4445; x_wconf 92' lang='lat' dir='ltr'><strong>et</strong></span> <span class='ocrx_word' id='word_1_247' title='bbox 1447 4395 1588 4466; x_wconf 82' lang='lat' dir='ltr'><strong>gregem</strong></span> <span class='ocrx_word' id='word_1_248' title='bbox 1620 4383 1711 4444; x_wconf 90' lang='lat' dir='ltr'><strong>tuum</strong></span> <span class='ocrx_word' id='word_1_249' title='bbox 1742 4392 1876 4444; x_wconf 89' lang='lat' dir='ltr'><strong>sacrum</strong></span> <span class='ocrx_word' id='word_1_250' title='bbox 1907 4393 1971 4466; x_wconf 88' lang='lat' dir='ltr'><strong>per</strong></span> 
     </span>
     <span class='ocr_line' id='line_1_32' title="bbox 593 4486 1968 4584; baseline -0.004 -21"><span class='ocrx_word' id='word_1_251' title='bbox 593 4494 753 4584; x_wconf 87' lang='lat' dir='ltr'><strong>justitiam</strong></span> <span class='ocrx_word' id='word_1_252' title='bbox 779 4499 813 4560; x_wconf 93' lang='lat' dir='ltr'><strong>et</strong></span> <span class='ocrx_word' id='word_1_253' title='bbox 839 4490 1046 4562; x_wconf 87' lang='lat' dir='ltr'><strong>sanctitatem</strong></span> <span class='ocrx_word' id='word_1_254' title='bbox 1073 4497 1257 4582; x_wconf 89' lang='lat' dir='ltr'><strong>paverunt,</strong></span> <span class='ocrx_word' id='word_1_255' title='bbox 1284 4491 1318 4559; x_wconf 89' lang='lat' dir='ltr'><strong>in</strong></span> <span class='ocrx_word' id='word_1_256' title='bbox 1344 4489 1428 4562; x_wconf 90' lang='lat' dir='ltr'><strong>locis</strong></span> <span class='ocrx_word' id='word_1_257' title='bbox 1454 4490 1592 4562; x_wconf 92' lang='lat' dir='ltr'><strong>uberum</strong></span> <span class='ocrx_word' id='word_1_258' title='bbox 1618 4509 1836 4584; x_wconf 89' lang='lat' dir='ltr'><strong>pascuorum,</strong></span> <span class='ocrx_word' id='word_1_259' title='bbox 1865 4498 1899 4559; x_wconf 90' lang='grc' dir='ltr'><strong>ει</strong></span> <span class='ocrx_word' id='word_1_260' title='bbox 1925 4486 1968 4558; x_wconf 89' lang='lat' dir='ltr'><strong>ad</strong></span> 
     </span>
     <span class='ocr_line' id='line_1_33' title="bbox 597 4602 1969 4706; baseline -0.006 -23"><span class='ocrx_word' id='word_1_261' title='bbox 597 4632 702 4706; x_wconf 74' lang='lat' dir='ltr'><strong>aquas</strong></span> <span class='ocrx_word' id='word_1_262' title='bbox 730 4627 902 4694; x_wconf 86' lang='lat' dir='ltr'><strong>amoenas,</strong></span> <span class='ocrx_word' id='word_1_263' title='bbox 928 4603 993 4677; x_wconf 93' lang='lat' dir='ltr'><strong>hoc</strong></span> <span class='ocrx_word' id='word_1_264' title='bbox 1019 4614 1073 4675; x_wconf 92' lang='lat' dir='ltr'><strong>est</strong></span> <span class='ocrx_word' id='word_1_265' title='bbox 1098 4625 1159 4699; x_wconf 89' lang='lat' dir='ltr'><strong>per</strong></span> <span class='ocrx_word' id='word_1_266' title='bbox 1185 4604 1331 4677; x_wconf 89' lang='lat' dir='ltr'><strong>divinam</strong></span> <span class='ocrx_word' id='word_1_267' title='bbox 1358 4606 1565 4679; x_wconf 87' lang='lat' dir='ltr'><strong>doctrinam:</strong></span> <span class='ocrx_word' id='word_1_268' title='bbox 1593 4627 1633 4676; x_wconf 94' lang='lat' dir='ltr'><strong>ac</strong></span> <span class='ocrx_word' id='word_1_269' title='bbox 1659 4626 1722 4699; x_wconf 91' lang='lat' dir='ltr'><strong>per</strong></span> <span class='ocrx_word' id='word_1_270' title='bbox 1748 4602 1969 4677; x_wconf 89' lang='lat' dir='ltr'><strong>obsecratio·</strong></span> 
     </span>
     <span class='ocr_line' id='line_1_34' title="bbox 596 4720 1969 4820; baseline -0.004 -24"><span class='ocrx_word' id='word_1_271' title='bbox 596 4747 670 4814; x_wconf 91' lang='lat' dir='ltr'><strong>nes,</strong></span> <span class='ocrx_word' id='word_1_272' title='bbox 696 4722 930 4820; x_wconf 85' lang='lat' dir='ltr'><strong>supplicesque</strong></span> <span class='ocrx_word' id='word_1_273' title='bbox 956 4740 1077 4816; x_wconf 91' lang='lat' dir='ltr'><strong>preces</strong></span> <span class='ocrx_word' id='word_1_274' title='bbox 1103 4740 1194 4807; x_wconf 91' lang='lat' dir='ltr'><strong>suas,</strong></span> <span class='ocrx_word' id='word_1_275' title='bbox 1223 4720 1374 4793; x_wconf 92' lang='lat' dir='ltr'><strong>membra</strong></span> <span class='ocrx_word' id='word_1_276' title='bbox 1399 4720 1576 4794; x_wconf 83' lang='lat' dir='ltr'><strong>Ecclesiae</strong></span> <span class='ocrx_word' id='word_1_277' title='bbox 1601 4729 1729 4793; x_wconf 88' lang='lat' dir='ltr'><strong>remota</strong></span> <span class='ocrx_word' id='word_1_278' title='bbox 1756 4728 1969 4812; x_wconf 88' lang='lat' dir='ltr'><strong>congregato</strong></span> 
     </span>
     <span class='ocr_line' id='line_1_35' title="bbox 595 4835 1969 4935; baseline -0.004 -23"><span class='ocrx_word' id='word_1_279' title='bbox 595 4844 631 4912; x_wconf 89' lang='lat' dir='ltr'><strong>iu</strong></span> <span class='ocrx_word' id='word_1_280' title='bbox 655 4863 754 4912; x_wconf 91' lang='lat' dir='ltr'><strong>unam</strong></span> <span class='ocrx_word' id='word_1_281' title='bbox 780 4837 1023 4935; x_wconf 79' lang='lat' dir='ltr'><strong>professionem</strong></span> <span class='ocrx_word' id='word_1_282' title='bbox 1051 4843 1085 4907; x_wconf 91' lang='lat' dir='ltr'><strong>et</strong></span> <span class='ocrx_word' id='word_1_283' title='bbox 1110 4835 1308 4928; x_wconf 89' lang='lat' dir='ltr'><strong>religionem</strong></span> <span class='ocrx_word' id='word_1_284' title='bbox 1338 4836 1587 4934; x_wconf 85' lang='lat' dir='ltr'><strong>Apostobcam,</strong></span> <span class='ocrx_word' id='word_1_285' title='bbox 1622 4846 1658 4909; x_wconf 89' lang='lat' dir='ltr'><strong>ut</strong></span> <span class='ocrx_word' id='word_1_286' title='bbox 1688 4856 1790 4933; x_wconf 86' lang='lat' dir='ltr'><strong>pares</strong></span> <span class='ocrx_word' id='word_1_287' title='bbox 1821 4836 1969 4907; x_wconf 90' lang='lat' dir='ltr'><strong>omnium</strong></span> 
     </span>
     <span class='ocr_line' id='line_1_36' title="bbox 596 4950 1968 5051; baseline -0.006 -21"><span class='ocrx_word' id='word_1_288' title='bbox 596 4960 664 5030; x_wconf 89' lang='lat' dir='ltr'><strong>siut</strong></span> <span class='ocrx_word' id='word_1_289' title='bbox 687 4977 794 5029; x_wconf 88' lang='lat' dir='ltr'><strong>voces</strong></span> <span class='ocrx_word' id='word_1_290' title='bbox 821 4964 855 5026; x_wconf 91' lang='grc' dir='ltr'><strong>ει</strong></span> <span class='ocrx_word' id='word_1_291' title='bbox 880 4975 980 5051; x_wconf 86' lang='lat' dir='ltr'><strong>pares</strong></span> <span class='ocrx_word' id='word_1_292' title='bbox 1006 4950 1143 5042; x_wconf 89' lang='lat' dir='ltr'><strong>laudes,</strong></span> <span class='ocrx_word' id='word_1_293' title='bbox 1179 4954 1294 5047; x_wconf 90' lang='lat' dir='ltr'><strong>sicque</strong></span> <span class='ocrx_word' id='word_1_294' title='bbox 1325 4964 1520 5051; x_wconf 89' lang='lat' dir='ltr'><strong>comparato</strong></span> <span class='ocrx_word' id='word_1_295' title='bbox 1547 4955 1691 5025; x_wconf 91' lang='lat' dir='ltr'><strong>omnium</strong></span> <span class='ocrx_word' id='word_1_296' title='bbox 1717 4961 1869 5025; x_wconf 89' lang='lat' dir='ltr'><strong>nostrum</strong></span> <span class='ocrx_word' id='word_1_297' title='bbox 1896 4972 1968 5022; x_wconf 84' lang='lat' dir='ltr'><strong>vo-</strong></span> 
     </span>
     <span class='ocr_line' id='line_1_37' title="bbox 595 5065 1969 5164; baseline -0.007 -18"><span class='ocrx_word' id='word_1_298' title='bbox 595 5072 766 5159; x_wconf 88' lang='lat' dir='ltr'><strong>luntatem,</strong></span> <span class='ocrx_word' id='word_1_299' title='bbox 791 5079 1013 5164; x_wconf 89' lang='lat' dir='ltr'><strong>mentemque,</strong></span> <span class='ocrx_word' id='word_1_300' title='bbox 1039 5077 1075 5140; x_wconf 93' lang='grc' dir='ltr'><strong>ιιι</strong></span> <span class='ocrx_word' id='word_1_301' title='bbox 1100 5070 1202 5141; x_wconf 88' lang='lat' dir='ltr'><strong>simus</strong></span> <span class='ocrx_word' id='word_1_302' title='bbox 1226 5080 1413 5143; x_wconf 90' lang='lat' dir='ltr'><strong>sectatores</strong></span> <span class='ocrx_word' id='word_1_303' title='bbox 1437 5069 1513 5142; x_wconf 87' lang='lat' dir='ltr'><strong>fidei</strong></span> <span class='ocrx_word' id='word_1_304' title='bbox 1534 5079 1568 5141; x_wconf 92' lang='lat' dir='ltr'><strong>et</strong></span> <span class='ocrx_word' id='word_1_305' title='bbox 1584 5065 1805 5164; x_wconf 88' lang='lat' dir='ltr'><strong>professionis</strong></span> <span class='ocrx_word' id='word_1_306' title='bbox 1816 5065 1969 5154; x_wconf 89' lang='lat' dir='ltr'><strong>illorum;</strong></span> 
     </span>
     <span class='ocr_line' id='line_1_38' title="bbox 596 5179 1969 5288; baseline -0.009 -24"><span class='ocrx_word' id='word_1_307' title='bbox 596 5196 673 5288; x_wconf 88' lang='lat' dir='ltr'><strong>quia</strong></span> <span class='ocrx_word' id='word_1_308' title='bbox 698 5192 863 5285; x_wconf 87' lang='lat' dir='ltr'><strong>benignus</strong></span> <span class='ocrx_word' id='word_1_309' title='bbox 890 5198 925 5261; x_wconf 92' lang='lat' dir='ltr'><strong>et</strong></span> <span class='ocrx_word' id='word_1_310' title='bbox 949 5211 1077 5262; x_wconf 90' lang='lat' dir='ltr'><strong>summe</strong></span> <span class='ocrx_word' id='word_1_311' title='bbox 1102 5190 1295 5259; x_wconf 91' lang='lat' dir='ltr'><strong>misericors</strong></span> <span class='ocrx_word' id='word_1_312' title='bbox 1322 5209 1373 5275; x_wconf 86' lang='lat' dir='ltr'><strong>es,</strong></span> <span class='ocrx_word' id='word_1_313' title='bbox 1399 5184 1524 5283; x_wconf 87' lang='lat' dir='ltr'><strong>tibique</strong></span> <span class='ocrx_word' id='word_1_314' title='bbox 1550 5185 1705 5277; x_wconf 89' lang='lat' dir='ltr'><strong>congruit</strong></span> <span class='ocrx_word' id='word_1_315' title='bbox 1728 5182 1821 5271; x_wconf 90' lang='lat' dir='ltr'><strong>laus,</strong></span> <span class='ocrx_word' id='word_1_316' title='bbox 1848 5179 1969 5272; x_wconf 86' lang='lat' dir='ltr'><strong>bonor,</strong></span> 
     </span>
     <span class='ocr_line' id='line_1_39' title="bbox 593 5302 1500 5404; baseline -0.009 -24"><span class='ocrx_word' id='word_1_317' title='bbox 593 5318 628 5380; x_wconf 90' lang='lat' dir='ltr'><strong>et</strong></span> <span class='ocrx_word' id='word_1_318' title='bbox 653 5318 818 5404; x_wconf 88' lang='lat' dir='ltr'><strong>potestas,</strong></span> <span class='ocrx_word' id='word_1_319' title='bbox 844 5304 1006 5401; x_wconf 90' lang='lat' dir='ltr'><strong>simulque</strong></span> <span class='ocrx_word' id='word_1_320' title='bbox 1031 5306 1201 5399; x_wconf 89' lang='lat' dir='ltr'><strong>unigenito</strong></span> <span class='ocrx_word' id='word_1_321' title='bbox 1216 5302 1314 5376; x_wconf 71' lang='lat' dir='ltr'><strong>,Fffio</strong></span> <span class='ocrx_word' id='word_1_322' title='bbox 1341 5312 1411 5393; x_wconf 88' lang='lat' dir='ltr'><strong>tuo,</strong></span> <span class='ocrx_word' id='word_1_323' title='bbox 1438 5311 1500 5375; x_wconf 90' lang='lat' dir='ltr'><strong>etc.</strong></span> 
     </span>
    </p>
   </div>
   <div class='ocr_carea' id='block_1_5' title="bbox 0 0 2580 6534">
    <p class='ocr_par' dir='ltr' id='par_1_11' title="bbox 0 0 2580 6534">
     <span class='ocr_line' id='line_1_40' title="bbox 0 0 2580 6534; baseline 0 0"><span class='ocrx_word' id='word_1_324' title='bbox 0 0 2580 6534; x_wconf 95' lang='lat' dir='ltr'><strong> </strong></span> 
     </span>
    </p>
   </div>
  </div>
 </body>
</html>
