5150 6534
734 867 846 945 BEATl
871 866 1008 946 tuconi
1033 868 1270 946 INTERPllEllS
1298 865 1468 947 tuscan
1492 867 1681 945 EDESSElll.
1817 867 1892 942 379

527 1064 561 1128 et
586 1057 757 1127 caritatem
782 1078 909 1143 veram,
936 1067 1054 1129 statum
1081 1056 1265 1151 aequalem,
1292 1077 1361 1128 non
1387 1058 1591 1127 accusationi
1613 1052 1806 1145 obnoxium,
1833 1055 1893 1127 sed

526 1172 728 1243 modestum:
764 1170 933 1244 ellimdens
961 1195 1061 1267 snper
1087 1194 1149 1245 nos
1175 1195 1237 1266 per
1263 1171 1524 1244 miscricordiam
1551 1181 1639 1242 tuam
1667 1173 1777 1241 omnia
1803 1168 1893 1243 bona

527 1285 745 1372 abundantia,
778 1309 841 1382 per
874 1286 1123 1360 benedictiones
1160 1299 1234 1359 tuas
1269 1287 1511 1359 indeficientes:
1545 1309 1712 1359 conserva
1753 1308 1814 1356 eos
1850 1284 1913 1357 ab·

527 1402 678 1474 omnibus
706 1408 886 1494 angustiis3
912 1415 1054 1499 protege
1080 1403 1157 1475 illos
1185 1403 1225 1476 ab
1254 1403 1405 1476 omnibus
1434 1401 1681 1491 offensionibus,
1708 1411 1742 1473 et
1759 1412 1893 1496 praesta

524 1517 590 1590 illis
617 1528 652 1589 ut
677 1517 850 1613 perficiant
876 1524 984 1592 omnia
1012 1520 1145 1591 dextra:
1180 1518 1353 1612 deducque
1379 1542 1441 1589 nos
1469 1541 1584 1592 omnes
1613 1517 1778 1590 adfinem
1805 1515 1902 1617 illum.

525 1632 667 1723 bouum,
695 1637 749 1729 qui
775 1638 959 1729 promissus
987 1647 1038 1707 est
1065 1634 1216 1707 omnibus
1243 1638 1306 1729 piis
1335 1645 1367 1706 et
1391 1637 1505 1725 justis,
1540 1645 1574 1705 et
1599 1633 1663 1707 illis
1691 1637 1746 1729 qui
1772 1631 1894 1704 faciunt

525 1747 730 1822 voluntatem
757 1761 856 1823 tuam.
895 1753 946 1823 Tu
975 1755 1061 1823 enim
1088 1774 1125 1824 es
1153 1750 1244 1822 solus
1261 1751 1383 1822 Pastor
1402 1750 1519 1838 bonno,
1548 1762 1581 1822 et
1602 1753 1723 1822 veniae
1741 1748 1893 1842 largitor,

527 1868 583 1959 qui
607 1865 797 1938 voluntarie
822 1867 982 1939 tradidisti
1010 1879 1042 1939 te
1069 1870 1190 1961 ipsum,
1221 1876 1254 1936 et
1279 1867 1427 1939 liberasti
1452 1869 1577 1939 animas
1604 1866 1749 1961 perditas
1776 1877 1810 1937 et
1835 1865 1894 1938 tibi

525 1980 667 2072 gloriam
693 1983 881 2073 referimus,
909 1995 942 2055 et
956 1983 1046 2055 Patri
1074 1993 1143 2072 tuo,
1170 1984 1223 2076 qui
1250 1981 1348 2054 bonis
1374 1982 1586 2077 petitionibus
1608 1987 1732 2072 annuit,
1759 1992 1793 2054 et
1807 1982 1892 2077 Spi-

524 2098 601 2168 ritui
627 2109 744 2171 sancto
771 2110 827 2172 tuo
856 2104 910 2193 qni
936 2098 1086 2171 vivificat
1112 2108 1302 2187 creaturus,
1328 2122 1430 2190 nunc,
1457 2110 1521 2171 eto.

629 2213 790 2308 Populus.
844 2217 962 2287 Amen.

628 2330 817 2402 Diacoaas.
870 2330 1016 2402 Benedic
1041 2332 1194 2402 Domine.

626 2444 811 2520 Sacerdos.
864 2446 1009 2518 Benedic
1037 2446 1205 2537 omnibus,
1234 2457 1297 2517 etc.

705 3264 762 3353 IN
794 3263 1118 3354 LITURGllll
1148 3261 1364 3357 tatoni
1406 3260 1693 3355 EDESSENI

1115 3488 1289 3571 tutte.

888 3788 919 3858 1.
967 3787 1093 3857 Jacobi
1120 3787 1324 3882 lauterpretis
1350 3788 1525 3859 Edesseai.

619 3979 733 4057 Nonas
761 3990 839 4052 illius
868 3993 947 4053 iuter
974 3990 1126 4053 Jacobitas
1156 3990 1383 4053 celeberrimum
1411 4000 1474 4071 cst,
1505 4000 1536 4053 et
1569 3994 1647 4054 iuter
1677 4000 1778 4055 sectae
1808 3993 1886 4055 illius

520 4095 661 4158 doctores
689 4110 748 4155 uon
778 4094 893 4156 minima
923 4103 971 4157 est
992 4095 1086 4174 ipsius
1110 4092 1238 4175 dignitas
1261 4102 1292 4156 et
1313 4096 1468 4162 autoritas,
1514 4095 1646 4181 Yocatur
1669 4104 1767 4157 autem
1789 4097 1886 4159 inter-

520 4211 604 4275 pres,
626 4193 695 4275 quia
718 4193 818 4255 varios
841 4196 869 4255 in
892 4212 1010 4256 sacrum
1034 4193 1217 4274 Scriptorum
1233 4196 1463 4257 commentarios
1487 4196 1618 4275 scripsit,
1642 4194 1811 4275 exquibus
1835 4203 1885 4257 te-

520 4291 658 4355 stimonia
681 4293 792 4373 passim
814 4293 988 4355 referuntur
1014 4295 1043 4354 in
1067 4291 1188 4355 Catenis
1211 4292 1343 4373 Syriacis
1366 4303 1397 4358 et
1419 4294 1566 4355 Arabicis.
1611 4293 1752 4374 Ejusdem
1775 4298 1885 4358 mentio

520 4390 553 4454 lit
575 4409 593 4453 a
615 4390 765 4475 Gregorio
789 4391 999 4476 Abullaragm,
1023 4401 1084 4454 tum
1106 4393 1136 4454 in
1158 4391 1289 4454 Historia
1310 4393 1532 4473 Dynastiarum,
1555 4401 1616 4454 tum
1639 4394 1670 4454 iu
1692 4393 1757 4456 aliis
1780 4395 1886 4473 operi-

469 4556 472 4561 ,
520 4489 592 4553 bus:
621 4498 653 4552 ut
682 4492 769 4553 etiam
796 4510 814 4552 a
840 4491 926 4554 Mose
957 4491 1112 4572 Barccpba
1140 4492 1171 4552 in
1194 4492 1335 4553 Tractatu
1365 4491 1403 4553 dc
1425 4491 1567 4554 Paradiso
1591 4499 1621 4553 et
1643 4494 1834 4572 expositione
1855 4493 1885 4553 in

523 4588 743 4651 llexaemeron.
788 4589 898 4652 Extant
929 4609 1049 4671 quoque
1080 4592 1162 4652 varia
1190 4592 1255 4670 ejus
1286 4591 1325 4651 de
1345 4590 1418 4652 Jurc
1440 4590 1655 4653 Ecclesiastico
1678 4591 1832 4670 Responsa
1855 4592 1886 4651 in

519 4687 734 4750 Nomocauone
757 4687 900 4768 Syrorum
922 4690 1140 4764 Jacobitarnm,
1172 4697 1231 4750 tum
1253 4689 1283 4749 in
1312 4687 1498 4751 Collectione
1520 4707 1597 4769 quac
1619 4689 1775 4770 subjicitur
1804 4692 1884 4752 unti-

520 4786 663 4865 quissimo
687 4785 790 4849 Codici
804 4788 957 4851 Mediceo:
981 4807 1019 4849 ex
1042 4787 1148 4867 quibus
1171 4806 1232 4848 non
1253 4805 1350 4867 pauca
1373 4787 1418 4849 bis
1440 4787 1471 4849 in
1493 4787 1571 4849 notis
1594 4786 1630 4848 ad
1652 4788 1802 4871 Liturgias
1825 4789 1882 4852 de-

520 4886 695 4965 cerpsimus.
739 4886 785 4949 De
814 4888 863 4949 illo
894 4888 1015 4967 scripsit
1045 4888 1171 4948 Faustus
1201 4886 1348 4948 Naironus
1371 4887 1401 4947 in
1422 4887 1550 4968 Evoplia
1572 4905 1643 4964 sua,
1667 4887 1722 4949 sed
1744 4906 1781 4949 ea
1803 4907 1882 4968 quae
1929 4905 2014 4973 scopu
2029 4925 2056 4976 p.
2074 4908 2119 4962 aa.

519 4982 661 5046 tenebras
684 4987 783 5064 potius
806 4986 958 5067 historiae,
982 4985 1176 5065 quamlucom
1199 4985 1343 5047 inierant!
1366 4984 1506 5047 Aitenim
1526 4994 1663 5048 vocatum
1684 4985 1766 5047 illum
1787 4985 1881 5049 brisse

518 5079 654 5160 Matfoac
675 5083 852 5146 Ductorem:
880 5103 939 5145 nou
968 5102 1050 5147 vero.
1096 5082 1123 5146 ls
1152 5085 1262 5166 quippe
1291 5085 1392 5147 titulus
1421 5086 1562 5166 proprius
1590 5093 1637 5147 est
1658 5085 1745 5148 alteri
1765 5086 1881 5150 Jacobo

518 5177 702 5244 Botnoncnsi
726 5191 756 5244 et
770 5182 934 5267 Serngensi
946 5183 1111 5264 Episcopo,
1136 5182 1173 5246 de
1186 5203 1245 5264 qno
1258 5185 1385 5247 diximus
1397 5186 1436 5247 ad
1447 5186 1511 5266 ejus
1519 5183 1694 5267 Liturgiam.
1718 5184 1882 5266 Utrumque

518 5278 643 5341 saeculo
661 5282 788 5361 septimo
812 5283 925 5344 vixisse
948 5281 1062 5357 scribit,
1086 5290 1116 5345 et
1138 5283 1336 5363 nibilominus,
1360 5286 1467 5364 inquit:
1493 5282 1664 5346 Ortbodoari
1679 5286 1883 5347 cautionibus

518 5374 684 5439 Catholicis
695 5376 898 5443 Orientalibus
919 5388 1105 5461 reputantur,
1128 5401 1195 5445 cam
1217 5384 1248 5445 io
1270 5405 1374 5447 eoram
1395 5385 1518 5465 seraptis
1530 5402 1607 5465 pace
1619 5384 1882 5464 circuurseuatar,

556 5500 679 5546 rommn.
1625 5487 1671 5561 51
