5150 6534
787 852 1088 931 lGllATll
1139 853 1771 947 PATRIARCHAE,ac.
1906 852 1981 927 515
2096 882 2102 890 ·

712 1038 888 1110 Sacerdos
924 1039 1117 1141 inclinatus.
1175 1039 1345 1111 Memento
1380 1039 1523 1113 Domine
1553 1040 1682 1112 Mariae
1715 1041 1885 1133 genitricis
1917 1040 1982 1111 Dei

608 1175 742 1250 semper
767 1154 937 1246 Virginis,
964 1155 1104 1227 Joannis
1130 1155 1319 1249 Baptistae,
1346 1155 1586 1249 Apostolorum
1613 1167 1822 1243 sanctorum,
1857 1155 1980 1228 Evan-

607 1269 688 1361 gelii
716 1272 999 1358 annuntiatorum,
1027 1274 1235 1363 omniumque
1262 1268 1520 1363 Prophetarum,
1549 1270 1750 1362 videntium,
1783 1276 1913 1367 piorum
1947 1284 1981 1345 et

604 1387 784 1477 justorum:
812 1387 918 1456 sancti
945 1384 1120 1479 Stephani,
1148 1385 1351 1479 Martyrum,
1385 1385 1643 1472 Confessorum,
1678 1399 1711 1459 et
1743 1393 1886 1459 omnium
1923 1391 1978 1481 qui

608 1497 804 1593 placuerunt
829 1498 993 1571 voluntati
1019 1511 1115 1590 tuae,
1144 1499 1185 1571 ab
1212 1500 1345 1573 Adamo
1374 1501 1415 1570 ad
1442 1501 1526 1571 hanc
1553 1522 1659 1594 usque
1687 1503 1781 1573 diem.

712 1615 862 1685 Eleoaas
899 1637 1025 1689 vacem.
1087 1616 1324 1711 Prophetarum
1369 1620 1423 1710 qui
1463 1627 1726 1711 penetraverunt
1768 1617 1979 1707 abscondita3

607 1729 787 1801 videntium
816 1733 871 1824 qui
898 1731 1004 1801 lutura
1032 1731 1317 1823 significaverunt:
1346 1732 1587 1826 Apostolorum
1615 1735 1670 1825 qui
1688 1734 1846 1807 veritates
1872 1757 1979 1830 prae-

608 1845 819 1916 dicaverunt:
847 1850 902 1940 qui
929 1849 1163 1941 mysteriorum
1190 1852 1390 1942 interpretes
1417 1858 1450 1918 et
1481 1847 1698 1919 illustratores
1734 1871 1844 1920 rerum
1877 1848 1978 1921 abdi-

606 1970 712 2031 tarum
737 1959 885 2032 lucrum:
911 1961 1136 2057 periectomm
1163 1968 1217 2056 qui
1244 1967 1332 2033 vium
1361 1965 1543 2034 sanctitatis
1571 1962 1718 2034 sublimis
1747 1963 1977 2037 calcaverunt:

606 2075 789 2171 Martyrum
818 2086 852 2147 et
879 2077 1119 2148 Conlessorum
1148 2083 1202 2171 qui
1230 2078 1415 2150 elluderunt
1441 2101 1514 2150 eum
1534 2079 1657 2169 gaudio
1673 2084 1865 2171 sanguinem
1882 2091 1977 2151 suum

605 2187 667 2287 pro
695 2213 810 2264 amore
837 2203 909 2264 tuo:
936 2192 1143 2264 Athletarum
1170 2193 1396 2284 gloriosorum
1425 2196 1478 2287 qui
1506 2193 1709 2265 tradiderunt
1739 2197 1807 2286 igni
1835 2218 1978 2290 corpora

606 2329 688 2397 suu,
714 2311 885 2402 variisque
912 2309 1146 2404 suppliciorum
1174 2308 1354 2400 generibus
1383 2319 1519 2404 propter
1545 2332 1665 2381 nomen
1694 2320 1782 2381 urum
1810 2322 1977 2383 sanctum:

606 2422 828 2522 subteriorum
856 2434 890 2495 et
915 2425 1171 2516 religiosorum,
1197 2426 1395 2516 lugentium,
1431 2424 1616 2518 stp'litarum
1651 2449 1765 2498 eorum
1804 2431 1858 2520 qui
1892 2449 1976 2520 per-

604 2547 737 2634 petuam
772 2543 998 2631 virginitatem
1034 2539 1224 2627 coluerunt,
1260 2544 1315 2633 qni
1351 2539 1470 2609 mundo
1503 2561 1594 2611 vano
1632 2549 1665 2610 et
1701 2545 1977 2635 concupiscentiis

606 2657 679 2746 ejus
705 2659 957 2744 renunciantes,
996 2667 1212 2727 curcurrerunt
1238 2666 1316 2750 post
1341 2654 1561 2746 Evangelium
1596 2652 1718 2728 Christi
1746 2659 1799 2727 tui.
1851 2654 1977 2727 Eorum

604 2780 770 2843 memento
797 2771 956 2844 Domine:
985 2781 1018 2842 et
1043 2794 1106 2842 nos
1135 2794 1266 2865 quoque
1294 2795 1355 2867 per
1390 2770 1640 2842 obsecrationes
1674 2794 1789 2843 eorum
1826 2771 1978 2843 exaudiri

605 2884 743 2977 dignas,
770 2887 928 2959 confirma
958 2898 991 2958 et
1023 2888 1153 2978 adjuva.
1206 2889 1347 2958 Animas
1382 2909 1514 2980 quoque
1547 2896 1679 2958 nostras
1712 2884 1883 2975 imbelles,
1916 2910 1977 2982 per

606 3001 861 3074 aemulationem
888 3026 1003 3074 eorum
1031 3003 1200 3091 confirma,
1229 3012 1262 3073 et
1288 3007 1373 3074 iuter
1400 3006 1533 3094 agmina
1556 3001 1749 3072 dilectorum
1776 3009 1916 3088 tuorum,
1944 3013 1978 3073 et

605 3115 739 3187 ordines
767 3128 958 3190 sanctorum
986 3128 1134 3205 tuorum,
1161 3140 1223 3190 nos
1251 3140 1368 3189 omnes
1396 3120 1575 3204 constitue,
1603 3126 1639 3186 ut
1665 3138 1738 3187 eum
1754 3120 1803 3186 eis
1832 3128 1865 3187 et
1891 3121 1977 3187 inter

603 3251 665 3303 eos
692 3230 876 3304 releramus
903 3231 961 3303 tibi
988 3234 1148 3324 gloriam,
1177 3243 1240 3303 etc.

706 3345 868 3439 Papulas.
920 3349 1041 3419 Amen.

709 3460 884 3533 Sacerdos
915 3462 1105 3534 inclinatas.
1159 3465 1327 3536 Memento
1355 3467 1455 3534 etiam
1481 3464 1624 3534 Domino
1659 3467 1800 3534 omnium
1828 3464 1975 3550 Patrum,

602 3577 806 3666 Antistitum,
832 3578 1081 3671 Doctonrmque
1102 3578 1385 3668 Orthodoxorum,
1411 3582 1592 3673 praecipue
1620 3600 1704 3649 vero
1728 3579 1857 3668 Ignatii,
1884 3577 1975 3649 Dio-

601 3693 704 3787 nysii,
730 3690 915 3782 Athanasii,
943 3693 1073 3779 Basilii,
1102 3693 1276 3788 Gregorii,
1306 3695 1443 3780 Severi,
1472 3693 1607 3787 Cyrilli,
1634 3692 1818 3788 Ephraem,
1844 3691 1974 3779 Jacobi,

602 3807 871 3905 reliquorumque
899 3812 952 3902 qui
980 3812 1125 3899 vestigia
1152 3810 1281 3880 illorum
1310 3813 1416 3880 secuti
1443 3819 1527 3880 sunt.

708 3922 870 4016 Populus.
923 3923 1028 4018 llyrio
1056 3925 1193 3997 eleison.

705 4036 881 4109 Sacerdos
908 4040 1046 4108 elevans
1072 4061 1195 4110 ccccm.
1249 4041 1440 4111 Antistitum
1469 4059 1601 4129 quoque
1628 4045 1661 4106 et
1684 4035 1858 4108 Pastorum
1886 4057 1975 4130 pro-

602 4150 773 4242 batorum,
803 4153 985 4252 Doctorum
1015 4155 1286 4227 Orthodouonrm
1315 4158 1370 4247 qui
1398 4178 1417 4224 a
1445 4153 1569 4245 Spiritu
1596 4163 1652 4222 tuo
1681 4161 1797 4221 saneto
1825 4154 1975 4247 inspirati

601 4278 692 4340 sunt:
720 4290 835 4341 eorum
863 4273 918 4363 qui
945 4272 978 4340 in
1005 4271 1101 4341 coelo
1129 4270 1269 4342 cubiculi
1297 4267 1457 4363 splendidi
1486 4288 1630 4359 sponsae
1657 4265 1879 4337 aSulomoue
1907 4264 1974 4336 de-

602 4387 768 4476 signatae,
794 4388 910 4480 sponsi
938 4385 1094 4456 coelestis
1122 4388 1280 4476 unigeniti
1307 4384 1381 4453 Filii
1408 4386 1452 4453 tui
1487 4393 1639 4475 tanquam
1676 4379 1794 4451 stellae
1825 4378 1974 4470 lulgidae

601 4500 725 4586 exorti,
754 4500 990 4594 splenduerunt
1016 4504 1132 4572 mirum
1160 4505 1193 4571 in
1219 4501 1371 4573 modum:
1399 4520 1513 4570 eorum
1542 4499 1595 4590 qui
1622 4495 1695 4567 sole
1718 4496 1884 4585 justitiae,
1917 4497 1973 4588 qui

599 4612 712 4686 radius
739 4625 895 4689 aeternus
924 4638 944 4686 o
971 4619 1044 4688 sinu
1073 4627 1128 4688 tuo
1155 4616 1245 4688 nullo
1266 4629 1418 4710 tempore
1441 4614 1711 4706 circumscriptus
1732 4609 1865 4705 prodiit,
1892 4610 1973 4680 illu-

601 4730 734 4817 minati,
770 4732 867 4803 simul
900 4734 997 4802 etiam
1032 4735 1131 4803 rectis
1167 4732 1327 4803 doctrinis
1363 4734 1450 4820 suis,
1483 4739 1586 4801 totum
1619 4726 1735 4798 orbem
1762 4723 1974 4796 habitabilem

599 4841 868 4935 illustravenmt3
895 4850 950 4941 qui
971 4846 1072 4917 radiis
1092 4847 1273 4941 splendidis
1288 4831 1503 4936 'Theologiae
1525 4864 1606 4916 suae
1621 4839 1838 4912 Orthodoxao
1857 4862 1973 4912 omnes

600 4968 721 5051 gentm
747 4962 890 5053 caligine
917 4965 1042 5032 erroris
1070 4962 1302 5048 circumfusas,
1329 4962 1371 5031 ad
1398 4960 1507 5032 lucem
1533 4957 1757 5043 deduxerunt,
1785 4958 1839 5047 qui
1866 4963 1974 5027 turres

604 5068 849 5163 'Calaniticus
878 5086 912 5146 et
938 5077 1087 5150 aedilicia
1114 5077 1212 5148 stulte
1239 5078 1411 5169 designata
1439 5078 1582 5147 omnium
1608 5069 1794 5142 haereseon
1822 5069 1973 5140 deliran-

599 5191 679 5262 tium
716 5191 950 5262 destruxerunt
985 5203 1018 5263 et
1053 5174 1264 5281 euerterunt,
1301 5214 1361 5287 per
1395 5210 1542 5283 aggeres
1579 5187 1769 5277 dogmatum
1805 5166 1972 5255 veritatis':

541 5403 547 5409 Ι
601 5303 667 5391 Qui
693 5304 874 5377 hauserunt
900 5329 1017 5401 aquam
1044 5330 1090 5379 ex
1116 5306 1246 5379 fluentis
1273 5306 1419 5403 paradisi
1446 5318 1480 5377 et
1501 5300 1736 5394 Evangelicts,
1765 5307 1863 5391 atque
1890 5300 1972 5368 irri-
2034 5410 2036 5413 y

646 5442 734 5486 toruus
754 5443 781 5485 11.
1716 5415 1766 5488 68
