5150 6534
885 782 1133 905 rnrtonnun
1157 823 1371 910 nrrsoorr
1395 825 1694 905 neruosusne.
1903 824 1982 905 soe.

614 1016 798 1088 orationem
824 1036 922 1108 quum
947 1015 1135 1106 unigenitus
1161 1011 1265 1085 Filius
1293 1023 1368 1086 tuus
1394 1011 1507 1086 docuit
1533 1011 1711 1108 discipulos
1726 1033 1807 1086 suos
1829 1021 1977 1107 sanctos,

611 1132 813 1224 inpunitate
839 1130 966 1202 animm
993 1140 1027 1202 ct
1053 1132 1226 1201 sanctitate
1252 1132 1423 1223 corporis:
1449 1128 1630 1205 clamemus
1657 1128 1876 1201 adtollens
1902 1127 1976 1201 Pu-

612 1251 666 1316 tcr
690 1242 1009 1336 misericordiarum,
1040 1267 1173 1319 oremus
1204 1254 1238 1315 et
1269 1244 1427 1317 dicemus.
1479 1245 1582 1318 Pater
1615 1253 1751 1333 noster,
1784 1247 1839 1339 qui
1871 1266 1910 1317 es
1944 1248 1979 1317 in

586 1356 732 1440 coelis.

716 1473 877 1567 Populus.
930 1473 1168 1547 sanctificetur.

716 1587 900 1662 Sacerdos
952 1591 981 1663 0
1008 1592 1094 1663 mitis
1128 1599 1162 1663 et
1191 1593 1312 1663 veniae
1337 1588 1494 1680 largitor,
1525 1610 1569 1660 ue
1594 1589 1765 1684 permittes
1791 1610 1855 1671 uos
1887 1590 1978 1661 iuci-

615 1702 696 1776 derc
721 1708 755 1776 in
782 1710 980 1779 tentationes
1006 1727 1154 1797 graves,
1189 1705 1249 1779 scd
1274 1704 1465 1779 fortitudine
1490 1704 1653 1776 dexterae
1680 1713 1757 1776 tuuc
1782 1702 1888 1778 libera
1913 1724 1978 1779 nos

615 1820 897 1895 utentudonihus
920 1824 1052 1909 noxiis,
1079 1842 1164 1915 quoe
1195 1829 1353 1918 superent
1386 1822 1478 1892 vires
1513 1829 1663 1892 nostros:
1703 1824 1780 1914 quin
1806 1830 1895 1893 tuum
1927 1830 1979 1892 est

613 1956 773 2027 regnum,
798 1940 904 2010 virtus
930 1946 965 2010 et
989 1937 1082 2025 laus,
1107 1943 1146 2009 ut¹
1166 1940 1266 2009 etium
1292 1938 1451 2026 unigeniti
1481 1935 1557 2007 Filii
1590 1939 1655 2025 tui,
1688 1946 1722 2007 et
1756 1935 1898 2032 Spiritus
1933 1937 1979 2008 tui

615 2055 736 2144 suncti,
762 2076 848 2125 nunc
875 2061 908 2124 et
934 2074 1076 2149 semper.

719 2168 882 2262 Populus.
934 2170 1054 2241 Amen.

720 2284 904 2357 Sacerdos.
956 2284 1040 2356 Pax,

718 2396 878 2493 Populus.
930 2397 1074 2470 Etcum
1101 2399 1214 2492 spiritu
1241 2407 1308 2469 tuo.

648 2545 659 2572 ·
718 2516 905 2587 Diaconos.
959 2512 1081 2587 Coram
1108 2512 1262 2585 Domino.
1391 2532 1395 2542 “

718 2630 878 2723 Populus.
932 2629 1056 2702 Corum
1083 2639 1127 2700 te,
1637 2710 1639 2717 ¹
1783 2695 1785 2701 .

718 2745 902 2818 Sacerdos.
956 2746 1040 2831 Quia
1068 2768 1114 2816 ex
1140 2757 1173 2818 te
1200 2756 1252 2817 est
1278 2766 1377 2818 omne
1403 2743 1524 2815 donum
1552 2746 1709 2838 optimum
1736 2754 1769 2815 et
1784 2743 1978 2839 perfectum,

617 2872 650 2933 et
686 2864 796 2933 omniu
835 2883 972 2934 munero
1004 2859 1168 2949 luctitiue,
1208 2882 1367 2953 rogamus
1402 2869 1436 2930 te
1475 2859 1576 2931 Putet
1615 2860 1717 2949 lucis,
1750 2869 1785 2931 ut
1817 2860 1978 2935 illumines

616 2986 922 3064 mentcsuostrus‚
949 2986 1125 3048 eteorum
1152 2979 1207 3072 qui
1237 2973 1393 3047 inclinant
1428 2973 1514 3045 colla
1549 2997 1662 3047 corum
1698 2984 1749 3065 te,
1783 2998 1909 3073 nosque
1944 2991 1979 3050 et

616 3091 692 3164 illos
735 3091 854 3185 dignos
894 3092 1034 3180 efficias,
1074 3103 1109 3163 ut
1144 3115 1216 3163 cum
1259 3094 1376 3162 timore
1409 3099 1443 3160 et
1474 3090 1671 3179 concordio,
1702 3095 1978 3166 communicemus

616 3210 750 3302 corpori
785 3219 819 3279 et
854 3210 1005 3299 sanguini
1040 3209 1198 3299 unigeniti
1231 3205 1307 3277 Filii
1341 3206 1408 3294 tui,
1443 3215 1476 3276 et
1510 3194 1692 3279 referemus
1726 3204 1784 3277 tibi
1817 3206 1977 3298 gloriam,

617 3333 650 3393 et
682 3325 863 3414 gratiarum
896 3326 1078 3409 notionem,
1118 3332 1151 3392 et
1183 3323 1353 3421 unigenito
1386 3319 1471 3391 Filio
1506 3331 1578 3414 tuo,
1615 3332 1648 3392 et
1679 3320 1814 3417 Spiritui
1848 3332 1977 3411 sancto,

615 3460 703 3509 nunc
731 3447 793 3508 etc.

720 3554 882 3646 Populus.
933 3555 1051 3625 Amen.

721 3667 905 3739 Sacerdos.
959 3666 1043 3739 Pax,

720 3782 880 3876 Populus.
932 3782 975 3853 Et
1001 3804 1073 3853 oum
1101 3782 1216 3876 spiritu
1243 3790 1309 3853 luo.

718 3898 901 3970 Sacerdos.
955 3897 1070 3969 Gratia
1097 3900 1148 3968 sit.

719 4013 878 4107 Populus.
931 4011 1073 4083 Etcum
1101 4015 1215 4107 spiritu
1242 4022 1309 4083 tuo.

718 4113 921 4199 Diaconos
957 4127 1090 4199 Stemus
1117 4128 1283 4199 decenter.

718 4243 902 4314 Sacerdos.
955 4242 1143 4314 Laudamus
1171 4254 1217 4330 te,
1244 4245 1387 4316 Domine
1413 4241 1519 4331 Deus,
1545 4254 1578 4314 et
1603 4245 1729 4335 gratim
1756 4247 1884 4335 agimus
1906 4242 1975 4314 bo-

615 4360 708 4428 nitati
734 4367 829 4446 tuce,
862 4356 1151 4452 glorificemusque
1184 4363 1392 4453 majestatem
1425 4368 1533 4447 tuom,
1569 4381 1610 4430 eo
1644 4358 1732 4453 quod
1764 4380 1826 4431 nos
1858 4357 1977 4451 dignos

615 4469 723 4541 fecisti
750 4473 929 4543 accedendi
956 4471 998 4543 od
1024 4495 1171 4546 mensum
1199 4484 1287 4546 tuum
1314 4482 1463 4547 sanctum
1490 4485 1523 4545 et
1554 4472 1814 4546 communicandi
1841 4484 1975 4569 myste-

615 4588 673 4659 riis
700 4588 953 4660 vivificantibus.
1006 4588 1056 4658 Te
1083 4591 1182 4680 igitur
1208 4590 1424 4663 obsecremus
1451 4590 1608 4679 Domine,
1635 4612 1679 4662 ne
1693 4588 1893 4663 condemnes
1912 4610 1976 4660 uos

615 4704 650 4772 in
676 4701 729 4773 die
754 4701 810 4776 illo
839 4703 972 4776 terribili
996 4703 1128 4795 judicii,
1155 4705 1216 4775 sed
1241 4705 1346 4778 libere
1365 4727 1427 4779 nos
1446 4729 1466 4776 a
1485 4705 1693 4780 damnatione
1712 4712 1747 4776 et
1763 4703 1978 4778 confusione:

616 4816 761 4909 adjunge
788 4842 850 4892 nos
877 4825 1046 4893 consortio
1074 4822 1273 4895 Sanctorum
1299 4834 1443 4896 tuorum:
1470 4835 1504 4895 et
1530 4847 1604 4896 cum
1630 4826 1679 4896 eis
1696 4833 1795 4918 utque
1816 4824 1978 4893 intereos
2027 4921 2030 4926 ι

616 4931 801 5006 celeremus
827 4934 887 5005 tibi
915 4934 1056 5026 glorium
1084 4947 1118 5009 et
1143 4936 1293 5030 laudem,
1318 4941 1554 5033 unigenitoque
1567 4938 1654 5012 Filio
1680 4949 1766 5029 tno;‘
1785 4946 1819 5010 et
1844 4936 1979 5034 Spiritui

616 5053 749 5136 sancto,
777 5072 884 5137 nunc,
912 5059 975 5122 etc.
1762 5067 1765 5071 ’

721 5164 882 5258 Populus.
934 5167 1053 5240 Amen.

718 5280 900 5352 Sacerdos.
954 5283 1037 5355 Pon.
