5150 6534
786 735 788 738 ι
868 794 1410 875 IGNATllPdTRldRGHAE
1445 753 1740 875 ANTIOGHElll.
1911 797 1987 874 529

622 983 764 1054 mantiae
790 991 877 1053 tuae.
930 981 1085 1054 Extende
1111 1003 1211 1078 super
1238 1007 1302 1057 nos
1329 984 1501 1056 dexteram
1529 994 1638 1074 mam,
1666 984 1796 1058 colloca
1827 1008 1891 1057 nos
1925 985 1987 1059 sub

621 1096 737 1169 umbra
765 1108 830 1169 tua.
883 1100 1121 1187 Peccavimus,
1147 1102 1340 1196 insipienter
1371 1111 1404 1171 et
1440 1102 1538 1196 impie
1571 1104 1722 1192 egimus,
1753 1102 1861 1174 verba
1894 1103 1985 1174 Pro-

566 1210 567 1213 ’
620 1213 789 1309 phetarum
815 1219 1067 1303 contemsimust,
1102 1216 1339 1312 praedicationi
1372 1217 1611 1312 Apostolorum
1651 1239 1750 1290 aures
1790 1216 1986 1291 clausimus:

532 1343 535 1349 '
622 1324 803 1401 doctrinam
829 1331 963 1402 Petrum
990 1334 1185 1422 reJecimus,
1211 1344 1392 1428 praecepta
1419 1343 1474 1404 tua
1500 1331 1635 1404 vivifica
1667 1354 1735 1403 non
1767 1338 1988 1409 servavimus.

619 1445 746 1517 Verum
772 1449 853 1542 quia·
873 1469 994 1519 nomeu
1021 1459 1109 1519 tuum
1136 1470 1204 1519 non
1230 1447 1488 1539 abnegavimus,
1514 1470 1558 1517 ne
1592 1448 1742 1539 abneges
1776 1471 1839 1523 nos
1872 1473 1987 1522 coram

618 1562 719 1634 Patre
744 1572 816 1634 tuo:
843 1566 911 1636 nos'
933 1567 987 1657 qui
1014 1562 1206 1635 confitemur
1232 1573 1265 1634 te
1299 1586 1411 1635 coram
1443 1563 1648 1652 hominibus,
1681 1564 1839 1638 confitere
1872 1589 1987 1640 coram

552 1774 554 1779 ι
618 1678 760 1770 Angelis
786 1682 868 1751 tuis:
894 1690 1031 1776 propter
1056 1679 1152 1769 baec,
1179 1689 1212 1750 et
1236 1678 1300 1750 alia
1328 1663 1489 1773 ejusmodi
1504 1680 1657 1754 Ecclesia
1677 1690 1732 1754 tua
1748 1692 1859 1774 rogat,
1885 1705 1986 1775 grex,

612 1805 654 1866 et
679 1816 764 1867 oves
791 1805 867 1867 tuae
894 1796 1078 1891 supplicant
1104 1806 1137 1868 et
1163 1795 1401 1890 deprecantur,
1428 1807 1461 1867 et
1487 1819 1550 1893 per
1575 1806 1624 1887 te,
1653 1806 1752 1892 atque
1778 1808 1886 1869 tecum
1913 1798 1985 1868 Pa-

617 1920 702 1983 trem
728 1921 818 1982 tuum
845 1912 968 1984 dicens.

628 2106 632 2112 ,
720 2027 881 2120 Populus.
931 2028 1102 2099 Miserere.

720 2142 908 2215 Diaconos.
963 2144 1070 2228 Quam
1096 2144 1239 2215 timenda
1266 2154 1319 2215 est
1345 2143 1429 2215 haec
1453 2143 1546 2215 bora.

856 2385 1032 2490 Sacerdos
1058 2419 1142 2489 dicii
1168 2417 1424 2489 Iaoocatioaem
1449 2417 1601 2511 Spiritus
1626 2421 1746 2489 sancti.

716 2601 731 2646 ³
781 2606 873 2679 Deus
914 2610 1030 2696 Pater,
1072 2629 1204 2680 oramus
1251 2630 1312 2701 per
1352 2606 1583 2679 abundantiam
1622 2607 1871 2679 misericordiae
1905 2619 1982 2681 tuae

616 2722 859 2811 substantialis,
887 2734 921 2794 et
946 2724 1118 2813 naturalis,
1143 2727 1235 2795 mitte
1262 2723 1457 2794 directorem
1483 2721 1571 2793 illum
1598 2722 1754 2816 Spiritum
1781 2733 1869 2795 tuum
1897 2748 1981 2797 san-

614 2848 714 2926 ctum,
750 2842 804 2933 qui
830 2862 850 2909 a
878 2850 911 2910 te
938 2841 1100 2935 procedit,
1128 2849 1162 2910 et
1197 2842 1317 2934 accipit
1351 2861 1371 2908 a
1406 2839 1492 2910 Filio
1526 2848 1583 2909 tuo
1609 2838 1840 2911 essentialiter
1873 2849 1906 2910 et
1938 2839 1979 2911 ab

614 2963 767 3026 aeoerno:
795 2958 850 3050 qui
877 2959 1070 3052 supervenit
1095 2959 1128 3026 in
1156 2956 1341 3047 Virginem,
1369 2965 1402 3026 et
1428 2954 1614 3049 purificavit
1640 2977 1725 3042 eam,
1753 2965 1851 3048 atque
1878 2957 1911 3025 in
1938 2957 1996 3027 ea'

612 3070 790 3142 formatum
816 3082 868 3143 est
903 3095 1025 3169 corpus
1059 3082 1208 3144 sunctum
1241 3073 1398 3161 unigeniti
1426 3070 1501 3141 Filii
1528 3072 1591 3157 tui,
1627 3073 1683 3163 qui
1715 3069 1795 3141 lecit
1826 3092 1889 3141 nos
1922 3070 1981 3143 tibi

611 3185 697 3260 lilios
723 3209 784 3281 per
810 3191 951 3279 gratiam
978 3199 1075 3275 tuam,
1105 3211 1170 3283 quo
1205 3187 1397 3284 perlicieute
1422 3185 1543 3276 divini,
1582 3197 1616 3257 et
1642 3185 1783 3257 deificati
1814 3186 1908 3272 liunt,
1945 3197 1980 3258 ut

613 3301 727 3374 altaria
760 3326 891 3397 quoque
918 3316 952 3376 et
986 3305 1124 3399 templa,
1158 3303 1199 3375 ad
1231 3303 1373 3395 gloriam
1406 3304 1577 3373 ministerii
1603 3306 1666 3391 tui,
1698 3301 1753 3373 ille
1785 3305 1858 3395 ipse
1892 3322 1979 3372 nunc

610 3423 725 3491 veniat
751 3429 785 3490 et
809 3420 960 3492 illabatur
987 3443 1087 3515 super
1113 3442 1189 3509 noS,
1216 3429 1249 3491 et
1275 3441 1375 3512 super
1402 3428 1610 3491 sacramenta
1636 3417 1731 3506 buco,
1758 3439 1865 3511 euque
1891 3439 1976 3489 cor-

611 3557 673 3630 pus
707 3536 841 3625 efficiat,
887 3548 921 3609 et
953 3560 1007 3608 me
1040 3536 1208 3627 indignum
1248 3537 1403 3627 omnique
1436 3532 1524 3606 bono
1560 3544 1729 3607 carentem
1763 3533 1911 3629 purificet
1944 3544 1978 3605 et

612 3651 794 3745 abstergat,
822 3675 1018 3748 omnemque
1045 3675 1186 3747 gregem
1213 3662 1302 3723 tuum
1329 3650 1541 3744 spiritualem.

713 3769 874 3862 Populus.
925 3770 1045 3841 Amen.

711 3884 895 3955 Sacerdos.
947 3883 1082 3955 Exaudi
1108 3908 1172 3955 me.

710 4001 899 4072 Diaconos.
952 4000 1057 4095 llyrie
1084 4000 1225 4089 eleison,
1252 3999 1357 4094 Kyrie
1384 3998 1524 4086 eleison,
1549 3997 1655 4093 Kyrie
1682 3997 1819 4070 eleison.

711 4114 894 4187 Sacerdos.
947 4115 992 4187 Ut
1017 4140 1079 4212 per
1105 4117 1244 4188 alllatum
1280 4125 1314 4186 et
1338 4115 1490 4209 illapsum
1517 4138 1611 4188 suum
1639 4124 1822 4204 secretum,
1854 4137 1974 4209 panem

607 4230 692 4304 bunc
718 4233 868 4327 perficiat
894 4255 1016 4327 corpus
1044 4242 1194 4304 sunctum
1221 4242 1254 4303 et
1281 4235 1457 4302 animatum
1482 4232 1566 4303 lesu
1590 4232 1655 4302 Dei
1683 4233 1794 4303 nostri.

709 4347 869 4440 Populos.
922 4349 1043 4421 Amen.

708 4463 893 4534 Sacerdos.
945 4463 990 4536 Et
1016 4468 1145 4536 mistum
1179 4464 1266 4558 quod
1292 4462 1357 4534 boo
1384 4463 1489 4534 culice
1517 4466 1718 4551 continetur,
1750 4460 1853 4533 iaciat
1885 4482 1971 4532 san-

606 4581 740 4670 guinem
765 4582 893 4668 vivum,
920 4590 953 4650 et
980 4580 1145 4652 intellectu
1172 4580 1356 4676 praeditum
1381 4580 1464 4650 lesu
1488 4580 1554 4650 Dei
1580 4583 1694 4653 nostri.

594 4745 597 4751 -
707 4693 868 4786 Papulas.
920 4696 1039 4767 Amen.

706 4809 891 4881 Sacerdos.
944 4812 988 4883 Ut
1014 4813 1221 4884 sanctificent
1248 4833 1364 4883 omnes
1391 4832 1452 4883 eos
1479 4812 1534 4904 qui
1561 4833 1602 4881 ea
1629 4818 1775 4895 sument,
1811 4816 1844 4877 et
1869 4810 1968 4902 puri-

602 4924 702 4997 ficent
728 4948 788 4998 eos
816 4949 932 5000 omnes
960 4932 1013 5022 qui
1039 4933 1119 5023 ipsis
1155 4926 1470 4999 commiscebuntur:
1506 4926 1747 5019 emundentque
1780 4924 1906 4996 unimus
1934 4934 1968 4996 et

602 5063 746 5137 corpora
774 5065 891 5114 eorum
917 5047 971 5137 qui
998 5047 1079 5139 ipsis
1094 5042 1396 5131 communicabunt3
1424 5045 1554 5136 sintque
1580 5039 1677 5113 uobis
1704 5049 1855 5112 sanctum
1881 5060 1968 5111 san-

602 5158 761 5246 ctificans,
789 5162 936 5253 expiatio
964 5172 1178 5254 peccatorum
1195 5162 1435 5256 propitiatoria,
1462 5178 1574 5229 murus
1591 5155 1634 5228 ad
1654 5159 1876 5243 securitatem,
1903 5177 1968 5227 arx

600 5272 696 5347 fortis
724 5275 766 5345 ad
792 5275 1040 5367 defensionem3
1073 5281 1258 5349 immunitus
1285 5299 1306 5348 a
1332 5277 1531 5347 tentatione:
1557 5275 1789 5368 praeservatio
1816 5295 1836 5342 a
1864 5269 1966 5343 dolis:
