5150 6534
995 871 1026 947 S.
1059 868 1273 946 DIDSDDRI
1307 869 1540 964 EPISGDPl,
1569 886 1618 946 oc.
1909 873 1986 948 495

612 1058 737 1146 nostri,
772 1066 793 1141 †
823 1059 856 1128 in
889 1078 1011 1152 corpus
1039 1054 1126 1149 qnod
1159 1055 1405 1128 commendavit
1429 1057 1591 1130 Dominus
1625 1069 1659 1131 et
1684 1062 1776 1131 Deus
1810 1067 1926 1130 noster
1951 1062 1985 1130 in

614 1174 797 1246 coenaculo
820 1170 994 1267 Apostolis
1021 1174 1090 1243 suis
1117 1176 1253 1259 sanctis,
1280 1180 1301 1253 †
1327 1176 1361 1243 in
1388 1192 1510 1265 corpus
1539 1174 1627 1267 quod
1653 1174 1847 1245 transfixum
1873 1176 1985 1247 estin

614 1287 804 1381 Golgotbae
834 1292 965 1360 vertice
996 1309 1058 1382 pro
1090 1290 1158 1357 vita
1194 1287 1318 1357 mundi:
1352 1290 1384 1356 in
1418 1308 1540 1381 corpus
1581 1289 1671 1383 quod
1707 1297 1814 1359 ortum
1852 1298 1904 1360 est
1939 1311 1985 1361 ex

611 1402 755 1495 Virgine
782 1405 952 1477 Genitrice
986 1401 1050 1472 Dei
1085 1402 1207 1489 blaria3
1241 1424 1364 1496 corpus
1392 1403 1524 1473 Domini
1553 1414 1586 1473 et
1620 1405 1682 1474 Dei
1709 1409 1825 1490 nostri,
1853 1407 1885 1474 in
1919 1428 1985 1498 quo

506 1596 516 1610 ‚
611 1521 754 1590 nantes
777 1517 970 1591 mirabiliter
997 1517 1251 1589 demonstravit:
1280 1517 1367 1611 quod
1386 1517 1475 1587 dedit
1492 1516 1589 1589 nobis
1607 1518 1649 1589 ad
1668 1522 1892 1614 expiationem
1919 1519 1985 1591 de-

611 1629 777 1723 lictorum,
803 1637 1034 1706 remissionem
1061 1642 1276 1726 peccatorum
1304 1642 1337 1702 et
1363 1634 1466 1702 vitam
1493 1641 1673 1705 aeternam.

718 1749 879 1841 Populea.
932 1750 1051 1819 Amen.

718 1862 901 1934 Sacerdos.
954 1862 1111 1933 Similiter
1147 1872 1180 1932 et
1214 1862 1353 1934 calicem
1390 1873 1586 1934 transmutet
1629 1865 1661 1933 in
1702 1867 1897 1955 sanguinem
1930 1869 1985 1958 qui

613 1976 750 2051 stillavit
777 2001 878 2073 super
903 1981 1063 2049 verticem
1093 1976 1280 2068 Golgotbae
1317 1978 1357 2048 ad
1391 1978 1501 2047 mundi
1535 1980 1760 2073 expiationem
1785 1980 1813 2065 †
1839 1983 1872 2049 in
1899 2001 1984 2050 san-

614 2095 747 2185 gninem
783 2091 871 2163 illum
905 2093 1131 2164 vivificantem
1167 2093 1195 2178 †
1229 2103 1262 2162 et
1295 2096 1557 2186 propitiatorium
1600 2097 1743 2165 omnium
1784 2093 1986 2165 macularum

613 2216 816 2297 nostrarum,
842 2210 870 2295 †
898 2210 929 2280 in
957 2210 1151 2298 sanguinem
1180 2206 1268 2278 illum
1297 2210 1351 2299 qui
1379 2210 1500 2302 pignus
1527 2214 1619 2279 vitae
1645 2207 1820 2280 nobis'est
1846 2209 1887 2279 ad
1915 2232 1985 2280 ex-

613 2325 793 2420 piationem
820 2322 1025 2409 delictorum,
1051 2325 1283 2393 remissionem
1310 2332 1535 2416 peccatorum
1563 2334 1596 2394 et
1624 2327 1726 2394 vitam
1755 2334 1934 2395 aeternam.

718 2438 880 2530 Populus.
932 2439 1052 2510 Amen.

719 2552 902 2625 Sacerdos.
956 2554 1030 2625 Hoc
1061 2548 1076 2586 ⁴
1102 2563 1155 2624 est
1180 2574 1303 2647 corpus
1331 2564 1365 2624 et
1391 2556 1528 2644 sanguis
1548 2552 1670 2626 Christi
1695 2555 1760 2625 Dei
1787 2556 1909 2643 nostri3
1935 2552 1988 2626 bic

615 2678 668 2742 est
699 2667 924 2758 indivisibilis,
960 2679 994 2739 et
1028 2668 1255 2756 immutabibs3
1281 2667 1335 2739 hic
1370 2671 1503 2761 estqui
1535 2690 1603 2740 non
1636 2667 1805 2760 subjectus
1833 2673 1987 2764 tempori,

615 2786 710 2857 visus
738 2794 848 2854 nmen
877 2794 944 2854 est:
971 2786 1044 2878 ipse
1072 2782 1285 2856 absconditus
1314 2781 1355 2854 ab
1385 2782 1556 2871 omnibus,
1584 2789 1638 2878 qui
1665 2783 1892 2858 manifestatus
1919 2797 1987 2874 est;

511 2936 516 2943 ·
613 2900 688 2993 ipse
725 2901 779 2993 qui
810 2898 851 2969 ad
883 2898 1056 2970 dexteram
1090 2898 1198 2969 Patris
1227 2898 1339 2987 sedet,
1380 2903 1435 2992 qui
1461 2922 1536 2969 cunr
1562 2900 1662 2970 Patre
1689 2909 1722 2969 et
1747 2901 1870 2995 Spiritu
1899 2901 1987 2973 dona
2041 2917 2047 2934 ⁸

614 3013 771 3105 largitur:
807 3018 862 3107 qui
894 3018 1042 3109 peccatis
1078 3018 1202 3085 nostris
1229 3019 1362 3085 veniam
1390 3014 1567 3102 concentu
1592 3017 1713 3108 quique
1739 3015 1841 3088 solvit
1867 3013 1986 3085 delicta

614 3138 747 3202 nostra:
775 3133 831 3224 qui
858 3129 966 3200 aufert
992 3152 1033 3200 ea
1060 3151 1145 3222 quae
1172 3132 1366 3224 insipienter
1392 3132 1531 3220 egimus,
1562 3132 1616 3222 qui
1643 3129 1777 3223 mundat
1803 3130 1986 3200 conscien-

614 3246 679 3316 tias
715 3253 865 3317 nostras:
899 3248 954 3338 qui
981 3244 1138 3315 illuminat
1179 3245 1419 3338 simplicitatem
1457 3255 1623 3316 nostram:
1661 3248 1715 3338 qni
1755 3244 1883 3340 perlicit
1924 3264 1987 3314 nos

615 3359 699 3432 illios
726 3364 829 3455 patris
857 3363 926 3431 sui:
955 3363 1008 3453 qui
1036 3362 1174 3430 vocavit
1200 3379 1262 3428 nos
1288 3358 1410 3430 iratres
1436 3362 1656 3454 pergratiam
1676 3380 1787 3430 suam:
1816 3361 1871 3451 qui
1898 3357 1988 3428 dedit

614 3473 714 3547 nobis
750 3479 909 3569 mysteria
942 3473 1025 3545 baec
1061 3472 1102 3545 ad
1136 3477 1363 3567 expiationem
1398 3486 1563 3546 nostram:
1600 3477 1654 3568 qui
1689 3463 1798 3544 aulert
1831 3498 1852 3544 a
1888 3471 1986 3543 nobis

616 3589 735 3686 plagas
761 3588 903 3678 brroris3
930 3593 985 3683 qui
1013 3587 1183 3659 advitam
1210 3599 1430 3662 revocaturus
1458 3600 1510 3660 est
1543 3611 1687 3684 corpora
1715 3596 1849 3676 nostra,
1876 3591 1985 3658 mise-

614 3701 859 3799 ricordiamque
886 3713 920 3775 et
946 3703 1153 3775 clementiam
1180 3725 1273 3775 suam
1302 3708 1428 3777 exoriri
1455 3705 1557 3776 faciet
1582 3725 1684 3799 super
1710 3724 1846 3774 omnes:
1873 3705 1927 3772 cui
1954 3710 1987 3773 et

614 3820 707 3892 Patri
734 3822 818 3911 ejus,
846 3828 880 3889 et
906 3818 1042 3914 Spiritui
1068 3821 1141 3909 ejus
1168 3830 1285 3890 sancto
1313 3817 1439 3910 gratias
1466 3841 1605 3912 agamus
1632 3841 1718 3889 nunc
1746 3828 1779 3888 et
1805 3840 1948 3913 semper.

523 3961 531 3974 ·
641 3961 646 3978 ·
719 3932 883 4027 Populus.
934 3935 1054 4006 Amen.

713 4048 890 4121 Sacerdos
915 4049 1106 4121 inclinatas.
1159 4049 1327 4120 Memento
1354 4050 1507 4136 Domine,
1534 4074 1595 4145 per
1621 4054 1762 4143 gratiam
1791 4061 1824 4121 et
1850 4052 1987 4120 miseri-

617 4161 766 4236 cordiam
792 4172 879 4235 aram
907 4163 1055 4251 multam,
1083 4165 1215 4235 Petrum
1240 4174 1429 4235 nostrorum
1441 4162 1634 4255 beatorum,
1662 4170 1716 4259 qui
1742 4187 1830 4235 nunc
1856 4168 1986 4251 vivunt,

615 4287 718 4373 umas
749 4279 913 4373 praeclari
949 4282 1125 4353 Antistites
1166 4279 1263 4350 nobis
1299 4276 1396 4348 bodie
1434 4292 1607 4374 praesunt:
1642 4278 1857 4353 Patriarchae
1898 4279 1988 4350 sedis

615 4393 836 4489 Apostolicae
864 4396 997 4466 Domini
1030 4394 1070 4465 N.
1106 4403 1140 4465 et
1165 4391 1401 4489 Metropolitae
1428 4400 1531 4467 nostri
1557 4395 1760 4483 venerandi,
1776 4394 1921 4464 Domini
1946 4391 1988 4463 N.

614 4501 885 4604 relirjnornmqne
910 4509 1176 4594 Patriorcharum
1205 4508 1488 4599 Ortbodoxorum,
1516 4515 1571 4605 qui
1596 4511 1695 4583 bodie
1720 4515 1756 4581 in
1781 4511 1871 4580 vivis
1899 4516 1988 4594 sunt,

611 4632 652 4696 et
682 4645 745 4720 pro
779 4623 934 4696 Ecclesia
969 4636 1025 4697 tua
1060 4637 1176 4699 sancta
1208 4625 1388 4696 decertant.
1442 4626 1609 4701 Memento
1642 4629 1807 4714 Domine,
1839 4624 1989 4720 upiversi

617 4737 826 4835 Presbyterii
853 4744 885 4810 in
913 4739 1065 4830 Christo,
1093 4744 1257 4834 totiusque
1292 4740 1416 4812 ordinis
1442 4742 1669 4816 sacerdotalis
1700 4739 1933 4814 Ecclesiastici
1957 4746 1990 4806 ct

617 4852 831 4947 Evangelici
859 4860 912 4950 qui
940 4866 1033 4928 recte
1066 4856 1261 4928 confitentur
1294 4866 1346 4926 te:
1378 4853 1520 4928 benedic
1551 4858 1694 4932 Domine
1725 4879 1787 4952 per
1820 4856 1990 4928 orationes

618 4989 736 5043 eornm
764 4970 987 5066 acceptabiles
1023 4973 1288 5053 caronnacum,
1325 4992 1387 5064 per
1419 4970 1543 5044 imbres
1576 4982 1781 5069 opportunos
1814 4972 1990 5042 matutinos

620 5093 655 5156 et
680 5088 862 5157 serotinos:
889 5085 1030 5158 benedic
1059 5108 1157 5157 omne
1172 5105 1279 5175 genus
1306 5082 1439 5175 frugum
1467 5098 1499 5158 et
1525 5088 1700 5176 fructuum,
1727 5085 1814 5180 quod
1840 5083 1882 5155 ad
1909 5104 1991 5156 sus-

617 5198 793 5271 tentandas
828 5211 999 5272 creaturas
1033 5212 1108 5272 tuas
1134 5198 1339 5295 produxisti,
1372 5221 1439 5271 non
1467 5224 1633 5277 revocans
1668 5206 1700 5273 in
1733 5203 1992 5287 memoriam‚o
