5150 6534
1195 810 1350 886 376
1629 921 1633 925 .
2210 806 2931 895 LITURGIA

1150 1007 1264 1081 ‚et
1314 1017 1441 1067 nos
1495 1016 1619 1090 per
1685 1016 1919 1066 eorum
1985 994 2504 1067 intercessiones
2570 992 2824 1066 robora
2886 1002 2955 1064 et
3026 993 3291 1084 adjuva.
3399 997 3681 1070 Animas
3746 1000 3947 1071 etiam

1191 1121 1460 1184 nostras
1513 1114 1581 1181 in
1632 1111 1919 1182 veritate
1969 1121 2084 1181 tua
2135 1109 2362 1180 firmas
2419 1107 2643 1192 effice,
2714 1107 2922 1181 corda
2988 1119 3214 1180 nostra
3282 1113 3346 1181 in
3418 1113 3542 1181 fide
3599 1125 3707 1185 tua
3767 1137 3947 1185 cou-

1191 1227 1417 1314 firma,
1473 1228 1626 1320 quia
1678 1236 1746 1296 tu
1801 1225 1993 1297 dator
2046 1234 2115 1297 et
2163 1225 2447 1315 largitor
2497 1222 2830 1296 bonorum
2884 1246 2997 1312 eS,
3075 1224 3398 1309 Domine,
3466 1225 3715 1321 tibique
3787 1229 3944 1297 lau—

1200 1342 1350 1413 dem
1403 1340 1782 1429 referimuS,
1837 1352 1904 1412 et
1954 1344 2298 1432 unigenito
2352 1339 2524 1411 Filio
2582 1349 2733 1428 tuo,
2788 1350 2855 1412 et
2906 1338 3180 1435 Spiritui
3238 1353 3342 1409 tuo
3402 1345 3843 1413 sanctissimo.

1409 1455 1760 1527 Sacerdos
1824 1455 2208 1529 inclinatus.
2336 1455 2412 1527 In
2482 1452 2611 1525 bac
2683 1457 2881 1525 etiam
2956 1451 3122 1526 hora
3198 1465 3558 1541 nieme-utu,
3635 1453 3943 1541 Domina,

1197 1571 1595 1660 Doctorum,
1651 1556 2218 1661 orthodoxorum,
2270 1571 2636 1666 praecipue
2681 1561 2711 1603 ⁸
2766 1591 2935 1641 vero
2988 1568 3250 1659 Ignatii,
3306 1569 3639 1661 Dionysii,
3695 1569 3947 1653 Basilii,

1202 1686 1554 1776 Gregorii,
1609 1684 1885 1781 Cyrilli,
1941 1685 2223 1772 Severi,
2276 1684 2662 1771 Philoxeni,
2732 1682 3011 1772 Jacobi,
3084 1692 3150 1754 et
3201 1681 3603 1777 reliquorum
3660 1689 3943 1757 numium

1204 1801 1574 1871 Doctorum
1628 1802 1737 1893 qui
1790 1803 2081 1891 vestigia
2136 1800 2396 1872 illorum
2451 1802 2664 1871 secuti
2718 1808 2887 1871 sunt.

1405 1914 1707 1985 Elevans
1770 1936 2022 1987 vocem.
2147 1914 2399 1986 Eorum
2465 1917 2576 2010 qui
2649 1913 2855 1985 radiis
2921 1910 3339 2005 Theologiae
3402 1936 3441 1984 a
3506 1912 3759 2008 Spiritu
3835 1923 3948 1984 tuo

1200 2038 1430 2100 sancto
1476 2033 1860 2123 inspiratae,
1915 2029 2228 2101 tenebras
2284 2032 2571 2100 omnium
2627 2032 2921 2120 gentium
2969 2023 3501 2101 illustraverunt:
3561 2050 3800 2101 eorum
3839 2032 3950 2124 qui

1197 2144 1393 2217 funes
1448 2145 1892 2216 extenderunt
1944 2143 2298 2216 Ecclesiae
2351 2167 2443 2215 ex
2494 2143 2802 2235 gentibus
2870 2153 3364 2235 congregatae,
3426 2153 3497 2215 et
3556 2142 3947 2240 redemptae

1198 2262 1524 2350 sanguine
1577 2260 1898 2350 unigeniti
1937 2259 2088 2329 Filii
2133 2264 2248 2347 tui,
2303 2283 2343 2331 a
2383 2260 2619 2333 finibus
2667 2281 2878 2353 usque
2929 2258 3012 2328 ad
3056 2258 3223 2330 fines
3268 2251 3488 2332 terrae
3533 2254 3944 2331 habitabilis:

1207 2396 1438 2445 eorum
1508 2377 1619 2468 qui
1673 2373 1898 2465 gladio
1955 2377 2222 2468 spiritus
2275 2375 2690 2446 resciderunt
2762 2374 3058 2445 membra
3130 2386 3389 2446 mortua
3472 2396 3565 2444 ex
3648 2392 3941 2466 corpore

1195 2487 1549 2558 Ecclesiae
1606 2487 1850 2559 Christi
1905 2492 2025 2560 tui:
2080 2511 2204 2583 per
2258 2512 2538 2583 quorum
2594 2492 2935 2561 orationes
2976 2488 3448 2582 acceptabileS,
3499 2485 3790 2559 Domine
3817 2506 3943 2557 nos

1198 2606 1393 2673 etiam
1451 2603 1764 2675 confirma
1819 2613 1886 2674 et
1950 2604 2164 2695 dirige
2231 2607 2297 2675 in
2358 2604 2490 2677 fide
2558 2616 2627 2677 et
2687 2604 2988 2675 doctrina
3054 2626 3289 2677 eorum
3350 2601 3588 2692 beata3
3654 2611 3727 2674 ut
3794 2623 3948 2673 cum

1192 2716 1322 2787 illis
1378 2729 1446 2789 et
1494 2721 1666 2789 inter
1717 2719 1894 2809 illos,
1946 2719 2316 2792 referamus
2393 2720 2506 2792 tibi
2571 2720 2897 2812 gloriam,
2969 2730 3037 2791 et
3087 2717 3351 2790 laudem
3404 2716 3732 2813 simulque
3784 2720 3946 2788 uni-

1195 2834 1423 2921 genito
1477 2831 1649 2904 Filio
1704 2845 1844 2923 tuo,
1899 2844 1966 2905 et
2018 2833 2291 2929 Spiritui
2345 2837 2783 2908 sanctissimo.

1400 2944 1753 3018 Sacerdos
1818 2947 2204 3019 inclinatus.
2310 2950 2724 3022 Mortuorum
2810 2951 3005 3020 etiam
3084 2946 3409 3037 fidelium,
3493 2968 3618 3042 pro
3703 2945 3949 3041 quibus

1195 3058 1325 3132 hoc
1382 3061 1777 3134 sacrificium
1833 3062 2123 3134 oblatum
2180 3075 2318 3151 est,
2390 3076 2724 3137 memento
2794 3067 3081 3138 Domine
3143 3067 3210 3134 in
3263 3062 3387 3136 hac
3455 3063 3656 3136 hora:
3712 3067 3951 3134 nomi-

1189 3178 1395 3279 natim
1449 3197 1619 3247 vero
1674 3188 2082 3250 mortuorum
2140 3184 2431 3252 omnium
2483 3180 2801 3271 fidelium,
2855 3191 3150 3275 patrum,
3201 3177 3512 3266 fratrum,
3567 3175 3952 3269 magistro-

1192 3312 1469 3385 rumque
1521 3302 1924 3383 nostrorum,
1981 3303 2114 3365 tam
2171 3295 2534 3366 secundum
2587 3317 2871 3392 corpus,
2941 3315 3137 3389 quam
3203 3292 3563 3366 secundum
3618 3295 3951 3387 spiritum.

1402 3406 1703 3477 Elevans
1754 3430 2004 3480 vocem.
2109 3408 2198 3481 Et
2265 3433 2498 3483 eorum
2563 3415 2674 3505 qui
2729 3433 2879 3481 cum
2945 3432 3068 3504 spe
3132 3429 3341 3496 vera,
3412 3418 3513 3479 et·
3548 3407 3956 3480 confidentia

1194 3519 1349 3592 fidei
1403 3544 1575 3615 quae
1626 3525 1692 3592 in
1745 3531 1811 3593 te
1867 3532 1992 3612 est,
2049 3547 2141 3595 ex
2192 3525 2319 3595 hoc
2372 3526 2618 3597 mundo
2674 3528 3129 3617 angustiarum
3184 3525 3672 3616 migraverunt,
3730 3532 3795 3593 et
3855 3544 3955 3593 ex

1194 3638 1334 3704 vita
1387 3634 1514 3706 hac
1581 3636 2002 3727 gemebunda
2069 3628 2389 3734 profecti,
2464 3639 2548 3711 ad
2616 3650 2682 3711 te
2749 3649 3226 3735 pervenerunt,
3279 3648 3576 3734 patrum,
3603 3654 3609 3661 ·
3639 3635 3954 3724 fratrum,

1193 3752 1792 3845 magistrorumque
1846 3763 2228 3826 nostrorum
2300 3755 2679 3827 recordare.
2789 3753 3125 3825 Memento
3182 3774 3447 3840 eorum,
3502 3760 3570 3821 et
3633 3752 3956 3844 suscipe,

1194 3885 1449 3957 eosque
1503 3869 1852 3959 quiescere
1898 3868 2061 3958 jube
2114 3873 2180 3940 in
2235 3874 2382 3943 sinu
2435 3869 2799 3957 Abraham,
2866 3872 2933 3939 in
3004 3865 3450 3938 tabernaculis
3521 3866 3816 3937 laetitiae
3878 3875 3954 3937 et

1197 3980 1459 4071 quietiS,
1514 3982 1581 4049 in
1636 3979 2022 4054 habitaculis
2077 3984 2335 4073 lucidis,
2390 3987 2457 4054 in
2510 3984 2754 4056 mundo
2808 3982 3256 4077 voluptatum,
3320 3986 3387 4053 in
3439 3980 3750 4052 Ecclesia
3808 3981 3956 4050 Je-

1191 4092 1505 4179 rusalem,
1561 4093 1674 4166 ubi
1727 4095 1917 4170 locus
1970 4120 2106 4169 non
2161 4109 2266 4172 est
2319 4100 2685 4188 afflictioni,
2737 4120 2956 4192 neque
3009 4101 3122 4169 via
3185 4098 3507 4169 tristitiae.
3614 4095 3749 4165 Per
3801 4099 3956 4166 mi-

1192 4207 1627 4279 sericordiam
1680 4220 1881 4300 tuam,
1934 4212 2244 4302 Domine,
2298 4218 2562 4286 veniam
2603 4221 3113 4307 consequantur,
3171 4211 3400 4284 subter
3427 4210 3570 4289 alas
3625 4220 3955 4304 aspectus

1189 4326 1283 4392 tui
1353 4321 1882 4413 abscondantur,
1953 4338 2019 4398 et
2073 4339 2353 4423 peccata
2421 4352 2651 4400 eorum
2716 4350 2853 4400 non
2918 4338 3322 4399 revocentur
3383 4330 3449 4397 in
3514 4328 3954 4397 memoriam:

1191 4438 1345 4530 quia
1399 4435 1612 4509 nullus
1670 4442 1885 4510 extitit
1936 4441 2137 4535 plane
2189 4439 2359 4513 liber
2413 4441 2495 4514 ab
2551 4441 2743 4533 hujus
2798 4442 3020 4513 mundi
3075 4440 3417 4528 sordibus,
3490 4462 3582 4512 ex
3632 4441 3954 4513 omnibus

1193 4552 1303 4642 qui
1356 4571 1561 4621 carne
1613 4550 1815 4625 induti
1883 4577 2087 4649 super
2149 4566 2395 4627 terram
2456 4560 2810 4644 vixerunt,
2877 4559 3004 4627 nisi
3069 4555 3374 4627 salvator
3439 4564 3669 4626 noster
3733 4554 3951 4628 Jesus

1192 4661 1492 4738 Christus
1547 4669 1924 4757 unigenitus
1976 4670 2183 4741 Filius
2235 4680 2416 4742 tuus:
2486 4694 2608 4766 per
2664 4694 2856 4764 quem
2915 4674 3112 4741 etiam
3180 4668 3703 4741 misericordiam
3757 4690 3952 4739 con-

1187 4782 1380 4871 sequi
1437 4801 1811 4873 speramus,
1867 4791 1933 4852 et
1985 4786 2443 4857 remissionem
2498 4797 2930 4879 peccatorum
2982 4796 3258 4880 propter
3311 4803 3501 4874 eum,
3553 4793 3685 4853 tam
3739 4782 3951 4856 nobis

1190 4914 1387 4985 quam
1443 4893 1591 4964 illis.

1399 5008 1702 5092 Quietem
1754 5021 2045 5103 praesta.
2105 5010 2194 5082 Et
2226 5033 2434 5084 onera
2466 5015 2709 5104 gravia
2765 5035 2933 5107 quae
2985 5014 3180 5087 nobis
3234 5015 3362 5108 ipsi
3411 5010 3541 5083 boc
3593 5015 3659 5082 in
3691 5014 3947 5087 mundo

1187 5122 1656 5214 imposuimus,
1727 5122 1915 5194 aufer
1975 5148 2014 5196 a
2080 5125 2458 5197 cervicibus
2526 5129 2775 5199 nostris
2829 5128 3150 5199 Domine:
3216 5136 3497 5222 peccata
3567 5136 3802 5198 nostra
3880 5138 3953 5198 et

1186 5254 1419 5305 eorum
1468 5238 1775 5328 ignosce,
1831 5237 2080 5310 dimitte
2135 5248 2202 5310 et
2253 5240 2465 5333 aufer,
2520 5251 2654 5313 tam
2708 5264 2790 5313 ea
2841 5264 3018 5337 quae
3048 5242 3448 5330 voluntarie,
3504 5263 3699 5335 quam
3762 5264 3948 5335 quae
