5150 6534
735 843 812 918 osa
922 941 925 944 ί
1303 846 1534 923 nonna

837 1032 932 1103 Alio.
993 1033 1069 1128 lpsa
1104 1056 1220 1107 manus
1260 1033 1402 1105 dextero
1445 1055 1531 1128 quae
1567 1032 1699 1105 elevata
1735 1043 1788 1106 est
1822 1055 1923 1128 super
1957 1035 2103 1128 quinque

733 1170 853 1244 panes,
880 1170 926 1218 ex
953 1147 1069 1243 quihus
1095 1151 1204 1220 satiati
1230 1157 1307 1222 sunt
1331 1149 1481 1220 homines
1509 1152 1652 1244 quinque
1677 1148 1778 1236 mille,
1805 1148 1994 1242 residuique
2018 1131 2103 1222 fue-

734 1273 811 1335 runt
842 1262 957 1335 deoem
984 1263 1127 1360 cophini,
1155 1265 1273 1337 eadem
1288 1267 1478 1360 requiescat
1505 1276 1538 1336 et
1563 1263 1688 1335 habitet
1713 1286 1815 1362 super
1840 1263 1925 1335 hanc
1951 1287 2101 1337 mensam

735 1402 909 1454 servorum
936 1391 1079 1468 tuormn,
1106 1390 1141 1452 ut
1167 1381 1397 1476 multiplicetur
1424 1392 1456 1452 et
1476 1380 1631 1468 abundet,
1658 1378 1786 1451 stabilis
1802 1390 2006 1477 p’ermaueat,
2033 1403 2102 1452 ue-

735 1519 800 1593 que
826 1495 969 1568 deficiat:
997 1518 1058 1591 per
1085 1500 1267 1569 orationem
1296 1500 1439 1569 omnium
1466 1500 1521 1592 qui
1546 1496 1741 1592 placuerunt
1766 1495 1834 1567 tilri.

837 1611 932 1681 Atto.
986 1613 1079 1684 Deus
1107 1616 1251 1684 omnium
1277 1613 1440 1684 Dominus
1473 1615 1528 1707 qui
1556 1616 1717 1686 saturavit
1742 1635 1863 1685 servos
1896 1633 1977 1685 suos
2004 1610 2103 1683 honis

737 1731 819 1817 suis,
846 1728 992 1800 dicamus
1020 1727 1305 1835 omnesgloriom
1338 1731 1461 1799 nomini
1495 1730 1579 1819 ejus,
1607 1751 1708 1822 super
1734 1751 1883 1800 mensam
1916 1731 2034 1814 istam,
2070 1737 2105 1799 et

735 1852 876 1940 propter
903 1865 964 1915 eos
992 1845 1045 1937 qui
1073 1866 1146 1916 eam
1181 1852 1489 1939 praeparaverunt,
1522 1855 1556 1915 et
1591 1867 1692 1939 super
1725 1844 1857 1917 domum
1884 1843 2104 1931 benedictam,

737 1982 783 2031 ex
810 1983 874 2055 qua
900 1959 1094 2055 productum
1121 1971 1174 2032 est
1200 1959 1264 2032 hoo
1291 1960 1497 2050 alimentum,
1533 1969 1567 2031 et
1598 1982 1660 2056 pro
1697 1964 1804 2032 anima
1841 1970 2106 2058 propterquam

737 2074 882 2148 oblatum
910 2087 981 2165 est;
1007 2076 1233 2149 misericordia
1261 2087 1295 2148 et
1319 2076 1582 2164 benedictiones,
1610 2087 1644 2147 et
1664 2079 1773 2168 gratia
1789 2077 1853 2148 Dei
1880 2079 1985 2148 nostri
2012 2074 2104 2148 ado-

736 2192 831 2263 randi
857 2197 1003 2283 veniunt,
1029 2203 1244 2287 permaneant
1271 2202 1305 2263 et
1331 2191 1547 2280 effunduntur,
1575 2202 1774 2287 spargantur
1800 2203 1834 2264 et
1859 2202 2010 2284 regnent,
2038 2215 2103 2266 eu-

736 2329 798 2403 per
832 2330 893 2379 nos
927 2318 961 2379 et
995 2329 1186 2403 supervos
1213 2332 1286 2380 oum
1321 2313 1592 2405 perseverantia,
1625 2330 1712 2379 nuno
1746 2317 1780 2380 et
1813 2331 1964 2404 semper,
1999 2320 2032 2380 et
2069 2312 2104 2379 in

737 2423 873 2495 saecula
895 2421 1133 2497 saeculorum.'

835 3358 954 3448 nit·
1003 3355 1429 3451 NESTORII
1501 3356 2102 3467 ttttnnlnn

1335 3564 1509 3647 notit.

834 3817 887 3894 Dr
909 3829 988 3891 illius
1011 3828 1186 3909 antiquitate
1210 3836 1240 3889 et
1262 3827 1381 3908 origine
1403 3825 1531 3888 diximus
1553 3826 1584 3887 in
1604 3825 1825 3889 Dissertatione
1847 3830 1981 3909 praevia.
2014 3829 2107 3892 Exti·
2155 3812 2162 3818 ’

737 3933 811 3995 tisso
841 3950 934 4012 porro
965 3932 1052 3996 istam
1080 3932 1244 4014 Liturgiam
1275 3930 1436 4010 antiquitus
1464 3928 1544 4010 opud
1573 3929 1786 4010 Nestorianos,
1825 3939 1947 4011 praeter
1982 3934 2106 3997 codices

737 4031 976 4112 manuscriptos,
1006 4039 1153 4121 testantur
1182 4037 1305 4093 autores
1336 4028 1420 4110 Syri,
1450 4037 1539 4109 atque
1570 4029 1648 4090 inter
1671 4047 1725 4090 eos
1748 4029 1939 4112 llebodjesu,
1964 4032 2015 4111 qui
2038 4049 2106 4092 eam

737 4138 894 4208 recenset,
924 4138 957 4193 ut
987 4133 1075 4194 etium
1096 4129 1284 4193 Eehollensis
1308 4129 1373 4210 ejus
1396 4129 1537 4190 meminit.
1581 4127 1658 4190 Nota
1682 4147 1803 4210 quoque
1825 4129 1976 4193 Lusitanis
1999 4130 2108 4192 Diam-

737 4230 917 4311 perensibus
940 4229 1005 4307 luit,
1028 4230 1129 4311 quiin
1153 4228 1292 4310 synodali
1311 4228 1442 4290 Decreto
1463 4246 1531 4292 eam
1554 4228 1694 4307 usurpari
1709 4228 1934 4308 prohibuerunt.
1958 4229 2108 4291 Advenae

739 4327 920 4407 orientales,
944 4330 995 4410 qui
1017 4331 1090 4391 satis
1112 4329 1211 4391 sciunt
1233 4335 1344 4409 quanta
1361 4324 1645 4389 interOrtlrodoxos
1672 4334 1702 4388 et
1718 4326 1870 4391 Jacobitas
1893 4347 2003 4391 nomen
2025 4327 2108 4391 istud

737 4427 856 4491 laboret
878 4427 1011 4503 infamia,
1036 4428 1138 4490 delere
1161 4426 1234 4489 illud
1257 4446 1298 4488 ex
1319 4425 1403 4488 libris
1425 4425 1488 4488 suis
1511 4425 1620 4500 solent,
1643 4425 1722 4505 quod
1746 4428 1775 4488 in
1798 4445 1854 4489 suo
1875 4427 1957 4490 Elias
1979 4426 2108 4504 iecerat,

738 4534 772 4589 ut
792 4527 825 4588 in
845 4524 970 4590 Joannis
993 4525 1231 4589 transformaret.
1276 4523 1383 4588 Codex
1414 4523 1540 4604 losephi
1562 4524 1753 4587 Patriarchoe
1788 4527 1905 4589 titolum
1934 4527 2022 4589 alium
2045 4542 2109 4586 nou

737 4624 829 4689 habet
841 4627 899 4690 nisi
913 4627 1020 4690 tertiae
1037 4625 1202 4708 Liturgiae.
1232 4624 1444 4687 decentiorem
1457 4623 1535 4685 illum
1549 4641 1620 4686 esse
1642 4623 1756 4686 duabus
1772 4624 1847 4702 aliis,
1864 4627 1922 4706 ipsi
1936 4625 2109 4688 Nestoriani

738 4731 924 4806 agnoscunt,
954 4743 1020 4786 cum
1049 4725 1114 4806 ejus
1144 4742 1217 4787 usus
1247 4722 1410 4784 eommunis
1440 4740 1501 4784 non
1523 4723 1575 4812 sit,
1599 4722 1654 4784 sed
1678 4723 1769 4784 certis
1794 4724 1899 4787 diebus
1921 4725 2107 4807 assignatus,

736 4832 770 4885 ut
792 4832 912 4887 notatur
933 4824 963 4884 in
987 4823 1080 4887 titulo.
1127 4822 1205 4885 Usus
1229 4822 1418 4902 quotidianos
1443 4829 1525 4882 cortu
1549 4822 1731 4900 antiquitatis
1755 4823 1869 4903 primae
1892 4830 1963 4884 nota
1987 4829 2051 4899 est,
2075 4828 2110 4883 ut

737 4940 778 4982 ex
807 4922 931 4984 aliarum
960 4921 1165 4985 Ecclesiarum
1196 4921 1341 5001 exemplis
1371 4926 1462 5000 patet.
1507 4918 1550 4981 lta
1583 4921 1694 5000 quippe
1723 4921 1828 4983 Jacobi
1857 4920 1994 5002 Liturgia
2026 4919 2108 5000 apud

739 5020 832 5102 Syros
855 5020 930 5083 alios
960 5022 1123 5102 praecipua
1156 5029 1299 5083 censetur
1329 5027 1359 5082 et
1382 5020 1598 5098 vetustissima,
1627 5021 1696 5098 quia
1718 5021 1852 5101 reliquae
1876 5022 1913 5082 ab
1936 5041 1972 5082 eu
1997 5037 2107 5099 preces

736 5119 861 5194 multas,
891 5128 922 5181 et
951 5138 1136 5184 communem
1166 5120 1253 5183 ollrcii
1276 5119 1399 5181 formam
1423 5120 1581 5199 accipiunt.
1626 5118 1680 5181 llla
1701 5121 1818 5182 ratione
1839 5120 2004 5202 liturgiam
2028 5137 2107 5198 quae

737 5218 955 5299 Apostolorum
985 5220 1094 5282 dicitur
1126 5220 1205 5300 apud
1231 5219 1429 5283 Nestorianos
1457 5220 1582 5300 primam
1612 5225 1643 5280 et
1666 5220 1863 5299 antiquiorem
1886 5238 1955 5284 esse
1977 5224 2109 5293 oonstat,

736 5318 802 5379 sivo
823 5319 912 5379 ritum
935 5326 1070 5383 veterem
1091 5319 1295 5382 Ecclesiarum
1317 5318 1553 5408 Mesopotamiae
1575 5325 1799 5398 repraesentat,
1823 5320 1903 5401 quod
1925 5319 1998 5381 satis
2021 5317 2109 5380 ueri·
2204 5361 2206 5364 .
