5150 6534
584 816 659 899 162
966 821 1095 903 lllil'lll
1120 824 1162 903 Ill
1191 825 1401 904 mutuet!
1424 825 1535 905 Pb'l'lll
1557 826 1595 905 ll.
1678 944 1687 959 ν

580 1001 2018 1093 muniquodprooobisfruiqiturinremissionempeccstmumconffltmw'

576 1104 690 1186 junctis
712 1107 886 1187 postremis,
911 1124 980 1170 cnm
1001 1106 1139 1187 Accipite
1164 1117 1196 1172 et
1215 1111 1381 1185 comedite,
1410 1111 1575 1173 orationem
1601 1110 1757 1187 enecarit,
1785 1111 1838 1193 qui
1861 1128 1956 1175 error

511 1258 522 1269 ,
580 1203 717 1285 reliquos
739 1205 862 1268 codices
884 1207 1069 1286 pervaserit:
1092 1205 1123 1268 id
1145 1209 1259 1290 quippe
1281 1207 1371 1271 focile
1393 1208 1534 1272 accidere
1555 1216 1690 1290 poterat,
1713 1209 1793 1271 iuter
1813 1205 1955 1270 homines

580 1317 642 1362 non
665 1299 852 1384 Theologise
875 1302 976 1383 modo,
999 1304 1054 1367 sed
1077 1306 1172 1385 ipsius
1202 1304 1324 1388 linguon
1353 1307 1521 1389 imperitos.
1566 1306 1778 1390 coniecturum
1799 1304 1878 1369 lianc
1898 1305 1957 1369 ir·

581 1416 664 1460 mare
686 1409 825 1479 possunt,
848 1403 970 1465 codices
992 1419 1054 1465 non
1068 1403 1188 1485 quidem
1203 1405 1292 1469 valde
1304 1404 1430 1487 antiqui,
1452 1404 1508 1468 sed
1523 1406 1709 1489 opudSyros
1731 1406 1816 1487 ipsos
1835 1402 1956 1485 scripti,

583 1514 642 1557 nec
664 1498 814 1560 emendati
835 1518 853 1562 a
875 1499 1074 1567 Missionariis
1095 1510 1127 1565 et
1145 1504 1353 1579 censoribus,
1382 1522 1450 1567 com
1472 1506 1594 1568 nomios
1620 1505 1842 1569 baereticorum
1874 1502 1957 1566 inter

582 1597 704 1657 sanctos
725 1597 870 1678 referent,
893 1608 924 1662 et
946 1601 1004 1662 ulia
1027 1602 1200 1664 contineant
1230 1621 1293 1665 non
1313 1621 1422 1685 pauca,
1445 1621 1523 1685 quae
1546 1602 1711 1668 Cstbolicis
1739 1602 1864 1683 probuti
1892 1618 1955 1665 nos

582 1695 709 1773 possint.
755 1694 875 1759 litorum
893 1699 1037 1779 judicium
1059 1702 1085 1762 si
1107 1700 1168 1762 tale
1190 1699 1308 1780 luisset,
1331 1702 1420 1784 quale
1442 1705 1615 1784 suspicatus
1637 1710 1685 1766 est
1705 1701 1835 1766 llsndini
1855 1701 1956 1765 inter-

581 1808 665 1871 pres,
689 1792 727 1854 de
750 1795 886 1874 ejusdem
909 1797 970 1861 loci
993 1797 1203 1861 emendatione
1232 1817 1339 1880 purum
1361 1798 1490 1864 luissent
1511 1801 1642 1865 solliciti.
1684 1799 1747 1863 lmo
1775 1817 1869 1863 unm
1895 1801 1955 1864 bs·

580 1888 698 1952 buimus
720 1909 781 1956 nou
805 1894 922 1958 infimae
952 1898 1110 1959 vetustatis
1138 1898 1168 1959 io
1195 1916 1255 1979 quo
1285 1899 1382 1962 verba
1410 1897 1459 1962 ills
1487 1900 1676 1975 reseruntur,
1705 1893 1954 1982 muschedus:

581 1986 632 2049 illa
655 1990 852 2055 inversione
874 1996 1092 2075 expressimus.
1138 1995 1279 2059 intactam
1308 2000 1339 2061 in
1368 1998 1434 2061 aliis
1459 1997 1614 2062 codicibus
1636 1998 1821 2062 remansisse
1842 2015 1884 2062 eo
1904 1996 1954 2061 ia·

582 2087 668 2151 cilius
691 2088 756 2166 luit,
779 2092 862 2171 quod
884 2093 983 2156 rarior
1005 2094 1091 2156 istius
1114 2092 1270 2176 liturgiae
1291 2114 1365 2159 usus
1389 2105 1447 2161 est.

980 2385 1015 2457 3.
1055 2387 1234 2459 Inuocotio
1260 2387 1413 2482 Spiritus
1437 2392 1559 2460 eoacti.

678 2588 710 2668 F
711 2618 831 2665 ossone
858 2601 934 2667 baec
964 2614 996 2667 ut
1019 2624 1086 2670 eom
1113 2609 1363 2689 interpretatione
1392 2614 1497 2672 nostra
1527 2606 1750 2687 expressimus,
1779 2605 1895 2690 legitur
1922 2605 1954 2669 is

582 2701 745 2766 codicibus
767 2705 904 2769 omuibus
926 2706 999 2771 blss.
1023 2726 1150 2791 quorum
1174 2711 1273 2774 nullus
1297 2728 1373 2788 eam,
1395 2717 1487 2793 prout
1508 2710 1539 2771 in
1561 2708 1693 2774 editione
1715 2707 1849 2773 Romans
1870 2705 1955 2793 legi-

581 2810 641 2882 tur,
665 2812 892 2885 repraesentet:
921 2823 1031 2889 nempe
1061 2815 1093 2871 ut
1115 2809 1263 2873 adventus
1291 2817 1322 2873 et
1351 2808 1475 2890 illapsus
1506 2807 1635 2890 Spiritus
1668 2807 1765 2871 sancti
1792 2804 1955 2871 adsaloni

581 2900 710 2965 fructum
738 2905 945 2986 perceptionis
974 2906 1181 2972 Eucharistiae
1211 2911 1371 2991 pertineat.
1430 2906 1516 2983 Quos
1543 2906 1582 2969 de
1612 2905 1833 2990 significatione
1860 2904 1955 2988 ipdu

583 3000 737 3064 Orationis
760 3002 819 3065 dici
841 3002 952 3083 solent,
975 3022 1012 3067 ea
1042 3025 1110 3068 cum
1139 3006 1236 3071 insius
1264 3009 1295 3069 in
1317 3006 1397 3072 uotis
1420 3004 1458 3067 sd
1480 3005 1631 3088 liturgias
1657 3004 1759 3069 Busilii
1787 3002 1955 3087 copticum,

583 3106 613 3161 et
636 3098 790 3181 Syriacam
811 3100 919 3166 Jacobi
941 3106 1185 3185 exposuerimus,
1207 3123 1360 3187 reponere
1388 3121 1518 3167 necesse
1544 3121 1606 3167 uon
1633 3108 1691 3166 est.
1739 3099 1830 3175 Quod
1857 3108 1957 3167 msa·

582 3198 769 3277 paucissimis
791 3200 894 3263 verbis
916 3200 1069 3268 invocatio
1092 3206 1123 3267 in
1152 3205 1209 3267 bac
1231 3204 1368 3287 liturgia
1390 3209 1525 3280 constet,
1557 3219 1625 3264 cum
1646 3202 1678 3265 in
1699 3200 1856 3282 plerisque
1878 3200 1957 3277 eliis,

582 3297 711 3359 mamone
732 3301 912 3364 recentioris
935 3301 1014 3380 sevi,
1037 3302 1129 3386 longe
1160 3301 1297 3383 pluribus
1319 3300 1448 3382 exprimi
1470 3299 1578 3376 soleat,
1599 3298 1798 3382 simplicitatis
1820 3305 1854 3363 st
1875 3299 1957 3363 snti-

583 3394 704 3474 quitstis
727 3405 935 3480 argumentum
958 3408 1015 3479 est,
1038 3399 1168 3463 fortasse
1190 3417 1251 3463 uou
1275 3396 1534 3464 contemnendum.

846 3649 862 3666 ⁸
897 3692 932 3762 r.
959 3693 1127 3764 Memento
1154 3692 1301 3764 omum
1328 3692 1460 3787 nequa
1483 3689 1643 3782 metum.

698 3894 792 3972 locun
815 3926 936 3989 quoque
959 3909 1100 3974 indicium
1130 3920 1188 3990 est,
1211 3912 1282 3974 licet
1314 3929 1375 3973 non
1409 3909 1498 3992 plane
1528 3915 1642 3971 certum
1671 3902 1857 3984 vetustatis·
1878 3923 1958 3989 quse

472 4020 474 4024 ·
585 4006 822 4072 Christianorum
844 4011 1061 4091 bnperatorum
1085 4013 1268 4095 temporibus
1291 4011 1425 4095 aequalis
1447 4012 1496 4075 sit.
1540 4010 1653 4092 Neque
1670 4017 1741 4072 tono
1763 4007 1852 4071 sliter
1873 4008 1959 4073 orari

584 4112 704 4185 poterat
728 4115 778 4169 out
801 4107 930 4171 debebat
951 4128 1009 4190 pro
1032 4110 1090 4174 illis
1113 4113 1299 4193 principibus
1327 4112 1379 4192 qui
1401 4110 1599 4174 Christianam
1626 4106 1806 4190 religionem
1827 4104 1960 4188 profite-

583 4203 703 4269 buntur.
747 4205 888 4293 Attamen
911 4211 1056 4272 remansit
1079 4210 1109 4271 in
1132 4210 1233 4273 multis
1256 4210 1477 4274 recentioribus
1497 4207 1642 4291 liturgiis
1666 4208 1787 4287 untiqua
1809 4205 1868 4269 ists
1890 4203 1961 4270 ior·

584 4302 679 4378 mula,
715 4323 755 4365 ex
792 4306 1008 4370 consuetudine
1040 4317 1158 4371 vetusta
1194 4311 1294 4390 potius
1322 4328 1410 4390 quum
1439 4328 1480 4370 ex
1508 4305 1586 4369 molo
1616 4303 1758 4385 consilio,
1789 4304 1873 4386 quod
1901 4301 1960 4370 seb

583 4398 726 4464 barbaris
749 4403 875 4466 dominis
899 4406 1065 4470 consultori
1087 4408 1250 4487 pessimum
1271 4427 1342 4471 esse
1364 4408 1521 4488 potuisset.

672 4500 799 4581 Reliqua
820 4503 893 4565 nibil
915 4504 1025 4567 babent
1049 4504 1254 4585 obscuritatis,
1288 4514 1339 4568 aut
1362 4506 1496 4589 indigent
1524 4521 1605 4568 novo
1636 4500 1860 4567 Commentario
1889 4518 1963 4567 cun

585 4595 733 4678 ploraque
756 4601 906 4681 explicato
929 4603 988 4665 sint
1012 4603 1049 4666 ad
1071 4603 1178 4666 Jacobi
1200 4604 1373 4688 liturgiam.

975 4953 1565 5009 ψ
