5150 6534
876 890 1013 965 msnu
1039 889 1086 963 rr
1114 888 1297 965 rnnsroun
1323 889 1498 964 luorum
1524 847 1639 967 unsri.
1865 890 1940 963 545

570 1071 694 1169 tibique
729 1078 763 1146 in
796 1073 979 1148 substantia
1014 1073 1160 1170 aequali,
1193 1097 1280 1147 nunc
1314 1085 1348 1146 et
1382 1098 1533 1171 semper,
1569 1087 1602 1147 et
1628 1080 1661 1148 in
1694 1079 1828 1150 saecula
1856 1102 1941 1150 sae-

571 1190 729 1262 culorum.

674 1305 835 1398 Populus.
888 1306 1009 1377 Arnen.
1099 1394 1101 1399 ⁴

621 1492 629 1498 ,
673 1421 861 1491 Diaconos.
915 1421 1062 1493 Stemus*
1076 1420 1247 1508 decenter,
1276 1430 1401 1495 stemus
1433 1433 1648 1514 reverenter,
1682 1428 1861 1518 intentique
1888 1428 1942 1500 si-

569 1557 659 1624 mus,
688 1536 764 1607 dum
790 1535 873 1608 haec
898 1536 1081 1632 Anaplrora
1110 1561 1183 1608 cum
1211 1559 1295 1633 pace
1321 1541 1500 1632 peragitur.
1623 1566 1628 1574 Χ

672 1652 833 1744 Populos.
887 1652 1152 1724 Misericordiam
1179 1662 1213 1723 et
1240 1675 1379 1747 pacem,
1407 1676 1447 1724 ac
1475 1654 1670 1726 sacrificium
1703 1664 1735 1726 el
1762 1662 1941 1757 gratiarum

569 1770 744 1838 actionem.

673 1881 859 1954 Sacerdos.
914 1883 1045 1956 Caritas
1072 1885 1137 1955 Dei
1160 1886 1281 1975 Patris,
1308 1888 1417 1976 gratia
1432 1885 1567 1956 Domini
1584 1890 1690 1958 nostri
1712 1887 1793 1961 Jesu
1820 1886 1942 1960 Christi

569 2020 609 2068 ac
636 2001 888 2071 communicatio
917 2003 1021 2070 sancti
1050 1996 1191 2095 Spiritus
1220 2004 1263 2072 sit
1291 2023 1364 2072 cnm
1392 2001 1545 2072 omnibus
1573 2001 1681 2074 vobis.

671 2114 832 2207 Populos.
885 2113 929 2184 Et
956 2138 1031 2185 cum
1058 2118 1173 2210 spiritu
1200 2126 1267 2187 tuo.

673 2228 858 2300 Sacerdos.
913 2229 1051 2302 Sursum
1080 2234 1145 2300 sint
1172 2241 1311 2331 mentes.

671 2343 833 2437 Populos.
887 2346 971 2415 Sunt
999 2345 1040 2417 ad
1067 2346 1254 2416 Dominum.

671 2458 857 2531 Sacerdos.
912 2458 1042 2532 Gratias
1071 2484 1209 2552 agamus
1237 2462 1382 2533 Domino
1410 2469 1620 2532 reverenter.

671 2576 832 2666 Populus.
886 2575 1032 2667 Dignum
1060 2586 1093 2646 et
1116 2578 1238 2666 justum
1270 2588 1331 2648 est.

671 2688 848 2761 Sacerdos
865 2692 1057 2761 inclinatius.
1084 2693 1228 2763 Domine
1244 2692 1338 2763 Deus
1353 2693 1575 2785 omnipotens,
1590 2690 1772 2779 adorande,
1801 2718 1942 2790 aequum

569 2816 660 2877 certe
688 2815 722 2876 et
745 2808 869 2896 justum
897 2818 965 2894 est,
992 2811 1216 2901 convenitque
1232 2809 1398 2899 majestati
1419 2810 1601 2880 sanctitatis
1626 2817 1714 2896 tuae,
1741 2819 1777 2880 ut
1803 2820 1836 2882 te
1863 2813 1942 2884 lau-

569 2920 702 3009 demus,
730 2930 763 2991 te
791 2920 1016 3009 celebremus,
1045 2922 1102 2994 tibi
1129 2927 1255 3013 gratias
1284 2945 1442 3014 agamnS,
1469 2932 1557 2994 tuam
1584 2922 1727 3014 gloriam
1758 2926 1942 3020 praedice-

568 3058 660 3125 muS,
688 3035 745 3107 tibi
773 3059 858 3108 vero
886 3036 960 3109 Deo
989 3037 1165 3109 olleramus
1193 3038 1296 3110 corde
1323 3041 1464 3110 contrito
1493 3049 1526 3110 et
1558 3041 1672 3133 spiritu
1705 3039 1835 3129 humili,
1865 3041 1942 3114 iru-

569 3162 641 3223 ctus
668 3151 873 3245 spirituales,
908 3153 1103 3224 sacrificium
1136 3153 1261 3242 laudis,
1299 3154 1420 3225 cultum
1453 3152 1701 3241 rationabilem,
1738 3159 1813 3250 quia
1847 3168 1881 3227 tu
1912 3159 1941 3229 is

570 3290 624 3358 ee,
652 3271 706 3361 qui
734 3267 864 3338 donasti
897 3267 994 3339 nobis
1028 3271 1255 3358 cognitionem
1288 3271 1440 3340 veritatis
1475 3279 1561 3339 tuae.
1615 3268 1685 3340 Sed
1721 3275 1793 3362 quis
1829 3273 1943 3343 valent

570 3381 680 3477 eloqui
707 3387 887 3478 potentiam
915 3396 1018 3472 tuam,
1046 3392 1101 3453 aut
1128 3383 1302 3455 celebrare
1321 3407 1436 3457 omnes
1455 3384 1571 3456 laudes
1592 3395 1679 3471 tuas,
1700 3367 1763 3455 'trel
1783 3409 1942 3459 enarrare

570 3495 731 3568 mirabilia
768 3510 977 3593 operatua,
1018 3503 1072 3593 qui
1107 3522 1218 3570 rerum
1253 3503 1395 3572 omnium
1432 3500 1562 3572 obtines
1598 3503 1787 3594 imperium,
1821 3506 1942 3598 quique

571 3613 658 3685 coeli
685 3625 720 3685 et
746 3625 857 3686 terrae
890 3618 1065 3709 omnisque
1091 3626 1266 3687 creaturae
1302 3625 1336 3685 et
1373 3614 1583 3710 aspectabilis
1611 3624 1645 3684 et
1679 3637 1746 3685 non
1780 3630 1941 3713 aspecta-

570 3724 645 3800 bilis
673 3751 711 3801 es
738 3730 915 3803 Dominus:
943 3735 998 3824 qui
1025 3731 1124 3802 sedes
1152 3754 1253 3826 super
1279 3730 1398 3803 solium
1425 3732 1607 3823 majestatis
1636 3740 1729 3818 tuae,
1758 3742 1856 3826 atque
1883 3737 1941 3804 in-

571 3848 673 3916 tueris
715 3843 893 3941 abyssum:
929 3850 1092 3941 principio
1128 3870 1266 3934 carens,
1301 3868 1368 3918 non
1402 3848 1479 3917 visu
1514 3867 1582 3916 non
1617 3867 1718 3918 sensu
1754 3846 1841 3934 alio,
1875 3870 1942 3920 non

512 3953 517 3959 ’
570 3957 637 4031 ullo
666 3959 807 4054 denique
833 3960 934 4032 modo
962 3961 1286 4056 comprehensibilis:
1316 3964 1371 4055 qui
1398 3982 1435 4031 es
1462 3961 1563 4031 Pater
1586 3961 1720 4032 Domini
1739 3967 1844 4033 nostri
1859 3964 1943 4035 Jesu

572 4073 693 4147 Christi
720 4078 831 4168 magni
857 4077 922 4147 Dei
948 4076 1158 4148 Redemtoris
1187 4087 1221 4147 et
1246 4078 1379 4148 Domini
1407 4079 1530 4163 nostri,
1558 4078 1612 4169 qui
1640 4085 1692 4148 est
1724 4079 1835 4168 imago
1871 4076 1942 4150 bn-

569 4193 679 4262 nitatis
708 4202 804 4281 tuae,
831 4202 864 4262 et
890 4191 996 4263 forma
1024 4191 1154 4286 aequali
1182 4192 1340 4283 sigillum,
1369 4178 1434 4285 quo
1463 4201 1495 4261 te
1519 4201 1766 4286 repraesentat:
1793 4191 1942 4264 Verbum

570 4315 679 4392 tuum,
706 4306 799 4377 Deus
825 4330 947 4379 verus:
976 4310 1136 4402 sapientia
1165 4330 1250 4400 quae
1277 4306 1338 4377 luit
1365 4315 1440 4378 ante
1467 4306 1621 4402 saecula:
1648 4309 1737 4394 vita,
1771 4311 1942 4398 sanctitas,

569 4423 675 4493 virtus
703 4445 743 4492 ac
770 4421 880 4494 lumen
906 4445 1042 4511 verum,
1070 4421 1157 4517 quod
1184 4421 1351 4494 revelavit
1383 4421 1481 4493 nobis
1514 4424 1664 4516 spiritum
1697 4421 1785 4492 illum
1818 4420 1942 4493 bonum

570 4547 604 4607 et
630 4548 794 4611 sanctum:
822 4541 970 4632 spiritum
998 4541 1164 4624 veritatiS,
1193 4547 1227 4608 et
1253 4536 1440 4631 adoptionis
1467 4539 1612 4631 piorum,
1641 4538 1789 4630 spiritum
1810 4538 1942 4631 princi-

569 4653 697 4746 palem:
725 4651 946 4724 arrhnbonem
972 4653 1102 4727 futurae
1129 4652 1359 4741 haereditatio,
1386 4654 1546 4747 primitias
1582 4650 1744 4721 bonorum
1778 4662 1941 4722 aeterno-

484 4775 486 4778 ’
569 4789 659 4839 rum:
687 4773 841 4840 virtutem
875 4772 966 4840 vitae
1001 4768 1220 4854 ellectricem,
1256 4767 1382 4841 iontem
1417 4771 1616 4852 sanctitatis,
1654 4788 1699 4836 ex
1733 4789 1798 4861 quo
1836 4770 1942 4837 omnis

570 4894 724 4960 creatura
751 4907 837 4980 quae
870 4888 999 4956 ratione
1025 4883 1175 4980 praedita
1213 4892 1282 4973 est,
1316 4893 1350 4956 et
1382 4905 1468 4977 quae
1495 4882 1662 4953 intellectu
1689 4879 1820 4974 pollens
1857 4902 1942 4951 cor-

569 5021 654 5092 pore
680 5010 798 5087 vacat,
835 4999 1038 5071 sanctificata
1073 5008 1172 5093 atque
1207 4998 1405 5089 illuminata,
1438 4996 1496 5069 tibi
1528 4995 1678 5082 laudem,
1712 4995 1941 5090 praedicatio·

569 5135 712 5210 nemque
739 5126 933 5210 perpetuam
960 5114 1090 5205 gloriae
1118 5112 1222 5185 oliert.

673 5231 742 5300 Hic
768 5229 914 5300 :custodit
938 5251 1055 5299 nocem
1081 5228 1267 5302 Sacerdos.
1319 5228 1370 5299 Te
1398 5227 1538 5299 adorant
1562 5225 1687 5318 Angeli
1717 5236 1751 5297 et
1780 5224 1941 5297 Archan-

570 5342 655 5434 geli,
683 5354 716 5416 te
742 5345 874 5418 landant
906 5342 1031 5416 Throni
1067 5355 1100 5416 et
1131 5345 1407 5435 Dominationes,
1440 5351 1475 5414 te
1506 5340 1702 5438 praedicant
1733 5340 1941 5438 Principntus
