5150 6534
594 820 672 898 2¹12
1163 820 1442 898 totns,

594 1012 697 1070 rectae
723 1003 793 1066 lidei
820 1022 907 1086 quam
937 1004 1055 1067 liarnta
1085 1004 1282 1085 profitebatur
1308 1003 1391 1067 illam
1418 1005 1584 1069 convenire
1611 1002 1800 1069 mandestum
1829 1011 1897 1083 est,
1930 1010 1964 1069 et

594 1105 662 1185 ejus
683 1102 821 1168 saeculo:
843 1122 944 1184 neque
966 1102 1005 1166 de
1025 1104 1104 1167 illius
1120 1106 1299 1185 xantiquitate
1321 1112 1353 1167 et
1375 1106 1535 1168 autoritate
1556 1104 1762 1168 dnliitandunn
1812 1102 1899 1168 llaec
1921 1101 1964 1168 de

593 1205 710 1267 llaruta
730 1202 836 1282 iunias,
859 1202 939 1283 quod
962 1202 1052 1266 obvia
1073 1218 1134 1265 non
1155 1212 1235 1281 sant,
1259 1211 1291 1266 et
1312 1202 1350 1265 ad
1372 1202 1577 1267 illustrandam
1595 1210 1715 1285 partem
1724 1202 1868 1266 istoriae
1882 1220 1964 1285 quae

592 1300 675 1364 illum
696 1309 825 1382 spectat,
848 1319 962 1365 summe
983 1303 1165 1366 necessaria.
1210 1303 1339 1365 Possent
1359 1304 1439 1365 enim
1460 1304 1511 1384 qui
1533 1303 1660 1385 Syriaco
1680 1302 1794 1381 scium,
1824 1300 1964 1386 legendo

592 1399 759 1482 liturgiam
780 1408 813 1463 ιιι
834 1400 947 1464 Romae
969 1399 1049 1463 edita
1071 1408 1127 1479 est,
1155 1400 1244 1463 alium
1271 1400 1429 1483 quomam
1451 1402 1598 1465 llarntam
1620 1418 1787 1483 quaerere,
1816 1401 1869 1482 qai
1893 1418 1963 1464 cun

594 1499 770 1579 Philoxeno,
792 1501 918 1580 iacebo,
941 1501 1082 1564 Anthimo
1103 1508 1135 1562 et
1156 1501 1222 1564 aliis
1245 1500 1325 1563 idern
1347 1501 1490 1580 senserit,
1512 1518 1582 1563 nam
1603 1502 1681 1564 inter
1703 1517 1759 1563 eas
1780 1499 1963 1575 collocatur,

595 1598 683 1659 etiam
705 1617 772 1662 cum
793 1599 929 1679 llarone,
952 1601 984 1663 in
1005 1599 1181 1680 quibusdam
1200 1598 1433 1680 exemplaribus.
1453 1600 1499 1663 lta
1521 1601 1573 1681 qni
1594 1599 1756 1663 editionem
1776 1604 1965 1663 enaverat
2060 1599 2064 1606 '

595 1705 732 1760 sanctum
753 1697 835 1762 illum
853 1717 949 1768 ,suum
970 1698 1115 1761 Jacobitis
1145 1700 1381 1780 conjunxerunt,
1413 1699 1561 1780 aquibus
1587 1706 1686 1761 tamen
1715 1715 1776 1762 non
1803 1698 1965 1780 recipitur,

594 1796 650 1859 sed
671 1805 704 1860 ut
725 1797 987 1861 llonotlrelitarum
1007 1799 1150 1879 princepe
1171 1798 1316 1879 rejicitur.

809 2088 843 2158 2.
882 2086 1013 2159 Partem
1035 2094 1273 2182 fermentatum
1299 2090 1435 2181 accepit
1459 2090 1496 2157 ia
1521 2108 1638 2158 mam
1663 2108 1752 2159 saur.

706 2277 782 2355 lura
809 2288 919 2372 legitur
948 2291 979 2352 in
1007 2290 1184 2372 quibusdam
1210 2289 1355 2374 liturgiis
1386 2289 1535 2371 Syriacis,
1564 2295 1596 2350 nt
1625 2288 1733 2370 Ignatii
1763 2286 1964 2352 Patriarcltae

593 2392 775 2456 Antiocheni
805 2391 857 2454 lilii
886 2392 1008 2455 Walrib:
1041 2393 1186 2474 quaedam
1218 2392 1329 2456 habent
1356 2413 1464 2473 ponem
1484 2392 1668 2472 perfectura,
1697 2392 1776 2474 quod
1798 2391 1882 2454 ite-
1903 2399 1965 2470 est,

592 2511 671 2573 quae
691 2490 787 2553 verba
808 2491 947 2554 novitatis
970 2500 1020 2554 aut
1041 2492 1279 2573 interpolationis
1292 2501 1392 2555 notam
1407 2491 1592 2573 praeierunt.
1622 2491 1697 2553 Nam
1710 2490 1847 2554 llarntae
1859 2496 1965 2553 aetate

594 2590 633 2653 dc
655 2591 771 2671 azymo
794 2599 825 2654 et
846 2591 1037 2653 Fermentato
1060 2591 1266 2653 controversia
1289 2588 1371 2652 nulla
1394 2597 1468 2653 erat.

624 2884 659 2954 3.
695 2885 868 2977 Accipite,
886 2884 1100 2973 manducate,
1127 2885 1269 2974 credite,
1287 2887 1376 2955 certi
1394 2887 1512 2970 estote,
1529 2882 1735 2975 praedicate
1753 2886 1788 2952 et
1803 2881 1938 2953 docete.

712 3074 847 3152 lenonum
870 3088 1033 3149 verborum
1055 3086 1244 3168 adjunctione
1268 3086 1419 3168 corrunrpi
1441 3104 1529 3149 sacra
1550 3084 1643 3147 verba
1664 3083 1801 3148 Christus
1822 3101 1968 3165 pronun-

594 3192 692 3266 ciavit,
715 3197 746 3252 et
768 3208 845 3271 quae
868 3191 904 3252 ad
929 3190 1188 3253 consecrationem
1204 3188 1417 3270 perficiendam
1430 3190 1557 3251 maxime
1573 3188 1736 3268 pertinent,
1758 3202 1848 3249 nemo
1871 3186 1967 3253 facile

594 3290 787 3352 existimabit:
809 3292 945 3371 quamvis
968 3310 1008 3352 ex
1029 3289 1161 3355 Romana
1184 3290 1315 3353 editione
1337 3287 1455 3352 sublata
1478 3288 1546 3350 sint.
1582 3287 1793 3349 Verumtamen
1809 3286 1967 3364 eximiam,

594 3396 625 3449 et
649 3405 706 3468 qua
730 3390 825 3472 magis
848 3391 1009 3471 perspicua
1031 3407 1102 3452 esse
1124 3389 1203 3451 nulla
1226 3396 1342 3469 potest,
1367 3389 1521 3450 continent
1543 3386 1682 3467 adjuncta
1704 3384 1753 3448 illa
1775 3385 1871 3448 verba
1894 3384 1970 3449 ndei

595 3487 632 3549 de
655 3487 844 3550 Eucharistia
867 3487 1105 3565 contessionem5
1133 3487 1249 3550 scilicet
1278 3495 1311 3549 ut
1334 3486 1454 3549 Christo
1484 3488 1552 3566 ipso
1575 3485 1700 3548 doctore
1723 3492 1754 3547 et
1775 3486 1966 3565 interprete,

594 3586 735 3648 credatur
756 3587 880 3648 firmiter
902 3595 933 3649 ot
954 3588 1161 3668 praedicetur,
1191 3604 1300 3668 panem
1328 3594 1359 3648 et
1389 3586 1530 3662 calicem,
1560 3603 1630 3648 esse
1659 3586 1757 3664 ipsum
1785 3600 1900 3664 carpus
1933 3590 1968 3645 ct

594 3686 770 3766 sanguinem
793 3687 872 3767 eJus:
896 3705 1008 3767 corpus
1031 3695 1128 3749 autem
1152 3686 1231 3767 quod
1252 3686 1420 3767 frangitur,
1443 3684 1509 3762 vel,
1533 3691 1565 3745 ut
1587 3684 1676 3746 habet
1699 3682 1756 3745 alia
1777 3681 1881 3760 lectio,
1903 3700 1969 3743 aa·

595 3784 749 3861 crificatar
771 3794 801 3846 et
822 3787 1006 3847 immolatur:
1029 3786 1108 3867 quod
1132 3793 1164 3847 ιιι
1186 3787 1215 3846 in
1237 3784 1322 3868 liguo
1346 3786 1445 3846 crucis
1467 3782 1576 3845 factum
1599 3791 1663 3859 est,
1687 3783 1718 3843 in
1739 3781 1825 3844 altari
1847 3782 1969 3862 pariter

594 3882 642 3943 fit:
673 3883 818 3964 simulque
849 3891 1030 3965 agnoscatur
1059 3885 1223 3947 doctrinam
1254 3887 1340 3947 istam
1373 3892 1404 3946 et
1435 3883 1572 3945 sacrificii
1606 3879 1791 3961 disciplinam
1825 3879 1864 3942 alt
1893 3881 1966 3962 ipso

597 3978 715 4043 Christo
738 4001 793 4063 per
815 3981 991 4063 Apostolos,
1014 3984 1051 4045 ad
1072 3984 1238 4046 Ecclesiam
1261 3984 1449 4064 pervenisse.

990 4279 1024 4346 l.
1065 4277 1241 4348 lcoocatio
1269 4277 1421 4369 Spiritus
1445 4278 1566 4344 annoti.

705 4467 802 4544 lanan
826 4479 990 4541 orationem
1015 4481 1219 4559 expressimus
1242 4479 1407 4542 secundum
1430 4485 1599 4539 accuratam
1607 4474 1751 4539 Codicum
1764 4475 1837 4547 llss.
1853 4475 1970 4540 lectio·

595 4601 675 4657 nem,
698 4601 716 4643 a
737 4600 796 4662 qua
819 4582 938 4664 longius
962 4581 1022 4643 abit
1044 4601 1080 4643 ea
1096 4601 1183 4662 quam
1194 4581 1293 4644 Editio
1305 4582 1436 4643 Romana
1450 4587 1669 4662 repraesentat.
1700 4578 1809 4642 Deilla
1824 4582 1971 4645 oratione

596 4681 704 4743 dictunr
735 4689 781 4743 est
803 4681 840 4743 ad
862 4680 963 4742 Basilii
987 4679 1140 4760 Copticam
1163 4681 1344 4762 Liturgiam,
1376 4689 1406 4742 et
1429 4679 1466 4740 ad
1489 4698 1554 4741 eam
1575 4678 1681 4741 iacobi
1703 4677 1804 4742 fratris
1825 4678 1969 4744 Domini:

596 4779 677 4842 unde
700 4798 776 4859 quae
800 4780 878 4842 illam
901 4779 1083 4861 generaliter
1105 4788 1243 4861 spectant
1265 4787 1407 4861 repetere
1429 4797 1556 4841 necesse
1578 4795 1638 4841 non
1661 4786 1719 4856 est,
1742 4776 1809 4841 cunr
1824 4778 1970 4842 omnibus

597 4881 810 4959 cujuscumque
832 4878 1005 4955 Ecclesiae,
1035 4880 1128 4955 ritus,
1158 4888 1208 4941 aut
1229 4879 1351 4961 linguae
1373 4878 1517 4960 Liturgiis
1541 4879 1728 4941 conveniant.
1774 4877 1827 4939 llic
1851 4877 1970 4941 obser·

596 4977 724 5040 vandum
747 4979 927 5058 praecipue,
959 4977 1039 5058 quod
1062 4987 1223 5059 usurpetur
1252 4998 1316 5041 vox
1345 4962 1457 5066 qSt'ttvt
1482 4983 1676 5054 commutet,
1706 4983 1739 5038 ut
1767 4977 1799 5038 in
1826 4975 1969 5060 liturgia

595 5074 734 5154 Nestorii,
760 5084 790 5138 et
813 5077 842 5136 in
863 5075 1029 5138 Jacohitica
1051 5078 1156 5139 Jacobi
1180 5078 1376 5158 Serugensis:
1400 5076 1437 5138 ad
1448 5076 1641 5137 imitationem
1653 5075 1807 5158 Liturgiae
1823 5075 1967 5141 Graecae

596 5173 813 5255 chrysostomi.
844 5175 937 5257 lgitur
960 5195 1000 5238 ex
1022 5179 1135 5239 autoris
1159 5179 1336 5257 quicumque
1359 5177 1459 5252 luerit,
1483 5184 1513 5237 ot
1535 5191 1639 5236 eornm
1661 5175 1712 5255 qui
1727 5174 1785 5237 hoc
1798 5174 1904 5238 Officia
1919 5177 1968 5239 usi

516 5272 527 5288 ¹
593 5270 724 5353 fuerunt,
739 5276 896 5353 sententia,
916 5276 1132 5351 demonstrare,
1145 5277 1303 5356 omnplere,
1310 5277 1466 5355 perficere,
1479 5274 1585 5353 facere
1597 5286 1666 5341 mm
1684 5255 1779 5344 ’Suu‘
1796 5284 1869 5343 Ἴων
1886 5284 1967 5350 7291
