<?xml version="1.0" encoding="UTF-8"?>
<!DOCTYPE html PUBLIC "-//W3C//DTD XHTML 1.0 Transitional//EN"
    "http://www.w3.org/TR/xhtml1/DTD/xhtml1-transitional.dtd">
<html xmlns="http://www.w3.org/1999/xhtml" xml:lang="en" lang="en">
 <head>
  <title>
</title>
<meta http-equiv="Content-Type" content="text/html;charset=utf-8" />
  <meta name='ocr-system' content='tesseract 3.04.00' />
  <meta name='ocr-capabilities' content='ocr_page ocr_carea ocr_par ocr_line ocrx_word'/>
</head>
<body>
  <div class='ocr_page' id='page_1' title='image "./liturgiarumorie00renagoog_0548.png"; bbox 0 0 5150 6534; ppageno 0'>
   <div class='ocr_carea' id='block_1_1' title="bbox 599 856 1470 935">
    <p class='ocr_par' dir='ltr' id='par_1_1' title="bbox 599 856 1470 935">
     <span class='ocr_line' id='line_1_1' title="bbox 599 856 1470 935; baseline 0.006 -5"><span class='ocrx_word' id='word_1_1' title='bbox 599 857 677 930; x_wconf 85' lang='lat'>510</span> <span class='ocrx_word' id='word_1_2' title='bbox 1108 856 1470 935; x_wconf 79' lang='lat' dir='ltr'>tttunatt</span> 
     </span>
    </p>
   </div>
   <div class='ocr_carea' id='block_1_2' title="bbox 507 1043 1978 5417">
    <p class='ocr_par' dir='ltr' id='par_1_2' title="bbox 702 1043 1039 1135">
     <span class='ocr_line' id='line_1_2' title="bbox 702 1043 1039 1135; baseline 0.003 -23"><span class='ocrx_word' id='word_1_3' title='bbox 702 1043 865 1135; x_wconf 83' lang='lat' dir='ltr'>Populus.</span> <span class='ocrx_word' id='word_1_4' title='bbox 918 1043 1039 1114; x_wconf 80' lang='lat' dir='ltr'>Anien.</span> 
     </span>
    </p>

    <p class='ocr_par' dir='ltr' id='par_1_3' title="bbox 702 1157 1276 1233">
     <span class='ocr_line' id='line_1_3' title="bbox 702 1157 1276 1233; baseline 0.007 -5"><span class='ocrx_word' id='word_1_5' title='bbox 702 1157 891 1229; x_wconf 84' lang='lat' dir='ltr'>Diocoaas.</span> <span class='ocrx_word' id='word_1_6' title='bbox 944 1159 1079 1230; x_wconf 89' lang='lat' dir='ltr'>Stemus</span> <span class='ocrx_word' id='word_1_7' title='bbox 1107 1160 1276 1233; x_wconf 90' lang='lat' dir='ltr'>decenter.</span> 
     </span>
    </p>

    <p class='ocr_par' dir='ltr' id='par_1_4' title="bbox 703 1273 1179 1363">
     <span class='ocr_line' id='line_1_4' title="bbox 703 1273 1179 1363; baseline 0.006 -20"><span class='ocrx_word' id='word_1_8' title='bbox 703 1273 887 1346; x_wconf 74' lang='lat' dir='ltr'><strong><em>Sacerdos.</em></strong></span> <span class='ocrx_word' id='word_1_9' title='bbox 942 1275 1089 1363; x_wconf 87' lang='lat' dir='ltr'>Caritas,</span> <span class='ocrx_word' id='word_1_10' title='bbox 1116 1288 1179 1348; x_wconf 88' lang='lat' dir='ltr'>etc.</span> 
     </span>
    </p>

    <p class='ocr_par' dir='ltr' id='par_1_5' title="bbox 596 1391 1978 1695">
     <span class='ocr_line' id='line_1_5' title="bbox 701 1391 1978 1467; baseline 0.005 -6"><span class='ocrx_word' id='word_1_11' title='bbox 701 1391 878 1461; x_wconf 72' lang='lat' dir='ltr'><strong><em>Sacerdos</em></strong></span> <span class='ocrx_word' id='word_1_12' title='bbox 904 1391 1097 1462; x_wconf 85' lang='lat' dir='ltr'>inclinatas.</span> <span class='ocrx_word' id='word_1_13' title='bbox 1158 1392 1235 1465; x_wconf 85' lang='lat' dir='ltr'><strong>Tibi</strong></span> <span class='ocrx_word' id='word_1_14' title='bbox 1268 1395 1354 1463; x_wconf 90' lang='lat' dir='ltr'>enim</span> <span class='ocrx_word' id='word_1_15' title='bbox 1382 1415 1465 1465; x_wconf 89' lang='lat' dir='ltr'>vere</span> <span class='ocrx_word' id='word_1_16' title='bbox 1493 1392 1655 1466; x_wconf 76' lang='lat' dir='ltr'>debentur</span> <span class='ocrx_word' id='word_1_17' title='bbox 1680 1391 1799 1466; x_wconf 86' lang='lat' dir='ltr'>laudes</span> <span class='ocrx_word' id='word_1_18' title='bbox 1826 1404 1861 1466; x_wconf 88' lang='lat' dir='ltr'>et</span> <span class='ocrx_word' id='word_1_19' title='bbox 1889 1394 1978 1467; x_wconf 82' lang='lat' dir='ltr'>ado-</span> 
     </span>
     <span class='ocr_line' id='line_1_6' title="bbox 596 1505 1976 1603; baseline 0.004 -26"><span class='ocrx_word' id='word_1_20' title='bbox 596 1509 745 1579; x_wconf 90' lang='lat' dir='ltr'>rationes</span> <span class='ocrx_word' id='word_1_21' title='bbox 774 1505 815 1577; x_wconf 92' lang='lat' dir='ltr'>ab</span> <span class='ocrx_word' id='word_1_22' title='bbox 844 1506 1008 1594; x_wconf 84' lang='lat' dir='ltr'>omnibus,</span> <span class='ocrx_word' id='word_1_23' title='bbox 1036 1509 1146 1597; x_wconf 86' lang='lat' dir='ltr'>Deus,</span> <span class='ocrx_word' id='word_1_24' title='bbox 1182 1511 1237 1601; x_wconf 92' lang='lat' dir='ltr'>qui</span> <span class='ocrx_word' id='word_1_25' title='bbox 1266 1509 1418 1581; x_wconf 88' lang='lat' dir='ltr'>amnibus</span> <span class='ocrx_word' id='word_1_26' title='bbox 1455 1508 1545 1603; x_wconf 90' lang='lat' dir='ltr'>quod</span> <span class='ocrx_word' id='word_1_27' title='bbox 1579 1517 1656 1582; x_wconf 88' lang='lat' dir='ltr'>suut</span> <span class='ocrx_word' id='word_1_28' title='bbox 1685 1508 1822 1599; x_wconf 80' lang='lat' dir='ltr'><strong>tribuis,</strong></span> <span class='ocrx_word' id='word_1_29' title='bbox 1859 1512 1976 1582; x_wconf 77' lang='lat' dir='ltr'>etms</span> 
     </span>
     <span class='ocr_line' id='line_1_7' title="bbox 596 1624 881 1695; baseline -0.007 0"><span class='ocrx_word' id='word_1_30' title='bbox 596 1627 699 1695; x_wconf 91' lang='lat' dir='ltr'>vitam</span> <span class='ocrx_word' id='word_1_31' title='bbox 727 1624 881 1695; x_wconf 90' lang='lat' dir='ltr'>omnium.</span> 
     </span>
    </p>

    <p class='ocr_par' dir='ltr' id='par_1_6' title="bbox 595 1739 1977 3912">
     <span class='ocr_line' id='line_1_8' title="bbox 689 1739 1977 1830; baseline 0.002 -21"><span class='ocrx_word' id='word_1_32' title='bbox 689 1740 852 1810; x_wconf 66' lang='lat' dir='ltr'>‘Eleaque</span> <span class='ocrx_word' id='word_1_33' title='bbox 885 1762 1012 1811; x_wconf 83' lang='lat' dir='ltr'>ccccm.</span> <span class='ocrx_word' id='word_1_34' title='bbox 1065 1741 1222 1813; x_wconf 86' lang='lat' dir='ltr'>Abditam</span> <span class='ocrx_word' id='word_1_35' title='bbox 1251 1740 1486 1813; x_wconf 82' lang='lat' dir='ltr'>excellentiam</span> <span class='ocrx_word' id='word_1_36' title='bbox 1520 1752 1610 1813; x_wconf 90' lang='lat' dir='ltr'>tuam</span> <span class='ocrx_word' id='word_1_37' title='bbox 1643 1741 1806 1830; x_wconf 87' lang='lat' dir='ltr'>Domine,</span> <span class='ocrx_word' id='word_1_38' title='bbox 1841 1739 1977 1812; x_wconf 86' lang='lat' dir='ltr'>laudaut</span> 
     </span>
     <span class='ocr_line' id='line_1_9' title="bbox 598 1855 1975 1950; baseline -0.001 -21"><span class='ocrx_word' id='word_1_39' title='bbox 598 1868 631 1929; x_wconf 90' lang='lat' dir='ltr'>et</span> <span class='ocrx_word' id='word_1_40' title='bbox 658 1856 807 1927; x_wconf 85' lang='lat' dir='ltr'>exaltant</span> <span class='ocrx_word' id='word_1_41' title='bbox 834 1865 973 1927; x_wconf 88' lang='lat' dir='ltr'>naturae</span> <span class='ocrx_word' id='word_1_42' title='bbox 1001 1878 1117 1927; x_wconf 91' lang='lat' dir='ltr'>omnes</span> <span class='ocrx_word' id='word_1_43' title='bbox 1144 1855 1397 1939; x_wconf 76' lang='lat' dir='ltr'>intellectuales,</span> <span class='ocrx_word' id='word_1_44' title='bbox 1425 1866 1458 1927; x_wconf 91' lang='lat' dir='ltr'>et</span> <span class='ocrx_word' id='word_1_45' title='bbox 1474 1879 1577 1928; x_wconf 91' lang='lat' dir='ltr'>sensu</span> <span class='ocrx_word' id='word_1_46' title='bbox 1602 1855 1796 1950; x_wconf 77' lang='lat' dir='ltr'>praeditae:</span> <span class='ocrx_word' id='word_1_47' title='bbox 1822 1864 1916 1927; x_wconf 86' lang='lat' dir='ltr'>terra</span> <span class='ocrx_word' id='word_1_48' title='bbox 1941 1865 1975 1927; x_wconf 87' lang='lat' dir='ltr'>ct</span> 
     </span>
     <span class='ocr_line' id='line_1_10' title="bbox 598 1968 1973 2066; baseline -0.001 -21"><span class='ocrx_word' id='word_1_49' title='bbox 598 1977 708 2045; x_wconf 84' lang='lat' dir='ltr'>onuria</span> <span class='ocrx_word' id='word_1_50' title='bbox 737 1994 822 2065; x_wconf 87' lang='lat' dir='ltr'>quae</span> <span class='ocrx_word' id='word_1_51' title='bbox 849 1994 1049 2066; x_wconf 90' lang='lat' dir='ltr'>supeream</span> <span class='ocrx_word' id='word_1_52' title='bbox 1084 1983 1177 2044; x_wconf 89' lang='lat' dir='ltr'>sunt:</span> <span class='ocrx_word' id='word_1_53' title='bbox 1211 1971 1313 2043; x_wconf 90' lang='lat' dir='ltr'>orbes</span> <span class='ocrx_word' id='word_1_54' title='bbox 1347 1971 1514 2043; x_wconf 89' lang='lat' dir='ltr'>coelestes</span> <span class='ocrx_word' id='word_1_55' title='bbox 1550 1994 1624 2042; x_wconf 92' lang='lat' dir='ltr'>cum</span> <span class='ocrx_word' id='word_1_56' title='bbox 1656 1968 1873 2042; x_wconf 85' lang='lat' dir='ltr'>luminaribus</span> <span class='ocrx_word' id='word_1_57' title='bbox 1907 1973 1973 2043; x_wconf 86' lang='lat' dir='ltr'>suis</span> 
     </span>
     <span class='ocr_line' id='line_1_11' title="bbox 598 2084 1972 2183; baseline -0.001 -23"><span class='ocrx_word' id='word_1_58' title='bbox 598 2085 813 2174; x_wconf 89' lang='lat' dir='ltr'>coelestibus,</span> <span class='ocrx_word' id='word_1_59' title='bbox 841 2088 1072 2183; x_wconf 84' lang='lat' dir='ltr'>mentibusque</span> <span class='ocrx_word' id='word_1_60' title='bbox 1099 2088 1255 2179; x_wconf 91' lang='lat' dir='ltr'>gloriosis</span> <span class='ocrx_word' id='word_1_61' title='bbox 1292 2110 1353 2159; x_wconf 90' lang='lat' dir='ltr'>eas</span> <span class='ocrx_word' id='word_1_62' title='bbox 1381 2086 1616 2179; x_wconf 83' lang='lat' dir='ltr'>dirigentibus:</span> <span class='ocrx_word' id='word_1_63' title='bbox 1651 2084 1860 2159; x_wconf 87' lang='lat' dir='ltr'>substantiae</span> <span class='ocrx_word' id='word_1_64' title='bbox 1887 2090 1972 2159; x_wconf 83' lang='lat' dir='ltr'>sinr-</span> 
     </span>
     <span class='ocr_line' id='line_1_12' title="bbox 596 2200 1971 2300; baseline -0.001 -26"><span class='ocrx_word' id='word_1_65' title='bbox 596 2206 701 2300; x_wconf 89' lang='lat' dir='ltr'>plices</span> <span class='ocrx_word' id='word_1_66' title='bbox 734 2214 768 2274; x_wconf 89' lang='lat' dir='ltr'>et</span> <span class='ocrx_word' id='word_1_67' title='bbox 803 2204 1004 2276; x_wconf 91' lang='lat' dir='ltr'>carbonibus</span> <span class='ocrx_word' id='word_1_68' title='bbox 1041 2203 1313 2276; x_wconf 85' lang='lat' dir='ltr'>immaterialibus</span> <span class='ocrx_word' id='word_1_69' title='bbox 1341 2214 1463 2288; x_wconf 86' lang='lat' dir='ltr'>tectae,</span> <span class='ocrx_word' id='word_1_70' title='bbox 1498 2224 1659 2276; x_wconf 90' lang='lat' dir='ltr'>summum</span> <span class='ocrx_word' id='word_1_71' title='bbox 1693 2200 1851 2273; x_wconf 90' lang='lat' dir='ltr'>ardorem</span> <span class='ocrx_word' id='word_1_72' title='bbox 1885 2212 1971 2273; x_wconf 91' lang='lat' dir='ltr'>tuum</span> 
     </span>
     <span class='ocr_line' id='line_1_13' title="bbox 596 2316 1971 2411; baseline -0.001 -20"><span class='ocrx_word' id='word_1_73' title='bbox 596 2320 773 2391; x_wconf 82' lang='lat' dir='ltr'>extollunt:</span> <span class='ocrx_word' id='word_1_74' title='bbox 810 2317 964 2411; x_wconf 84' lang='lat' dir='ltr'>legiones</span> <span class='ocrx_word' id='word_1_75' title='bbox 993 2323 1118 2411; x_wconf 83' lang='lat' dir='ltr'>ignitae</span> <span class='ocrx_word' id='word_1_76' title='bbox 1144 2319 1277 2391; x_wconf 82' lang='lat' dir='ltr'>ilanrma</span> <span class='ocrx_word' id='word_1_77' title='bbox 1304 2319 1492 2390; x_wconf 73' lang='lat' dir='ltr'>vehementi</span> <span class='ocrx_word' id='word_1_78' title='bbox 1519 2339 1720 2404; x_wconf 87' lang='lat' dir='ltr'>succensae,</span> <span class='ocrx_word' id='word_1_79' title='bbox 1747 2316 1971 2389; x_wconf 85' lang='lat' dir='ltr'>fortitudinem</span> 
     </span>
     <span class='ocr_line' id='line_1_14' title="bbox 596 2430 1972 2529; baseline 0.001 -24"><span class='ocrx_word' id='word_1_80' title='bbox 596 2447 684 2507; x_wconf 91' lang='lat' dir='ltr'>tuam</span> <span class='ocrx_word' id='word_1_81' title='bbox 728 2444 899 2529; x_wconf 86' lang='lat' dir='ltr'>potentem</span> <span class='ocrx_word' id='word_1_82' title='bbox 940 2435 1126 2507; x_wconf 88' lang='lat' dir='ltr'>celebrant:</span> <span class='ocrx_word' id='word_1_83' title='bbox 1167 2436 1303 2507; x_wconf 90' lang='lat' dir='ltr'>ordines</span> <span class='ocrx_word' id='word_1_84' title='bbox 1343 2434 1570 2525; x_wconf 76' lang='lat' dir='ltr'>Angelorum,</span> <span class='ocrx_word' id='word_1_85' title='bbox 1609 2443 1642 2504; x_wconf 91' lang='lat' dir='ltr'>et</span> <span class='ocrx_word' id='word_1_86' title='bbox 1681 2430 1972 2525; x_wconf 84' lang='lat' dir='ltr'>Archangelornm</span> 
     </span>
     <span class='ocr_line' id='line_1_15' title="bbox 596 2547 1971 2644; baseline -0.001 -23"><span class='ocrx_word' id='word_1_87' title='bbox 596 2551 747 2622; x_wconf 90' lang='lat' dir='ltr'>cantibus</span> <span class='ocrx_word' id='word_1_88' title='bbox 775 2553 844 2620; x_wconf 88' lang='lat' dir='ltr'>suis</span> <span class='ocrx_word' id='word_1_89' title='bbox 872 2551 1033 2622; x_wconf 78' lang='lat' dir='ltr'>suavibus</span> <span class='ocrx_word' id='word_1_90' title='bbox 1061 2556 1269 2644; x_wconf 90' lang='lat' dir='ltr'>majestatem</span> <span class='ocrx_word' id='word_1_91' title='bbox 1297 2559 1386 2621; x_wconf 90' lang='lat' dir='ltr'>tuam</span> <span class='ocrx_word' id='word_1_92' title='bbox 1413 2548 1610 2622; x_wconf 77' lang='lat' dir='ltr'>ineffabilem</span> <span class='ocrx_word' id='word_1_93' title='bbox 1637 2547 1815 2642; x_wconf 84' lang='lat' dir='ltr'>explicant.</span> <span class='ocrx_word' id='word_1_94' title='bbox 1871 2550 1971 2619; x_wconf 87' lang='lat' dir='ltr'>Priu-</span> 
     </span>
     <span class='ocr_line' id='line_1_16' title="bbox 596 2665 1972 2761; baseline -0.001 -24"><span class='ocrx_word' id='word_1_95' title='bbox 596 2670 725 2761; x_wconf 86' lang='lat' dir='ltr'>cipatus</span> <span class='ocrx_word' id='word_1_96' title='bbox 753 2675 787 2737; x_wconf 89' lang='lat' dir='ltr'>et</span> <span class='ocrx_word' id='word_1_97' title='bbox 812 2667 1002 2738; x_wconf 90' lang='lat' dir='ltr'>Potestates</span> <span class='ocrx_word' id='word_1_98' title='bbox 1029 2668 1229 2738; x_wconf 86' lang='lat' dir='ltr'>carminibus</span> <span class='ocrx_word' id='word_1_99' title='bbox 1263 2669 1332 2736; x_wconf 89' lang='lat' dir='ltr'>suis</span> <span class='ocrx_word' id='word_1_100' title='bbox 1360 2665 1488 2753; x_wconf 90' lang='lat' dir='ltr'>nitidis,</span> <span class='ocrx_word' id='word_1_101' title='bbox 1520 2667 1700 2759; x_wconf 88' lang='lat' dir='ltr'>potentiam</span> <span class='ocrx_word' id='word_1_102' title='bbox 1734 2674 1824 2734; x_wconf 89' lang='lat' dir='ltr'>tuam</span> <span class='ocrx_word' id='word_1_103' title='bbox 1860 2667 1972 2735; x_wconf 89' lang='lat' dir='ltr'>omui-</span> 
     </span>
     <span class='ocr_line' id='line_1_17' title="bbox 596 2780 1971 2875; baseline -0.001 -22"><span class='ocrx_word' id='word_1_104' title='bbox 596 2791 764 2875; x_wconf 91' lang='lat' dir='ltr'>poteutem</span> <span class='ocrx_word' id='word_1_105' title='bbox 793 2782 964 2855; x_wconf 83' lang='lat' dir='ltr'>extollunt.</span> <span class='ocrx_word' id='word_1_106' title='bbox 1024 2783 1148 2855; x_wconf 84' lang='lat' dir='ltr'>Throni</span> <span class='ocrx_word' id='word_1_107' title='bbox 1184 2792 1216 2853; x_wconf 87' lang='lat' dir='ltr'>et</span> <span class='ocrx_word' id='word_1_108' title='bbox 1248 2783 1519 2868; x_wconf 85' lang='lat' dir='ltr'>Dourinaticnes,</span> <span class='ocrx_word' id='word_1_109' title='bbox 1552 2780 1725 2875; x_wconf 90' lang='lat' dir='ltr'>praeclara</span> <span class='ocrx_word' id='word_1_110' title='bbox 1761 2780 1971 2853; x_wconf 82' lang='lat' dir='ltr'>ordinatione</span> 
     </span>
     <span class='ocr_line' id='line_1_18' title="bbox 596 2896 1971 2989; baseline -0.001 -20"><span class='ocrx_word' id='word_1_111' title='bbox 596 2922 668 2986; x_wconf 86' lang='lat' dir='ltr'>sua,</span> <span class='ocrx_word' id='word_1_112' title='bbox 696 2901 903 2989; x_wconf 86' lang='lat' dir='ltr'>nrajestatem</span> <span class='ocrx_word' id='word_1_113' title='bbox 933 2911 1020 2971; x_wconf 90' lang='lat' dir='ltr'>tuam</span> <span class='ocrx_word' id='word_1_114' title='bbox 1048 2902 1159 2971; x_wconf 85' lang='lat' dir='ltr'>omnia</span> <span class='ocrx_word' id='word_1_115' title='bbox 1186 2909 1376 2968; x_wconf 76' lang='lat' dir='ltr'>moventem</span> <span class='ocrx_word' id='word_1_116' title='bbox 1404 2896 1600 2988; x_wconf 83' lang='lat' dir='ltr'>glorificant.</span> <span class='ocrx_word' id='word_1_117' title='bbox 1628 2896 1788 2983; x_wconf 88' lang='lat' dir='ltr'>Virtutes,</span> <span class='ocrx_word' id='word_1_118' title='bbox 1815 2900 1971 2967; x_wconf 88' lang='lat' dir='ltr'>mentium</span> 
     </span>
     <span class='ocr_line' id='line_1_19' title="bbox 595 3011 1971 3109; baseline 0 -25"><span class='ocrx_word' id='word_1_119' title='bbox 595 3024 695 3109; x_wconf 89' lang='lat' dir='ltr'>captu</span> <span class='ocrx_word' id='word_1_120' title='bbox 723 3018 926 3108; x_wconf 71' lang='lat' dir='ltr'>superiores</span> <span class='ocrx_word' id='word_1_121' title='bbox 960 3014 1102 3086; x_wconf 73' lang='lat' dir='ltr'>vocibus</span> <span class='ocrx_word' id='word_1_122' title='bbox 1138 3014 1339 3085; x_wconf 84' lang='lat' dir='ltr'>terribilibus</span> <span class='ocrx_word' id='word_1_123' title='bbox 1369 3011 1546 3103; x_wconf 86' lang='lat' dir='ltr'>jubilorum</span> <span class='ocrx_word' id='word_1_124' title='bbox 1580 3035 1733 3097; x_wconf 89' lang='lat' dir='ltr'>suorum,</span> <span class='ocrx_word' id='word_1_125' title='bbox 1767 3012 1859 3106; x_wconf 92' lang='lat' dir='ltr'>quod</span> <span class='ocrx_word' id='word_1_126' title='bbox 1895 3023 1971 3084; x_wconf 92' lang='lat' dir='ltr'>nutu</span> 
     </span>
     <span class='ocr_line' id='line_1_20' title="bbox 595 3126 1972 3219; baseline -0.002 -18"><span class='ocrx_word' id='word_1_127' title='bbox 595 3153 658 3202; x_wconf 90' lang='lat' dir='ltr'>eos</span> <span class='ocrx_word' id='word_1_128' title='bbox 686 3130 874 3202; x_wconf 82' lang='lat' dir='ltr'>condideris</span> <span class='ocrx_word' id='word_1_129' title='bbox 912 3143 1041 3201; x_wconf 74' lang='lat' dir='ltr'>cantant.</span> <span class='ocrx_word' id='word_1_130' title='bbox 1105 3130 1241 3201; x_wconf 85' lang='lat' dir='ltr'>llilitiae</span> <span class='ocrx_word' id='word_1_131' title='bbox 1275 3128 1443 3200; x_wconf 86' lang='lat' dir='ltr'>coelestes</span> <span class='ocrx_word' id='word_1_132' title='bbox 1485 3126 1569 3198; x_wconf 90' lang='lat' dir='ltr'>tubis</span> <span class='ocrx_word' id='word_1_133' title='bbox 1606 3130 1717 3219; x_wconf 89' lang='lat' dir='ltr'>ignitis</span> <span class='ocrx_word' id='word_1_134' title='bbox 1747 3127 1868 3199; x_wconf 90' lang='lat' dir='ltr'>laudes</span> <span class='ocrx_word' id='word_1_135' title='bbox 1900 3138 1972 3200; x_wconf 82' lang='lat' dir='ltr'>tuas</span> 
     </span>
     <span class='ocr_line' id='line_1_21' title="bbox 595 3242 1970 3336; baseline -0.001 -20"><span class='ocrx_word' id='word_1_136' title='bbox 595 3250 744 3318; x_wconf 91' lang='lat' dir='ltr'>intonant</span> <span class='ocrx_word' id='word_1_137' title='bbox 771 3257 802 3317; x_wconf 92' lang='lat' dir='ltr'>et</span> <span class='ocrx_word' id='word_1_138' title='bbox 832 3251 1018 3318; x_wconf 89' lang='lat' dir='ltr'>concinunt.</span> <span class='ocrx_word' id='word_1_139' title='bbox 1078 3244 1256 3317; x_wconf 82' lang='lat' dir='ltr'>Cherubim</span> <span class='ocrx_word' id='word_1_140' title='bbox 1284 3243 1375 3315; x_wconf 87' lang='lat' dir='ltr'>multi</span> <span class='ocrx_word' id='word_1_141' title='bbox 1401 3245 1500 3331; x_wconf 87' lang='lat' dir='ltr'>oculi,</span> <span class='ocrx_word' id='word_1_142' title='bbox 1528 3247 1582 3336; x_wconf 90' lang='lat' dir='ltr'>qui</span> <span class='ocrx_word' id='word_1_143' title='bbox 1610 3242 1718 3314; x_wconf 88' lang='lat' dir='ltr'>dorsis</span> <span class='ocrx_word' id='word_1_144' title='bbox 1744 3246 1827 3331; x_wconf 76' lang='lat' dir='ltr'>suiS,</span> <span class='ocrx_word' id='word_1_145' title='bbox 1854 3243 1970 3336; x_wconf 84' lang='lat' dir='ltr'>fulgu-</span> 
     </span>
     <span class='ocr_line' id='line_1_22' title="bbox 595 3358 1969 3457; baseline -0.001 -25"><span class='ocrx_word' id='word_1_146' title='bbox 595 3363 698 3446; x_wconf 88' lang='lat' dir='ltr'>ribus,</span> <span class='ocrx_word' id='word_1_147' title='bbox 726 3362 979 3457; x_wconf 91' lang='lat' dir='ltr'>touitruhusque</span> <span class='ocrx_word' id='word_1_148' title='bbox 1006 3360 1147 3432; x_wconf 76' lang='lat' dir='ltr'>validis.</span> <span class='ocrx_word' id='word_1_149' title='bbox 1182 3360 1403 3432; x_wconf 85' lang='lat' dir='ltr'>tortitudinem</span> <span class='ocrx_word' id='word_1_150' title='bbox 1441 3370 1526 3430; x_wconf 92' lang='lat' dir='ltr'>tuam</span> <span class='ocrx_word' id='word_1_151' title='bbox 1553 3358 1674 3447; x_wconf 83' lang='lat' dir='ltr'>lerunt,</span> <span class='ocrx_word' id='word_1_152' title='bbox 1700 3371 1734 3431; x_wconf 93' lang='lat' dir='ltr'>te</span> <span class='ocrx_word' id='word_1_153' title='bbox 1760 3360 1969 3434; x_wconf 89' lang='lat' dir='ltr'>benedicunt</span> 
     </span>
     <span class='ocr_line' id='line_1_23' title="bbox 595 3474 1969 3572; baseline -0.002 -24"><span class='ocrx_word' id='word_1_154' title='bbox 595 3478 770 3572; x_wconf 85' lang='lat' dir='ltr'>Seraphim</span> <span class='ocrx_word' id='word_1_155' title='bbox 799 3501 863 3548; x_wconf 83' lang='lat' dir='ltr'>sex</span> <span class='ocrx_word' id='word_1_156' title='bbox 890 3478 951 3548; x_wconf 88' lang='lat' dir='ltr'>alis</span> <span class='ocrx_word' id='word_1_157' title='bbox 980 3481 1137 3559; x_wconf 83' lang='lat' dir='ltr'>instructi,</span> <span class='ocrx_word' id='word_1_158' title='bbox 1167 3477 1262 3547; x_wconf 90' lang='lat' dir='ltr'>labiis</span> <span class='ocrx_word' id='word_1_159' title='bbox 1290 3474 1503 3571; x_wconf 80' lang='lat' dir='ltr'>perfectionis</span> <span class='ocrx_word' id='word_1_160' title='bbox 1531 3474 1680 3565; x_wconf 87' lang='lat' dir='ltr'>regulum</span> <span class='ocrx_word' id='word_1_161' title='bbox 1707 3476 1969 3562; x_wconf 85' lang='lat' dir='ltr'>concinentibus,</span> 
     </span>
     <span class='ocr_line' id='line_1_24' title="bbox 596 3590 1969 3680; baseline -0.002 -17"><span class='ocrx_word' id='word_1_162' title='bbox 596 3602 630 3663; x_wconf 91' lang='lat' dir='ltr'>et</span> <span class='ocrx_word' id='word_1_163' title='bbox 657 3592 870 3680; x_wconf 81' lang='lat' dir='ltr'>terribilibus,</span> <span class='ocrx_word' id='word_1_164' title='bbox 899 3605 932 3665; x_wconf 87' lang='lat' dir='ltr'>te.</span> <span class='ocrx_word' id='word_1_165' title='bbox 959 3597 1142 3664; x_wconf 83' lang='lat' dir='ltr'>sanctitatis</span> <span class='ocrx_word' id='word_1_166' title='bbox 1170 3597 1269 3663; x_wconf 85' lang='lat' dir='ltr'>totius</span> <span class='ocrx_word' id='word_1_167' title='bbox 1306 3591 1429 3661; x_wconf 79' lang='lat' dir='ltr'>latitem</span> <span class='ocrx_word' id='word_1_168' title='bbox 1458 3590 1672 3676; x_wconf 81' lang='lat' dir='ltr'>sanctificam,</span> <span class='ocrx_word' id='word_1_169' title='bbox 1700 3590 1816 3664; x_wconf 86' lang='lat' dir='ltr'>volatu</span> <span class='ocrx_word' id='word_1_170' title='bbox 1843 3591 1912 3663; x_wconf 86' lang='lat' dir='ltr'>levi</span> <span class='ocrx_word' id='word_1_171' title='bbox 1937 3600 1969 3660; x_wconf 90' lang='lat' dir='ltr'>et</span> 
     </span>
     <span class='ocr_line' id='line_1_25' title="bbox 595 3707 1968 3780; baseline 0.002 -4"><span class='ocrx_word' id='word_1_172' title='bbox 595 3709 748 3777; x_wconf 87' lang='lat' dir='ltr'>circulari</span> <span class='ocrx_word' id='word_1_173' title='bbox 775 3712 870 3778; x_wconf 88' lang='lat' dir='ltr'>nnius</span> <span class='ocrx_word' id='word_1_174' title='bbox 898 3709 939 3779; x_wconf 82' lang='lat' dir='ltr'>atl</span> <span class='ocrx_word' id='word_1_175' title='bbox 967 3711 1103 3780; x_wconf 85' lang='lat' dir='ltr'>alterum</span> <span class='ocrx_word' id='word_1_176' title='bbox 1131 3713 1339 3779; x_wconf 86' lang='lat' dir='ltr'>incessanter</span> <span class='ocrx_word' id='word_1_177' title='bbox 1366 3710 1466 3777; x_wconf 84' lang='lat' dir='ltr'>trinas</span> <span class='ocrx_word' id='word_1_178' title='bbox 1483 3707 1761 3777; x_wconf 84' lang='lat' dir='ltr'>sanctificationes</span> <span class='ocrx_word' id='word_1_179' title='bbox 1788 3729 1856 3779; x_wconf 89' lang='lat' dir='ltr'>uua</span> <span class='ocrx_word' id='word_1_180' title='bbox 1884 3730 1968 3779; x_wconf 75' lang='lat' dir='ltr'>voce</span> 
     </span>
     <span class='ocr_line' id='line_1_26' title="bbox 595 3822 1502 3912; baseline -0.002 -19"><span class='ocrx_word' id='word_1_181' title='bbox 595 3834 767 3909; x_wconf 84' lang='lat' dir='ltr'>canentes,</span> <span class='ocrx_word' id='word_1_182' title='bbox 795 3825 988 3912; x_wconf 88' lang='lat' dir='ltr'>clamantes,</span> <span class='ocrx_word' id='word_1_183' title='bbox 1016 3823 1256 3911; x_wconf 70' lang='lat' dir='ltr'>vociterantes,</span> <span class='ocrx_word' id='word_1_184' title='bbox 1284 3833 1318 3894; x_wconf 91' lang='lat' dir='ltr'>et</span> <span class='ocrx_word' id='word_1_185' title='bbox 1345 3822 1502 3893; x_wconf 86' lang='lat' dir='ltr'>dicentes</span> 
     </span>
    </p>

    <p class='ocr_par' dir='ltr' id='par_1_7' title="bbox 698 3939 1066 4030">
     <span class='ocr_line' id='line_1_27' title="bbox 698 3939 1066 4030; baseline 0.003 -23"><span class='ocrx_word' id='word_1_186' title='bbox 698 3939 860 4030; x_wconf 81' lang='lat' dir='ltr'>Populos.</span> <span class='ocrx_word' id='word_1_187' title='bbox 914 3940 1066 4011; x_wconf 81' lang='lat' dir='ltr'>Sanctus</span> 
     </span>
    </p>

    <p class='ocr_par' dir='ltr' id='par_1_8' title="bbox 507 4050 1967 4722">
     <span class='ocr_line' id='line_1_28' title="bbox 699 4050 1967 4146; baseline 0.001 -24"><span class='ocrx_word' id='word_1_188' title='bbox 699 4050 876 4124; x_wconf 83' lang='lat' dir='ltr'>Sacerdos</span> <span class='ocrx_word' id='word_1_189' title='bbox 902 4054 1094 4124; x_wconf 79' lang='lat' dir='ltr'>irrelirotus.</span> <span class='ocrx_word' id='word_1_190' title='bbox 1149 4054 1293 4124; x_wconf 89' lang='lat' dir='ltr'>Sanctus</span> <span class='ocrx_word' id='word_1_191' title='bbox 1321 4062 1354 4123; x_wconf 91' lang='lat' dir='ltr'>et</span> <span class='ocrx_word' id='word_1_192' title='bbox 1380 4052 1574 4123; x_wconf 89' lang='lat' dir='ltr'>benedictus</span> <span class='ocrx_word' id='word_1_193' title='bbox 1601 4074 1652 4140; x_wconf 87' lang='lat' dir='ltr'>es,</span> <span class='ocrx_word' id='word_1_194' title='bbox 1680 4062 1780 4146; x_wconf 90' lang='lat' dir='ltr'>atque</span> <span class='ocrx_word' id='word_1_195' title='bbox 1806 4051 1884 4123; x_wconf 90' lang='lat' dir='ltr'>lons</span> <span class='ocrx_word' id='word_1_196' title='bbox 1911 4060 1967 4123; x_wconf 91' lang='lat' dir='ltr'>to-</span> 
     </span>
     <span class='ocr_line' id='line_1_29' title="bbox 596 4169 1966 4263; baseline -0.001 -25"><span class='ocrx_word' id='word_1_197' title='bbox 596 4174 658 4239; x_wconf 90' lang='lat' dir='ltr'>tius</span> <span class='ocrx_word' id='word_1_198' title='bbox 687 4172 883 4257; x_wconf 87' lang='lat' dir='ltr'>sanctitatis,</span> <span class='ocrx_word' id='word_1_199' title='bbox 912 4173 967 4263; x_wconf 87' lang='lat' dir='ltr'>qni</span> <span class='ocrx_word' id='word_1_200' title='bbox 995 4193 1068 4240; x_wconf 90' lang='lat' dir='ltr'>cum</span> <span class='ocrx_word' id='word_1_201' title='bbox 1096 4169 1241 4241; x_wconf 82' lang='lat' dir='ltr'>vidisses</span> <span class='ocrx_word' id='word_1_202' title='bbox 1268 4191 1375 4261; x_wconf 89' lang='lat' dir='ltr'>genus</span> <span class='ocrx_word' id='word_1_203' title='bbox 1403 4177 1552 4240; x_wconf 86' lang='lat' dir='ltr'>nostrum</span> <span class='ocrx_word' id='word_1_204' title='bbox 1578 4190 1639 4263; x_wconf 93' lang='lat' dir='ltr'>per</span> <span class='ocrx_word' id='word_1_205' title='bbox 1665 4171 1966 4259; x_wconf 89' lang='lat' dir='ltr'>transgressionem</span> 
     </span>
     <span class='ocr_line' id='line_1_30' title="bbox 507 4282 1967 4379; baseline 0 -28"><span class='ocrx_word' id='word_1_206' title='bbox 507 4363 512 4370; x_wconf 87' lang='lat'>.</span> <span class='ocrx_word' id='word_1_207' title='bbox 595 4282 739 4353; x_wconf 82' lang='lat' dir='ltr'>nrarrdati</span> <span class='ocrx_word' id='word_1_208' title='bbox 768 4288 799 4353; x_wconf 90' lang='lat' dir='ltr'>iu</span> <span class='ocrx_word' id='word_1_209' title='bbox 827 4289 1074 4379; x_wconf 90' lang='lat' dir='ltr'>corruptionem</span> <span class='ocrx_word' id='word_1_210' title='bbox 1102 4283 1284 4378; x_wconf 87' lang='lat' dir='ltr'>delapsum,</span> <span class='ocrx_word' id='word_1_211' title='bbox 1312 4282 1460 4355; x_wconf 86' lang='lat' dir='ltr'>Verbum</span> <span class='ocrx_word' id='word_1_212' title='bbox 1488 4285 1688 4374; x_wconf 90' lang='lat' dir='ltr'>unigenitum</span> <span class='ocrx_word' id='word_1_213' title='bbox 1708 4282 1825 4354; x_wconf 87' lang='lat' dir='ltr'>Filium</span> <span class='ocrx_word' id='word_1_214' title='bbox 1853 4284 1967 4353; x_wconf 89' lang='lat' dir='ltr'>misisti</span> 
     </span>
     <span class='ocr_line' id='line_1_31' title="bbox 594 4397 1966 4493; baseline 0.001 -28"><span class='ocrx_word' id='word_1_215' title='bbox 594 4407 731 4492; x_wconf 89' lang='lat' dir='ltr'>propter</span> <span class='ocrx_word' id='word_1_216' title='bbox 758 4400 896 4471; x_wconf 85' lang='lat' dir='ltr'>salutem</span> <span class='ocrx_word' id='word_1_217' title='bbox 924 4411 1087 4472; x_wconf 90' lang='lat' dir='ltr'>nostram:</span> <span class='ocrx_word' id='word_1_218' title='bbox 1123 4404 1178 4493; x_wconf 92' lang='lat' dir='ltr'>qui</span> <span class='ocrx_word' id='word_1_219' title='bbox 1217 4404 1406 4472; x_wconf 90' lang='lat' dir='ltr'>incarnatus</span> <span class='ocrx_word' id='word_1_220' title='bbox 1443 4408 1495 4470; x_wconf 90' lang='lat' dir='ltr'>est</span> <span class='ocrx_word' id='word_1_221' title='bbox 1529 4422 1574 4469; x_wconf 76' lang='lat' dir='ltr'>ex</span> <span class='ocrx_word' id='word_1_222' title='bbox 1606 4397 1746 4488; x_wconf 85' lang='lat' dir='ltr'>Virgine</span> <span class='ocrx_word' id='word_1_223' title='bbox 1779 4408 1910 4486; x_wconf 88' lang='lat' dir='ltr'>sancta,</span> <span class='ocrx_word' id='word_1_224' title='bbox 1935 4405 1966 4467; x_wconf 87' lang='lat' dir='ltr'>et</span> 
     </span>
     <span class='ocr_line' id='line_1_32' title="bbox 594 4512 1965 4610; baseline 0.001 -29"><span class='ocrx_word' id='word_1_225' title='bbox 594 4512 702 4583; x_wconf 90' lang='lat' dir='ltr'>lactus</span> <span class='ocrx_word' id='word_1_226' title='bbox 731 4523 782 4584; x_wconf 90' lang='lat' dir='ltr'>cst</span> <span class='ocrx_word' id='word_1_227' title='bbox 809 4515 908 4586; x_wconf 83' lang='lat' dir='ltr'>haum</span> <span class='ocrx_word' id='word_1_228' title='bbox 937 4518 1022 4586; x_wconf 91' lang='lat' dir='ltr'>sicut</span> <span class='ocrx_word' id='word_1_229' title='bbox 1049 4538 1129 4601; x_wconf 79' lang='lat' dir='ltr'>uos:</span> <span class='ocrx_word' id='word_1_230' title='bbox 1156 4515 1249 4588; x_wconf 89' lang='lat' dir='ltr'>Deus</span> <span class='ocrx_word' id='word_1_231' title='bbox 1275 4537 1476 4610; x_wconf 89' lang='lat' dir='ltr'>permanens</span> <span class='ocrx_word' id='word_1_232' title='bbox 1503 4517 1536 4584; x_wconf 90' lang='lat' dir='ltr'>in</span> <span class='ocrx_word' id='word_1_233' title='bbox 1561 4521 1678 4583; x_wconf 85' lang='lat' dir='ltr'>natura</span> <span class='ocrx_word' id='word_1_234' title='bbox 1704 4534 1778 4599; x_wconf 89' lang='lat' dir='ltr'>sua,</span> <span class='ocrx_word' id='word_1_235' title='bbox 1807 4515 1965 4607; x_wconf 91' lang='lat' dir='ltr'>impassi-</span> 
     </span>
     <span class='ocr_line' id='line_1_33' title="bbox 594 4625 1942 4722; baseline -0.001 -24"><span class='ocrx_word' id='word_1_236' title='bbox 594 4626 650 4698; x_wconf 92' lang='lat' dir='ltr'>bili</span> <span class='ocrx_word' id='word_1_237' title='bbox 679 4638 713 4699; x_wconf 89' lang='lat' dir='ltr'>et</span> <span class='ocrx_word' id='word_1_238' title='bbox 739 4631 927 4715; x_wconf 87' lang='lat' dir='ltr'>irumcrtali,</span> <span class='ocrx_word' id='word_1_239' title='bbox 955 4642 987 4701; x_wconf 91' lang='lat' dir='ltr'>et</span> <span class='ocrx_word' id='word_1_240' title='bbox 1014 4630 1203 4722; x_wconf 83' lang='lat' dir='ltr'>figmentum</span> <span class='ocrx_word' id='word_1_241' title='bbox 1232 4642 1380 4703; x_wconf 86' lang='lat' dir='ltr'>nostnrm</span> <span class='ocrx_word' id='word_1_242' title='bbox 1407 4631 1585 4701; x_wconf 77' lang='lat' dir='ltr'>renovarit</span> <span class='ocrx_word' id='word_1_243' title='bbox 1611 4640 1710 4722; x_wconf 92' lang='lat' dir='ltr'>atque</span> <span class='ocrx_word' id='word_1_244' title='bbox 1736 4625 1942 4700; x_wconf 81' lang='lat' dir='ltr'>reformavit</span> 
     </span>
    </p>

    <p class='ocr_par' dir='ltr' id='par_1_9' title="bbox 592 4743 1968 5417">
     <span class='ocr_line' id='line_1_34' title="bbox 698 4743 1967 4839; baseline 0.002 -27"><span class='ocrx_word' id='word_1_245' title='bbox 698 4744 849 4814; x_wconf 80' lang='lat' dir='ltr'>Eleearm</span> <span class='ocrx_word' id='word_1_246' title='bbox 874 4769 999 4817; x_wconf 79' lang='lat' dir='ltr'>rocem.</span> <span class='ocrx_word' id='word_1_247' title='bbox 1061 4747 1144 4818; x_wconf 86' lang='lat' dir='ltr'>Cum</span> <span class='ocrx_word' id='word_1_248' title='bbox 1180 4767 1265 4817; x_wconf 73' lang='lat' dir='ltr'>vero</span> <span class='ocrx_word' id='word_1_249' title='bbox 1300 4746 1445 4838; x_wconf 77' lang='lat' dir='ltr'>figuraS,</span> <span class='ocrx_word' id='word_1_250' title='bbox 1486 4743 1688 4839; x_wconf 88' lang='lat' dir='ltr'>umbrasque</span> <span class='ocrx_word' id='word_1_251' title='bbox 1723 4744 1810 4837; x_wconf 90' lang='lat' dir='ltr'>legis</span> <span class='ocrx_word' id='word_1_252' title='bbox 1844 4746 1967 4828; x_wconf 87' lang='lat' dir='ltr'>veteris</span> 
     </span>
     <span class='ocr_line' id='line_1_35' title="bbox 593 4855 1968 4957; baseline 0.003 -32"><span class='ocrx_word' id='word_1_253' title='bbox 593 4855 793 4948; x_wconf 88' lang='lat' dir='ltr'>perfecisset</span> <span class='ocrx_word' id='word_1_254' title='bbox 819 4870 854 4929; x_wconf 93' lang='lat' dir='ltr'>et</span> <span class='ocrx_word' id='word_1_255' title='bbox 880 4861 1120 4957; x_wconf 84' lang='lat' dir='ltr'>courplevisset</span> <span class='ocrx_word' id='word_1_256' title='bbox 1147 4865 1179 4932; x_wconf 92' lang='lat' dir='ltr'>in</span> <span class='ocrx_word' id='word_1_257' title='bbox 1207 4884 1246 4934; x_wconf 93' lang='lat' dir='ltr'>se</span> <span class='ocrx_word' id='word_1_258' title='bbox 1272 4866 1358 4957; x_wconf 89' lang='lat' dir='ltr'>ipso,</span> <span class='ocrx_word' id='word_1_259' title='bbox 1386 4872 1541 4955; x_wconf 88' lang='lat' dir='ltr'>tauquam</span> <span class='ocrx_word' id='word_1_260' title='bbox 1567 4864 1737 4954; x_wconf 91' lang='lat' dir='ltr'>utriusque</span> <span class='ocrx_word' id='word_1_261' title='bbox 1765 4860 1968 4933; x_wconf 85' lang='lat' dir='ltr'>Testamenti</span> 
     </span>
     <span class='ocr_line' id='line_1_36' title="bbox 592 4969 1967 5072; baseline 0.004 -34"><span class='ocrx_word' id='word_1_262' title='bbox 592 4969 775 5055; x_wconf 89' lang='lat' dir='ltr'>Dominus,</span> <span class='ocrx_word' id='word_1_263' title='bbox 808 4974 1040 5070; x_wconf 76' lang='lat' dir='ltr'>voluissetque</span> <span class='ocrx_word' id='word_1_264' title='bbox 1075 4977 1188 5048; x_wconf 77' lang='lat' dir='ltr'>velum</span> <span class='ocrx_word' id='word_1_265' title='bbox 1224 4981 1389 5072; x_wconf 69' lang='lat' dir='ltr'>typicum,</span> <span class='ocrx_word' id='word_1_266' title='bbox 1426 4974 1515 5069; x_wconf 91' lang='lat' dir='ltr'>quod</span> <span class='ocrx_word' id='word_1_267' title='bbox 1546 4998 1609 5072; x_wconf 90' lang='lat' dir='ltr'>per</span> <span class='ocrx_word' id='word_1_268' title='bbox 1640 4973 1850 5070; x_wconf 89' lang='lat' dir='ltr'>prophetiam</span> <span class='ocrx_word' id='word_1_269' title='bbox 1885 4984 1967 5061; x_wconf 90' lang='lat' dir='ltr'>erat,</span> 
     </span>
     <span class='ocr_line' id='line_1_37' title="bbox 593 5086 1968 5186; baseline 0.004 -31"><span class='ocrx_word' id='word_1_270' title='bbox 593 5086 729 5156; x_wconf 86' lang='lat' dir='ltr'>auterre</span> <span class='ocrx_word' id='word_1_271' title='bbox 755 5110 869 5160; x_wconf 88' lang='lat' dir='ltr'>coram</span> <span class='ocrx_word' id='word_1_272' title='bbox 897 5092 1003 5163; x_wconf 88' lang='lat' dir='ltr'>oculis</span> <span class='ocrx_word' id='word_1_273' title='bbox 1030 5103 1148 5163; x_wconf 86' lang='lat' dir='ltr'>coetus</span> <span class='ocrx_word' id='word_1_274' title='bbox 1174 5090 1379 5186; x_wconf 86' lang='lat' dir='ltr'>Apostolici,</span> <span class='ocrx_word' id='word_1_275' title='bbox 1407 5100 1441 5162; x_wconf 91' lang='lat' dir='ltr'>et</span> <span class='ocrx_word' id='word_1_276' title='bbox 1466 5113 1590 5185; x_wconf 87' lang='lat' dir='ltr'>eorpus</span> <span class='ocrx_word' id='word_1_277' title='bbox 1616 5089 1694 5162; x_wconf 89' lang='lat' dir='ltr'>illud</span> <span class='ocrx_word' id='word_1_278' title='bbox 1721 5113 1853 5178; x_wconf 91' lang='lat' dir='ltr'>verum,</span> <span class='ocrx_word' id='word_1_279' title='bbox 1880 5088 1968 5184; x_wconf 89' lang='lat' dir='ltr'>quod</span> 
     </span>
     <span class='ocr_line' id='line_1_38' title="bbox 594 5196 1967 5301; baseline 0.004 -31"><span class='ocrx_word' id='word_1_280' title='bbox 594 5196 739 5272; x_wconf 90' lang='lat' dir='ltr'>obscure</span> <span class='ocrx_word' id='word_1_281' title='bbox 773 5203 850 5273; x_wconf 87' lang='lat' dir='ltr'>olim</span> <span class='ocrx_word' id='word_1_282' title='bbox 887 5215 920 5275; x_wconf 91' lang='lat' dir='ltr'>et</span> <span class='ocrx_word' id='word_1_283' title='bbox 954 5212 1049 5299; x_wconf 90' lang='lat' dir='ltr'>quasi</span> <span class='ocrx_word' id='word_1_284' title='bbox 1077 5231 1097 5278; x_wconf 92' lang='lat' dir='ltr'>e</span> <span class='ocrx_word' id='word_1_285' title='bbox 1123 5206 1304 5301; x_wconf 87' lang='lat' dir='ltr'>longinquo</span> <span class='ocrx_word' id='word_1_286' title='bbox 1334 5206 1594 5301; x_wconf 87' lang='lat' dir='ltr'>praefiguratum</span> <span class='ocrx_word' id='word_1_287' title='bbox 1626 5217 1713 5293; x_wconf 89' lang='lat' dir='ltr'>erat,</span> <span class='ocrx_word' id='word_1_288' title='bbox 1747 5206 1827 5278; x_wconf 93' lang='lat' dir='ltr'>illud</span> <span class='ocrx_word' id='word_1_289' title='bbox 1863 5207 1967 5301; x_wconf 90' lang='lat' dir='ltr'>ipsum</span> 
     </span>
     <span class='ocr_line' id='line_1_39' title="bbox 592 5319 1967 5417; baseline 0.007 -36"><span class='ocrx_word' id='word_1_290' title='bbox 592 5320 772 5386; x_wconf 87' lang='lat' dir='ltr'>testaretur</span> <span class='ocrx_word' id='word_1_291' title='bbox 796 5319 976 5392; x_wconf 85' lang='lat' dir='ltr'>excellenti</span> <span class='ocrx_word' id='word_1_292' title='bbox 1003 5322 1145 5416; x_wconf 86' lang='lat' dir='ltr'>quadam</span> <span class='ocrx_word' id='word_1_293' title='bbox 1172 5326 1303 5393; x_wconf 89' lang='lat' dir='ltr'>ratione</span> <span class='ocrx_word' id='word_1_294' title='bbox 1336 5342 1414 5397; x_wconf 84' lang='lat' dir='ltr'>esse</span> <span class='ocrx_word' id='word_1_295' title='bbox 1439 5324 1473 5394; x_wconf 92' lang='lat' dir='ltr'>iu</span> <span class='ocrx_word' id='word_1_296' title='bbox 1499 5323 1673 5417; x_wconf 86' lang='lat' dir='ltr'>proximo;</span> <span class='ocrx_word' id='word_1_297' title='bbox 1712 5325 1745 5393; x_wconf 92' lang='lat' dir='ltr'>in</span> <span class='ocrx_word' id='word_1_298' title='bbox 1783 5344 1826 5394; x_wconf 87' lang='lat' dir='ltr'>ea</span> <span class='ocrx_word' id='word_1_299' title='bbox 1857 5330 1967 5410; x_wconf 86' lang='lat' dir='ltr'>nocte,</span> 
     </span>
    </p>
   </div>
   <div class='ocr_carea' id='block_1_3' title="bbox 0 0 2580 6534">
    <p class='ocr_par' dir='ltr' id='par_1_10' title="bbox 0 0 2580 6534">
     <span class='ocr_line' id='line_1_40' title="bbox 0 0 2580 6534; baseline 0 0"><span class='ocrx_word' id='word_1_300' title='bbox 0 0 2580 6534; x_wconf 95' lang='lat' dir='ltr'> </span> 
     </span>
    </p>
   </div>
  </div>
 </body>
</html>
