5150 6534
1213 831 1363 905 262
2222 829 2943 906 LITURGIA

1424 1015 1776 1087 Sacerdos
1828 1016 2213 1087 inclinatus.
2264 1016 2553 1087 Sanctus
2608 1037 2686 1088 es
2742 1019 2926 1089 Deus
2966 1017 3194 1089 Pater:
3250 1017 3539 1089 Sanetus
3596 1017 3783 1089 Deus
3831 1017 3959 1085 Fi-

1211 1131 1361 1219 lius,
1417 1131 1706 1204 Sanctus
1758 1133 1947 1204 Deus
1976 1132 2262 1227 Spiritus
2315 1139 2620 1203 sanctus:
2674 1129 2929 1225 absque
2986 1133 3114 1201 ulla
3166 1133 3499 1201 divisione
3552 1129 3959 1201 subsistens:

1208 1270 1342 1319 una
1419 1246 1776 1320 dominatio
1856 1246 2268 1320 essentialis:
2333 1269 2503 1320 unus
2574 1248 2762 1319 Deus
2850 1245 3214 1318 invisibilis.
3327 1249 3455 1333 Qui
3539 1245 3959 1319 nihilominus

1210 1382 1425 1454 genus
1477 1361 1830 1434 humanum
1883 1372 2182 1435 nostrum
2236 1370 2590 1456 tantopere
2641 1361 2894 1446 dilexit..
2952 1373 3018 1433 ιιι
3074 1385 3222 1433 cum
3294 1385 3331 1433 a
3407 1365 3687 1457 pristina
3739 1361 3959 1453 gloria

1209 1500 1333 1550 sua
1388 1477 1769 1566 cecidisset,
1808 1500 1931 1573 per
1971 1477 2448 1569 benignitatem
2480 1498 2686 1561 suam,
2746 1477 2978 1545 Filium
3018 1481 3421 1565 unigenitum,
3463 1481 3639 1549 misit
3691 1477 3775 1549 ad
3835 1501 3959 1547 sa-

1212 1593 1414 1663 lutem
1469 1604 1784 1665 nostram.
1828 1597 1837 1605 '
1890 1592 2045 1687 Ipse
2109 1614 2282 1664 vero
2360 1614 2631 1664 carnem
2686 1593 2998 1677 induens,
3074 1613 3343 1661 carnem
3411 1593 3703 1665 divinam
3767 1593 3951 1677 feeit,

1210 1728 1336 1802 per
1403 1712 1713 1781 unionem
1767 1707 2211 1796 ineffabilem3
2263 1710 2580 1803 viamque
2632 1709 2834 1778 nohis
2894 1712 3154 1801 paravit
3210 1713 3623 1781 ascensionis
3659 1713 3723 1777 in
3779 1729 3955 1781 eoe—

1202 1823 1371 1894 lum:
1429 1825 1783 1917 omniaque
1833 1823 2118 1896 humana
2170 1822 2480 1919 perfecit,
2533 1823 2890 1917 legemque
2942 1825 3343 1917 adimplevit.

1419 1939 1719 2011 Elevans
1786 1961 2035 2010 vocem.
2139 1938 2229 2010 Et
2279 1950 2480 2012 nocte
2532 1937 2645 2010 illa
2698 1961 3006 2033 suprema
3030 1993 3046 2025 ,
3106 1961 3234 2033 qua
3290 1961 3451 2009 mex.
3483 1937 3771 2009 futurum
3803 1949 3955 2009 erat

1208 2063 1278 2125 ut
1331 2055 1630 2126 salvaret
1680 2064 2084 2126 creaturam:
2166 2053 2517 2149 legemque
2571 2054 2962 2145 obsignat-et
3030 2065 3094 2125 et
3162 2057 3559 2149 compleret:
3631 2053 3959 2145 simulque
4010 2084 4016 2093 ·

1207 2169 1409 2242 Novo
1466 2170 1896 2243 Testamento
1950 2170 2139 2241 daret
2189 2173 2476 2258 initium,
2531 2169 3030 2263 doctrinamque.
3098 2173 3274 2241 vitae
3331 2169 3643 2265 ‘plenam-³
3708 2165 3955 2241 salva-

1209 2295 1315 2356 tos
1370 2308 1410 2356 a
1464 2308 1542 2356 se
1595 2284 1900 2358 doceret:
1954 2306 2194 2380 panem
2260 2283 2774 2376 ²fermentatum
2834 2289 3090 2377 accepit
3146 2289 3210 2353 in
3264 2309 3495 2357 manus
3543 2309 3701 2358 suas
3731 2305 3955 2377 purae,

1208 2411 1277 2471 et
1328 2402 1509 2472 Patri
1564 2404 1815 2492 gratias
1869 2422 2118 2491 agene,
2172 2408 2214 2483 †
2268 2399 2640 2487 benedixit,
2694 2409 2734 2481 †
2790 2399 3254 2484 sanetificavil.
3322 2409 3363 2481 -Ι-
3415 2401 3619 2489 fregit
3679 2401 3955 2470 divisit-

1209 2538 1339 2609 que
1393 2515 1733 2610 discipulis
1790 2527 1859 2586 et
1887 2515 2072 2587 dixit.
2099 2509 2128 2550 ³
2203 2517 2567 2609 Accipite,
2613 2517 3030 2597 manducate,
3086 2517 3367 2605 credite,
3423 2521 3675 2585 eteerti
3707 2525 3955 2601 estote,

1185 2642 1406 2725 *atque
1474 2635 1564 2703 ita
1636 2631 2016 2725 praedicate
2086 2642 2154 2702 et
2218 2631 2493 2702 docete:
2563 2630 2741 2726 quod
2811 2652 3057 2726 corpus
3127 2652 3347 2702 meum
3395 2628 3526 2703 hoc
3576 2638 3722 2715 est,
3764 2625 3959 2722 quod

1205 2769 1331 2841 pro
1388 2747 1601 2819 salute
1656 2746 1874 2817 mundi
1926 2747 2287 2838 frangitur,
2343 2757 2410 2817 et
2460 2743 2588 2819 illis
2643 2750 2754 2841 qui
2808 2745 3162 2819 comedunt
3213 2744 3370 2816 illud
3423 2755 3495 2816 et
3552 2742 3836 2815 credunt
3885 2746 3958 2813 in

1206 2884 1345 2948 me,
1404 2862 1515 2933 dat
1567 2867 2016 2957 expiationem
2073 2872 2502 2958 peccatorum
2559 2873 2625 2933 et
2676 2866 2883 2933 vitam
2937 2872 3296 2933 aeternam.

1416 2978 1736 3069 Populus.
1843 2980 2080 3049 Amen.
3378 3049 3382 3053 .

1417 3093 1783 3164 Sacerdos,
1864 3092 2180 3164 Similiter
2230 3093 2722 3188 prosequendo,
2776 3095 3032 3188 accepit
3085 3094 3282 3164 etiam
3349 3094 3604 3177 vinum,
3656 3098 3732 3161 et
3793 3080 3956 3162 illud

1199 3211 1381 3299 justa
1436 3211 1904 3303 proportione,
1958 3232 2105 3279 cum
2162 3210 2539 3280 miscuisset
2592 3231 2798 3303 aqua,
2862 3215 2904 3290 †
2956 3205 3331 3293 benedixit,
3394 3212 3437 3287 †
3489 3206 3954 3294 sanctificavit,

1205 3326 1262 3410 -Χ-
1316 3324 1623 3418 deditque
1676 3325 1850 3396 illum
1917 3323 2151 3395 iisdem
2225 3322 2605 3418 discipulis,
2676 3322 2923 3394 dicens.
3027 3325 3368 3417 Accipite,
3431 3319 3641 3394 bibite
3704 3344 3801 3393 ex
3866 3343 3954 3394 eo

1206 3461 1336 3511 vos
1392 3461 1662 3511 omnes:
1719 3450 1786 3510 et
1838 3439 2126 3523 credite,
2181 3442 2349 3510 certi
2402 3448 2656 3524 estote,
2724 3448 2923 3532 atque
2976 3442 3067 3509 ita
3121 3437 3508 3533 praedicate
3557 3447 3629 3508 et
3677 3435 3955 3509 docete:

1206 3554 1384 3648 quod
1437 3555 1541 3625 hie
1593 3566 1699 3626 est
1752 3557 2026 3647 sanguis
2078 3577 2302 3641 meuS,
2358 3558 2465 3648 qui
2519 3576 2643 3650 pro
2710 3554 2923 3626 salute
2991 3553 3207 3625 mundi
3281 3552 3661 3625 effunditur:
3736 3554 3955 3645 iisque

1207 3671 1318 3762 qui
1372 3670 1600 3741 bibunt
1652 3670 1829 3741 illum
1885 3680 1952 3741 et
2005 3670 2282 3741 credunt
2336 3675 2401 3741 in
2454 3692 2598 3758 me,
2667 3670 2780 3742 dat
2833 3671 3285 3763 expiationem
3342 3678 3821 3763 peccatorum,
3888 3676 3958 3737 et

1203 3789 1409 3856 vitam
1466 3796 1823 3857 aeternam.
2245 3786 2563 3878 Populus.
2672 3787 2909 3858 Amen.

1412 3900 1779 3971 Sacerdos
1886 3902 2043 3976 Illos
2098 3905 2295 3974 etiam
2349 3905 2654 3996 corporis
2710 3910 2776 3971 et
2828 3902 3169 3991 sanguinis
3234 3901 3335 3969 sui
3399 3901 3649 3986 sancti,
3720 3901 3954 3996 'parti-

1203 4018 1386 4109 cipes
1439 4013 1727 4102 facieuS,
1783 4018 2079 4089 doctrina
2136 4018 2359 4087 divina
2415 4015 2651 4087 erudiit
2702 4015 2971 4102 dicens3
3036 4014 3581 4109 quemadmodum
3650 4035 3763 4083 me
3830 4016 3954 4084 vi-

1205 4127 1392 4199 distis
1444 4128 1728 4217 fecisse,
1782 4134 1870 4201 ita
1925 4129 2127 4202 facite
2195 4140 2263 4201 et
2315 4130 2553 4201 docete
2608 4130 2692 4201 ad
2746 4131 3446 4202 commemorationem
3497 4150 3633 4201 non
3689 4127 3952 4199 oblivi-

1202 4244 1516 4316 scendam
1545 4246 2058 4340 dispensationis
2082 4269 2301 4331 meae,
2326 4258 2393 4317 et
2420 4246 2500 4316 ad
2532 4245 2809 4317 salutem
2839 4248 3021 4316 vitae
3049 4247 3955 4317 vestraex-resurrectionem

1203 4379 1467 4453 quoque
1519 4383 1733 4431 meam
1789 4360 2040 4432 credite
2060 4414 2081 4448 ,
2137 4373 2203 4434 et
2255 4366 2320 4431 in
2376 4383 2482 4431 me
2537 4370 2839 4456 sperate,
2912 4359 3237 4454 simulque
3298 4358 3655 4431 adventum
3726 4380 3950 4430 meum

1202 4493 1414 4566 usque
1468 4474 1553 4545 ad
1604 4471 1796 4546 finem
1853 4486 2225 4569 expectate.
2282 4491 2303 4511 ·

1410 4589 1728 4681 Populus.
1837 4590 2072 4662 Mortis
2127 4602 2277 4663 tuae
2331 4591 2616 4664 Domine
2671 4594 3055 4663 memoriam
3112 4594 3389 4682 agimus.

1409 4702 1775 4774 Sacerdos.
1884 4704 2025 4776 Nos
2082 4716 2300 4777 autem
2352 4707 2639 4781 Domine
2703 4707 2931 4788 Deus,
3003 4705 3288 4802 populus
3355 4716 3506 4777 tuus
3558 4714 3629 4777 et
3676 4704 3956 4777 baere-

1198 4818 1369 4889 ditas
1426 4829 1567 4904 tua,
1625 4841 1792 4912 quos
1849 4818 2124 4891 salvasti
2179 4844 2301 4917 per
2353 4822 2708 4895 adventum
2776 4834 2987 4907 tuum,
3046 4828 3241 4915 juxta
3308 4820 3674 4892 doctrinam
3736 4820 3958 4917 Apo—

1200 4931 1520 5003 stolorum
1572 4942 1831 5005 tuorum
1888 4947 2292 5024 sanctorum,
2349 4925 2911 5033 praeceptumque
2940 4938 3360 5024 dominicum,
3416 4957 3681 5007 omnem
3701 4939 3961 5030 perio-

1200 5045 1354 5117 dum
1388 5046 1901 5143 dispensationis
1947 5060 2099 5121 tuae
2135 5055 2199 5120 in
2237 5053 2502 5141 mundo,
2535 5074 3156 5143 commemoramus,
3209 5057 3276 5123 in
3316 5053 3557 5124 faciem
3582 5050 3962 5126 adorantes

1199 5171 1268 5231 et
1321 5164 1708 5237 confitentes
1764 5162 1909 5236 tibi:
1979 5170 2086 5259 qui
2142 5177 2332 5238 natus
2387 5190 2462 5241 es
2518 5191 2608 5240 ex
2661 5170 2941 5262 Virgine
2995 5177 3259 5242 sancta:
3316 5171 3426 5262 qui
3461 5170 3701 5263 pannis
3733 5171 3962 5243 invo—

1193 5273 1366 5347 lutus
1440 5300 1554 5365 eS,
1630 5293 1695 5352 et
1760 5283 2013 5376 positus
2083 5285 2149 5352 in
2220 5287 2573 5379 praesepio
2641 5284 3013 5356 animalium
3032 5311 3077 5356 :A
3117 5285 3228 5379 qui
3291 5282 3663 5379 baptisatus
3733 5306 3820 5359 es
3891 5288 3964 5358 in
