5150 6534
588 832 663 905 492
1094 831 1455 908 ttuuuutt

588 1041 700 1090 eorum
739 1041 891 1108 suorum,
918 1016 1072 1089 volantes
1101 1015 1184 1087 ulter
1212 1016 1436 1104 adulterum,
1472 1017 1719 1104 vociferantur,
1753 1018 1898 1092 clamant
1931 1030 1966 1093 et

590 1134 709 1205 dicunt.
1100 1131 1260 1223 Populus.
1313 1134 1433 1205 Arnen.

692 1249 867 1320 Sacerdos
899 1248 1091 1319 incfiuatm.
1144 1247 1288 1320 Sanctus
1317 1271 1367 1336 es,
1395 1260 1530 1320 sanctus
1558 1271 1613 1322 es:
1641 1248 1836 1323 benedictus
1855 1250 1965 1325 bonor

586 1377 661 1436 tuus
689 1388 709 1434 e
737 1364 813 1436 loco
842 1387 919 1435 suo:
949 1364 1091 1434 Sanctus
1119 1385 1156 1434 cs
1185 1368 1287 1435 trinus
1316 1374 1349 1434 et
1375 1386 1479 1451 unae,
1508 1368 1562 1458 qui
1590 1363 1821 1454 aeteruum,
1850 1366 1962 1437 Sera-

587 1480 695 1575 pbim,
724 1491 756 1550 et
783 1479 925 1550 Tbronis
953 1478 1176 1564 benediceris,
1205 1479 1438 1566 sanctificariS,
1467 1490 1500 1550 ct
1526 1479 1740 1571 glorificaris:
1768 1485 1823 1576 qui
1840 1481 1963 1554 aVir-

588 1596 730 1682 tutibus,
757 1594 992 1682 Potestatibus,
1015 1605 1048 1664 et
1069 1595 1356 1667 Dominationibus
1372 1595 1561 1686 bonorariS,
1587 1596 1744 1687 laudaris,
1771 1607 1805 1667 et
1822 1596 1962 1668 exaita-

588 1716 651 1781 ris:
680 1717 734 1805 qui
757 1711 1043 1805 aPrincipatibus,
1057 1709 1296 1802 Archangelis,
1325 1721 1358 1781 ct
1374 1712 1529 1802 Angelis,
1546 1711 1731 1800 extolleris,
1749 1711 1961 1803 glorificaris

589 1837 622 1896 ct
650 1826 850 1914 celebraris3
879 1838 1031 1919 tanquam
1065 1826 1148 1896 lucis
1181 1824 1441 1913 scrutatoribuS,
1476 1839 1509 1898 et
1542 1827 1764 1922 praeconibus
1798 1831 1962 1901 veritatis.

524 1981 526 1985 ·
589 1942 664 2012 Tibi
693 1946 746 2037 qui
774 1966 811 2012 es
839 1964 937 2037 supra
966 1941 1081 2012 faudes
1109 1964 1224 2013 omncs
1261 1942 1533 2014 sanctificantium
1568 1953 1619 2028 te,
1655 1942 1794 2036 placuit,
1830 1953 1866 2014 ut
1896 1966 1962 2016 nos

587 2070 776 2152 postremos
811 2069 936 2128 tuarum
974 2068 1219 2143 creaturarum,
1260 2061 1440 2153 participes
1475 2069 1552 2129 tuae
1589 2068 1727 2129 naturae
1758 2059 1891 2130 faceres
1929 2068 1964 2131 et

588 2172 686 2243 fitium
716 2183 823 2260 tuum,
850 2173 1021 2267 aequalem
1050 2174 1107 2244 tibi
1135 2183 1251 2244 natura
1280 2184 1313 2244 ct
1330 2178 1424 2265 regia
1454 2173 1611 2265 dignitate
1627 2177 1744 2246 misisti
1759 2173 1962 2247 directorem

586 2290 729 2360 futurum
757 2292 936 2360 animarum
964 2300 1170 2377 nostrarum,
1198 2301 1454 2385 nostrorumque
1481 2292 1650 2384 spirituum
1670 2289 1898 2362 Salvatorem:
1929 2300 1964 2360 et
2020 2298 2022 2303 '

588 2429 633 2475 ex
660 2404 800 2496 Virgine
828 2415 962 2491 sancta,
992 2428 1077 2498 quac
1106 2405 1285 2476 secundum
1313 2427 1434 2499 corpus
1463 2416 1496 2475 et
1523 2407 1662 2475 animam
1689 2428 1772 2499 pura
1788 2405 1877 2477 facta
1896 2417 1963 2494 est,

586 2520 726 2592 formam
756 2524 900 2614 accepit,
928 2530 963 2589 ut
990 2518 1213 2592 conueniebat
1240 2521 1281 2592 ad
1310 2520 1448 2594 salutem
1475 2531 1634 2592 nostram.

692 2636 867 2707 Sacerdos
893 2635 1030 2705 efeouna
1055 2658 1180 2705 oocenu.
1239 2635 1299 2707 flle
1331 2646 1439 2707 auteur
1472 2658 1533 2729 per
1567 2640 1853 2710 annunciationem
1885 2639 1965 2708 Ar-

588 2752 741 2843 changeli
769 2751 810 2822 ad
839 2753 1049 2822 existentiam
1076 2753 1188 2838 veuit,
1223 2749 1430 2845 formamque
1466 2749 1639 2822 humanam
1675 2751 1888 2841 mirabiliter,
1930 2762 1965 2823 et

588 2890 710 2963 corpus
739 2877 876 2936 naturae
903 2875 1039 2935 nostrae
1067 2870 1262 2956 genuinum,
1291 2865 1473 2938 humanitus
1501 2870 1649 2961 accepit:
1684 2870 1716 2936 in
1751 2889 1792 2938 co
1820 2871 1965 2939 virtutes

588 2997 621 3055 et
649 2982 805 3055 miracula
834 2991 991 3076 operatus
1019 2993 1071 3052 est
1098 2980 1564 3068 adinstitutionemnostram,
1591 2982 1797 3076 perfecitque
1815 2986 1965 3054 uuiver-

586 3124 657 3173 sum
686 3099 963 3192 dispensationem
992 3119 1085 3167 suam
1113 3097 1302 3185 salutarem,
1330 3106 1363 3168 et
1389 3101 1481 3168 venit
1508 3097 1549 3167 ad
1571 3100 1774 3192 passionem,
1801 3120 1965 3170 crucem-

589 3239 652 3309 que
681 3214 899 3286 voluntariam
927 3234 988 3306 pro
1017 3211 1125 3284 nobis.
1183 3211 1259 3284 21ιι
1297 3236 1338 3284 ca
1371 3223 1479 3284 autem
1507 3223 1606 3284 nocte
1634 3237 1698 3307 qua
1725 3224 1860 3308 paratus
1888 3225 1966 3286 crat

588 3330 630 3400 ad
658 3329 859 3423 patiendum,
886 3350 947 3421 pro
975 3331 1044 3399 vita
1072 3338 1317 3418 creaturarum,
1353 3332 1474 3422 pignus
1501 3332 1592 3399 vitae
1620 3328 1751 3399 tradidit
1777 3329 1893 3415 nobie,
1930 3341 1965 3401 et

587 3447 782 3539 mysterium
810 3446 961 3537 corporis
989 3454 1023 3514 et
1050 3447 1221 3535 sanguinis
1247 3449 1298 3516 sui
1322 3447 1427 3516 sancti
1455 3449 1670 3539 praeparavit
1696 3445 1809 3517 nobis:
1836 3467 1962 3541 panem

588 3562 729 3653 accepit,
756 3569 931 3652 postquam
959 3560 1157 3652 perfecisset
1183 3560 1313 3631 Pascha
1340 3561 1537 3647 bfosaioum,
1566 3569 1599 3629 et
1619 3583 1719 3656 super
1736 3582 1852 3632 manus
1880 3583 1964 3632 suas

587 3684 721 3745 sanctas
749 3677 780 3743 in
809 3686 991 3767 conspectu
1020 3674 1136 3746 turbae
1164 3686 1197 3746 et
1224 3681 1395 3748 societatis
1419 3676 1651 3771 discipulorum
1679 3698 1814 3748 suorum
1840 3678 1964 3770 posuit,

588 3789 646 3860 tibi
674 3791 766 3860 Deus
793 3788 894 3859 Pater
926 3794 1052 3881 gratias
1085 3794 1173 3883 egit,
1207 3791 1437 3879 †benedixit‚
1474 3798 1494 3873 t
1530 3793 1769 3880 sanctificavit,
1802 3791 1962 3883 †frcgit,

588 3903 741 3996 deditque
769 3905 884 3976 turbae
911 3905 1083 3978 duodecim
1119 3930 1271 3994 suorum,
1303 3917 1477 4002 postquam
1512 3911 1586 4002 ipse
1618 3911 1894 3996 communicavit,
1928 3915 1963 3978 et

588 4019 689 4089 dixit:
718 4022 870 4115 accipite,
899 4020 986 4091 edite
1014 4045 1058 4092 en
1086 4045 1138 4094 eo.
1191 4022 1266 4094 Hoc
1299 4034 1350 4093 est
1379 4022 1510 4118 Corpus
1538 4046 1645 4094 meum
1679 4023 1768 4117 quod
1801 4044 1863 4117 pro
1890 4025 1961 4093 vita

586 4133 696 4205 mundi
722 4133 885 4226 frangitur
913 4145 944 4207 et
972 4137 1081 4223 datur,
1117 4138 1159 4209 ad
1187 4143 1411 4234 expiationem
1440 4139 1634 4210 delictorum
1661 4151 1694 4210 et
1728 4141 1960 4211 remissionom

587 4259 810 4343 peccatorum.

690 4365 852 4456 Populus.
907 4366 1024 4437 Amen.

672 4479 875 4550 'Sacerdos
916 4482 1075 4554 Similiter
1100 4494 1274 4578 postquam
1303 4493 1544 4572 coenaverunt,
1571 4483 1709 4556 calicem
1735 4487 1828 4557 vitae
1855 4508 1960 4558 acce-

591 4598 647 4688 pit,
676 4597 755 4666 vino
784 4605 817 4666 et
844 4619 929 4690 aqua
956 4601 1086 4672 miscuit
1101 4611 1295 4693 temperate,
1323 4603 1449 4691 gratias
1473 4603 1555 4691 egit,
1582 4597 1800 4688 †bcnedixit,
1827 4608 1848 4683 †
1876 4625 1960 4674 san-

588 4709 744 4782 ctificavit
779 4734 875 4801 cum,
915 4721 935 4794 †
972 4725 1005 4784 et
1036 4735 1150 4785 rursus
1191 4714 1298 4786 eidem
1345 4715 1460 4786 turbae
1495 4715 1734 4809 Apostolorum
1771 4727 1961 4791 sanctorum

588 4823 721 4896 tradidit
749 4825 874 4914 dicens,
903 4832 1061 4924 accipite,
1095 4828 1198 4902 bibite
1232 4853 1276 4902 ex
1311 4851 1352 4902 eo
1385 4852 1450 4901 vos
1477 4852 1609 4902 omnes:
1641 4830 1705 4903 Hic
1736 4844 1790 4904 est
1822 4835 1960 4924 sanguis

588 4961 681 5010 meus
708 4939 798 5014 Novi
826 4944 1030 5017 Testamenti
1064 4948 1119 5039 qui
1154 4967 1216 5040 pro
1250 4947 1350 5018 vobis
1384 4945 1572 5033 effunditur,
1607 4970 1738 5041 vosque
1773 4960 1808 5022 et
1840 4948 1962 5022 multos

589 5055 763 5127 credentes
791 5072 970 5155 praeparat
997 5061 1166 5133 advitam
1195 5072 1374 5136 aeternam.

692 5171 854 5263 Populus.
907 5178 1026 5247 Amen.

691 5285 875 5361 Sacerdos.
904 5372 906 5377 ,
942 5291 1025 5363 Cum
1066 5312 1151 5362 vero
1194 5297 1388 5389 mysterium
1430 5292 1495 5365 hoc
1530 5293 1706 5366 vivificans
1741 5304 1775 5367 et
1811 5305 1963 5369 sanctum
