5150 6534
898 851 939 927 IN
963 848 1169 926 ttutututntt
1195 845 1384 924 TllEODORl
1409 847 1659 925 llllElll'RETlS.
1891 850 1966 922 619

719 1123 753 1194 6.
790 1123 837 1192 Et
863 1126 979 1194 caniat
1005 1145 1107 1214 arrpcr
1134 1143 1207 1210 tros,
1235 1129 1269 1192 et
1295 1143 1399 1214 super
1426 1121 1630 1192 oblationem
1656 1122 1755 1209 leone,
1783 1129 1846 1195 etc.

713 1315 922 1391 lnvocnrronrs
942 1326 998 1387 ista
1019 1324 1144 1388 lormula
1158 1324 1293 1402 Graccis,
1310 1324 1452 1404 Syriacis,
1471 1324 1603 1404 Copticis
1625 1325 1822 1405 omnibusque
1845 1327 1965 1389 tandem

601 1431 813 1512 cujuscumque
836 1432 910 1491 ritus
934 1437 983 1490 aut
1006 1429 1127 1512 linguae
1140 1428 1281 1510 liturgiis
1305 1427 1407 1489 similis
1431 1434 1491 1489 cst:
1516 1434 1604 1507 atquc
1627 1428 1703 1489 atlco
1728 1427 1837 1490 lrustra
1861 1433 1966 1493 vexari

602 1550 619 1592 a
643 1529 820 1591 censoribus
843 1537 955 1609 potest,
979 1547 1045 1589 curn
1068 1528 1139 1589 nilril
1163 1535 1285 1608 praeter
1308 1534 1429 1607 recepta
1453 1527 1531 1606 apud
1555 1545 1659 1588 omncs
1679 1527 1969 1592 OrientalcsEcclc-

517 1625 523 1636 ’
599 1629 660 1691 sias
683 1627 775 1690 uerba
800 1629 959 1691 contineat.
995 1628 1024 1690 Si
1048 1627 1118 1708 quid
1142 1627 1335 1688 obscuritatis
1358 1628 1387 1687 in
1410 1625 1468 1687 illis
1492 1633 1584 1702 esset,
1609 1624 1696 1687 lacilc
1718 1645 1774 1706 per
1791 1627 1864 1688 alias
1882 1629 1967 1709 ejus-

600 1727 668 1789 dcm
697 1725 847 1788 Orationis
878 1727 1020 1788 formulas
1052 1726 1266 1806 explicaretur.
1312 1726 1393 1787 Vera
1424 1725 1513 1786 lectio
1542 1731 1660 1786 constat
1683 1743 1722 1786 cx
1745 1729 1968 1805 comparatione

601 1844 667 1886 curn
691 1825 755 1886 aliis
779 1826 920 1902 GraeciS,
943 1826 1093 1906 Syriacis,
1115 1824 1315 1906 Aegyptiacis
1339 1832 1369 1886 ot
1392 1824 1594 1903 Aethiopicis:
1618 1824 1694 1885 arico
1718 1831 1750 1885 ut
1772 1824 1850 1887 illam
1872 1827 1967 1888 relm-

601 1942 676 2007 gcrc
704 1942 836 1986 summac
865 1925 1040 1986 temeritatis
1071 1924 1119 2000 sit,
1144 1943 1209 1984 cum
1234 1923 1304 1985 nilril
1328 1923 1434 1985 habeat
1456 1923 1653 1984 Nestorianuc
1677 1930 1779 1985 sectae
1802 1928 1967 2004 proprium,

600 2024 656 2086 setl
679 2041 864 2085 communem
887 2025 1034 2103 exprimat
1058 2023 1218 2086 Orientalis
1241 2024 1397 2085 Ecclesiae
1409 2022 1591 2104 Liturgicam
1614 2021 1809 2101 disciplinam.
1855 2024 1968 2086 Petitur

602 2141 658 2204 per
681 2123 758 2183 illam
782 2123 957 2195 orationem,
980 2123 1077 2205 gratia
1101 2123 1228 2202 Spiritus
1252 2125 1358 2198 sancti,
1381 2129 1413 2183 ut
1435 2120 1583 2199 adveniat,
1607 2139 1666 2182 non
1689 2121 1777 2182 modo
1801 2140 1892 2202 super
1914 2143 1967 2184 sa-

601 2221 754 2283 cerdotem
778 2238 865 2282 sacra
888 2220 1056 2296 facientem,
1079 2221 1134 2282 sctl
1157 2222 1244 2282 ctiam
1267 2240 1362 2302 super
1384 2240 1489 2301 panem
1504 2228 1533 2281 ct
1547 2219 1685 2281 calicem:
1709 2239 1808 2299 nequo
1832 2220 1867 2281 ad
1891 2222 1966 2284 sim-

600 2321 709 2403 pliccm
733 2328 845 2382 tantum
868 2321 1116 2394 benedictionem,
1142 2328 1173 2380 ut
1196 2321 1224 2380 in
1249 2323 1334 2401 aquis
1357 2319 1591 2401 baptismalibus,
1616 2319 1745 2400 ‹ilcoquc
1765 2319 1968 2383 Catcclrurnc-

602 2438 708 2482 norum
735 2419 784 2480 vel
804 2417 988 2495 Cirrismatc,
1013 2419 1117 2480 autad
1141 2437 1212 2480 vasa
1236 2438 1340 2481 sacra:
1374 2419 1429 2481 sed
1452 2427 1484 2480 ut
1506 2417 1660 2494 inhabitet,
1683 2418 1798 2481 scilicet
1821 2419 1967 2502 singulari

600 2520 835 2582 sanctificatione
859 2526 1016 2598 utrumque
1040 2526 1212 2594 consecret,
1235 2518 1372 2581 iaciendo
1396 2526 1427 2580 ut
1449 2537 1506 2599 per
1520 2519 1658 2579 virtutem
1677 2518 1815 2595 divinam,
1839 2518 1897 2580 lroc
1920 2527 1967 2580 cst

599 2637 656 2698 per
683 2618 872 2694 miraculum,
902 2619 988 2698 panis
1017 2617 1066 2678 srat
1096 2635 1206 2697 corpus
1234 2619 1350 2680 Domini
1380 2617 1454 2679 lesu
1486 2615 1606 2681 Clrristi.
1653 2616 1738 2677 llanc
1768 2623 1865 2677 autem
1896 2637 1966 2679 csse

601 2738 703 2779 reram
735 2715 933 2779 lrrvocationis
962 2718 1124 2779 secundum
1151 2717 1347 2780 Nestorianos
1376 2718 1567 2795 sententiam,
1599 2716 1773 2779 consumunt
1803 2718 1967 2793 orationcS,

601 2837 677 2897 quac
701 2837 718 2879 a
740 2817 876 2877 Diacono
900 2817 1048 2895 dicuntur,
1073 2825 1102 2878 et
1124 2824 1265 2878 notantur
1288 2820 1317 2878 in
1339 2816 1534 2898 Euclrologiis
1558 2815 1783 2896 ctllorologiis,
1807 2816 1836 2875 in
1859 2817 1965 2896 quibus

599 2918 638 2977 ita
661 2916 811 2977 scribitur.
855 2915 936 2976 Ecce
963 2936 1068 2977 menso
1093 2918 1195 2995 positu
1225 2924 1270 2976 cst
1291 2918 1322 2977 in
1344 2925 1450 2977 sarecto
1477 2915 1676 2986 Sanctorum
1705 2917 1882 2995 irrcocotque
1903 2915 1967 2976 So-

600 3015 710 3074 cerdos
731 3014 874 3093 Spiritum
897 3024 1033 3075 surrctmu
1055 3017 1107 3095 qui
1127 3015 1269 3089 illabitur,
1293 3022 1322 3075 ct
1342 3015 1460 3075 tantum
1481 3017 1512 3074 irt
1531 3033 1626 3092 prorue,
1649 3015 1845 3093 misceturque
1868 3015 1967 3076 cul-ici.

600 3113 685 3185 Quae
710 3121 740 3173 ut
764 3111 819 3172 alia
843 3113 988 3194 ejusmodi
1012 3115 1118 3192 multa,
1146 3111 1292 3175 lloridiori
1315 3113 1509 3174 Orientalium
1533 3112 1601 3174 stilo
1625 3129 1772 3192 expressa
1795 3110 1968 3191 simpliciter

599 3211 784 3292 significant,
814 3212 1050 3290 potentissimam
1080 3215 1109 3274 in
1133 3212 1210 3274 dona
1233 3214 1387 3293 proposita
1412 3214 1616 3292 operationem
1642 3209 1770 3290 Spiritus
1792 3215 1907 3288 sancti,
1935 3220 1967 3273 ut

599 3311 671 3371 liant
694 3310 723 3370 id
746 3310 826 3390 quod
850 3329 910 3373 non
934 3318 1029 3388 erant,
1053 3330 1163 3391 corpus
1186 3312 1304 3373 scilicet
1327 3320 1356 3373 ct
1373 3310 1501 3394 Sanguis
1514 3310 1637 3373 Christi:
1661 3325 1720 3370 non
1744 3310 1772 3369 in
1795 3310 1967 3388 suscipien-

598 3416 656 3486 tes,
679 3416 711 3470 ut
734 3428 790 3490 per
813 3409 900 3473 lirlcm
924 3411 974 3472 liat
997 3410 1054 3473 illis
1079 3412 1198 3491 Corpus
1222 3417 1252 3471 ct
1275 3409 1404 3492 Sanguis
1429 3410 1552 3471 Clrristi:
1576 3408 1631 3470 secl
1655 3409 1683 3468 in
1707 3427 1771 3484 cos,
1796 3409 1966 3483 suornodo,

600 3517 633 3570 ut
660 3509 710 3570 illa
742 3509 834 3590 tligne
866 3510 1042 3591 suscipiant.
1087 3510 1213 3590 Reliqua
1241 3509 1278 3570 ad
1309 3509 1533 3573 lnvocutionem
1556 3516 1586 3569 et
1609 3507 1681 3567 alias
1705 3505 1789 3586 lruy'us
1813 3505 1967 3590 Liturgiac

599 3618 702 3689 partes
726 3608 921 3688 explicandas
944 3610 1134 3691 pertinentia,
1157 3611 1188 3670 in
1211 3610 1289 3671 notis
1313 3609 1349 3670 ad
1372 3608 1604 3691 praecedentes,
1627 3613 1767 3687 quantum
1790 3624 1866 3687 opus
1890 3612 1966 3685 crat,

600 3707 738 3785 exposita
761 3716 838 3767 sunt.
