5150 6534
595 856 670 931 428
972 793 982 812 ⁴
1084 856 1442 934 LITURGIA

593 1042 668 1115 libri
693 1045 788 1139 hujus
815 1068 836 1117 a
861 1044 936 1117 Deo
970 1046 1119 1140 inspirati
1152 1042 1376 1139 divinitusque
1408 1041 1565 1136 demissi,
1597 1055 1631 1116 et
1661 1066 1820 1138 magnam
1852 1066 1963 1120 return

593 1159 753 1232 lectarum
780 1163 1014 1254 cognitionem.
1054 1158 1243 1232 Exercistis
1269 1181 1460 1233 sermonem
1485 1167 1654 1255 potentem
1681 1161 1808 1251 tribue,
1840 1165 1962 1257 quque

593 1279 699 1371 possit
724 1275 883 1369 frangere
910 1280 1066 1372 impetum
1097 1274 1305 1349 daemonum.
1356 1242 1426 1348 dlis
1453 1277 1510 1372 qni
1535 1278 1570 1348 iu
1594 1284 1761 1372 potestate
1793 1280 1964 1350 constituti

594 1402 683 1480 suut,
718 1393 759 1464 da
786 1402 822 1464 ut
848 1392 969 1464 nrdlam
995 1390 1139 1463 habeant
1164 1396 1198 1463 in
1221 1390 1345 1484 judicic
1371 1413 1592 1486 personarum
1616 1395 1867 1487 acceptionem
1893 1415 1962 1466 ne-

594 1532 658 1602 que
685 1508 774 1604 quod
800 1507 889 1581 facto
916 1531 1001 1604 opus
1029 1517 1062 1579 et
1088 1530 1230 1604 aequum
1257 1516 1321 1596 est,
1346 1506 1520 1602 repellant
1572 1506 1616 1581 lis
1649 1530 1736 1581 vero
1770 1511 1829 1604 qui
1860 1512 1962 1582 vitam

593 1623 857 1720 Philosophicam
892 1623 1038 1720 amplexi
1070 1636 1164 1712 suut,
1197 1622 1348 1696 conceda
1379 1632 1416 1695 ut
1446 1624 1577 1718 possint
1606 1622 1784 1696 retuudme
1821 1626 1962 1722 impetus

594 1744 721 1826 carnis,
749 1744 804 1836 qui
831 1739 1001 1812 difficulter
1027 1743 1179 1812 coerceri
1206 1751 1344 1836 queunt,
1371 1751 1406 1812 et
1430 1751 1467 1812 ut
1492 1762 1699 1837 quacumque
1725 1739 1811 1814 lrora
1838 1740 1962 1814 decer-

593 1866 662 1928 tent
687 1857 853 1929 adversus
880 1860 1017 1928 astutias
1044 1853 1244 1951 deceptoris.

696 1973 847 2045 Eleonns
871 1994 997 2043 nocem.
1051 1972 1193 2059 Quando
1221 1971 1354 2067 quidem
1378 1994 1464 2045 vero
1492 1971 1543 2044 luis
1570 1973 1722 2046 omnibus
1755 1983 1859 2069 atque
1891 1971 1963 2048 olda

593 2088 757 2182 ejusmodi
783 2087 873 2180 digni
905 2087 985 2160 facti
1016 2087 1147 2175 fuimus,
1180 2091 1340 2183 viamque
1370 2087 1466 2161 nobis
1502 2091 1611 2159 tritam
1642 2088 1890 2182 quodammodo
1921 2088 1963 2162 ad

593 2204 723 2277 coelum
747 2202 888 2275 fecimus
919 2198 944 2291 ⁹,
972 2225 1160 2298 agnumque
1186 2208 1335 2276 occisum
1356 2227 1458 2300 super
1477 2203 1582 2276 altare
1600 2203 1764 2292 videmus,
1792 2204 1963 2277 etlumine

594 2322 792 2413 cognitionis
813 2321 878 2392 Dei
893 2330 1048 2416 tanquam
1072 2318 1203 2411 fulgure
1222 2316 1326 2391 afflati
1346 2342 1471 2411 sumus,
1497 2341 1565 2391 non
1581 2342 1627 2392 ex
1645 2319 1806 2416 operibus
1826 2322 1962 2408 nostris,
2051 2304 2053 2317 '

593 2435 654 2508 sed
681 2456 727 2506 ex
753 2439 876 2507 virtute
902 2446 936 2507 et
961 2446 1129 2531 potestate
1155 2436 1250 2528 hujus
1276 2437 1459 2526 ministerii,
1485 2459 1561 2508 curn
1585 2435 1703 2508 fidncia
1731 2436 1841 2532 qualis
1867 2436 1963 2508 decet

594 2561 747 2641 sanctos,
774 2554 944 2624 orationes
970 2562 1104 2623 nostras
1129 2551 1288 2643 facimus,
1322 2551 1542 2648 deprecantes
1571 2561 1605 2622 te
1631 2561 1760 2625 arnator
1795 2552 1963 2626 hominum

593 2670 754 2756 Domine,
787 2675 822 2737 ut
855 2670 902 2739 sis
929 2670 1092 2764 propitius
1117 2671 1267 2764 peccatis
1293 2671 1417 2739 nostris
1448 2671 1678 2762 pergratiam
1703 2666 1963 2740 sanctificantem

594 2784 735 2879 Spiritus
762 2786 809 2855 tui
835 2786 959 2870 sancti,
994 2806 1057 2878 per
1088 2806 1187 2878 quam
1220 2786 1320 2856 etiam
1345 2781 1429 2856 lraec
1454 2785 1613 2879 mysteria
1639 2782 1738 2856 uobis
1763 2805 1962 2880 praeparas,

593 2912 629 2973 ut
653 2900 745 2993 digni
771 2900 948 2973 efficiamur
974 2923 1089 2974 eorum
1117 2903 1342 2996 susceptione,
1368 2902 1454 2972 sicut
1477 2898 1542 2971 illis
1572 2902 1739 2971 convenit
1793 2898 1961 2972 Memento

594 3021 693 3089 etiam
718 3039 780 3112 per
806 3016 1066 3089 misericordiam
1092 3028 1127 3089 et
1152 3017 1379 3102 clementiam,
1412 3013 1589 3088 Ecclesiae
1619 3025 1696 3088 tuae
1722 3024 1863 3089 sanctae
1890 3011 1961 3087 Ga-

592 3133 736 3205 tholicae
762 3143 796 3204 et
818 3132 1047 3228 Apostolicae,
1074 3143 1108 3204 et
1133 3130 1342 3229 plenitudinis
1365 3128 1634 3203 Orthodoxorum
1660 3132 1776 3225 quiin
1803 3152 1847 3203 ea
1874 3141 1962 3222 suut3

594 3261 629 3321 ut
656 3273 731 3321 eam
756 3271 897 3345 prorsus
923 3253 1099 3321 immunem
1125 3247 1231 3321 facias
1259 3248 1300 3320 ah
1329 3250 1417 3320 omni
1451 3244 1615 3319 diabolico
1646 3245 1804 3341 maloque
1837 3268 1961 3335 errore,

594 3376 628 3437 ct
653 3369 826 3462 impiorum
854 3364 1025 3461 perplexis
1052 3362 1327 3459 disputationibus
1354 3372 1388 3435 et
1413 3361 1456 3434 ab
1484 3365 1573 3434 omni
1598 3361 1750 3435 futilitate
1773 3363 1961 3457 opinionum

593 3482 795 3570 haereseos,
831 3502 916 3575 quiae
951 3491 1141 3577 corrumpat
1177 3483 1337 3566 animam,
1371 3490 1470 3574 atque
1503 3476 1545 3549 ab
1581 3480 1669 3549 omni
1700 3480 1840 3550 crimine
1877 3478 1961 3575 quod

595 3596 821 3668 confusionem
849 3595 997 3668 inducat:
1025 3606 1059 3682 et
1083 3595 1268 3670 referemus
1296 3596 1354 3668 tibi
1381 3595 1533 3687 gloriam.

698 3712 859 3805 Populus.
912 3712 1031 3783 Amen.

697 3825 873 3898 Sacerdos
900 3827 1090 3899 inclinatus.
1143 3826 1311 3898 Memento
1353 3821 1383 3860 ¹⁰
1415 3827 1559 3899 Domine
1592 3835 1626 3896 et
1660 3847 1779 3897 eorum
1811 3830 1868 3922 qui
1899 3824 1959 3897 linc

572 4017 579 4034 ,Χ
595 3966 700 4037 usque
727 3946 758 4013 in
784 3940 939 4015 Ecclesia
966 3954 1020 4015 tua
1046 3946 1131 4031 nati,
1168 3954 1202 4015 et
1233 3945 1266 4013 iu
1298 3964 1384 4014 vera
1409 3942 1573 4033 religione
1599 3943 1734 4038 instituti
1762 3952 1855 4014 sunt:
1883 3942 1959 4014 illu·

595 4061 682 4129 miua
709 4080 771 4131 eos
798 4060 953 4149 Domine,
980 4059 1101 4131 lumine
1129 4061 1327 4151 cognitionis
1354 4067 1441 4146 tuae,
1469 4067 1503 4130 et
1528 4056 1667 4129 lavacro
1694 4064 1959 4152 regenerationis

596 4173 715 4265 dignos
749 4174 822 4248 illos
856 4174 963 4248 edice:
998 4185 1031 4246 et
1062 4174 1237 4271 perficiens
1270 4197 1331 4247 eos
1365 4173 1407 4246 ad
1440 4196 1539 4246 omne
1574 4175 1728 4245 virtutum
1761 4198 1888 4267 genus,
1920 4174 1959 4247 da

594 4289 658 4361 illis
684 4300 720 4361 ut
746 4313 828 4385 pure
854 4291 1000 4363 evadant
1025 4294 1056 4361 in
1083 4293 1192 4362 vuum
1219 4289 1412 4386 perfectum,
1440 4289 1619 4361 secundum
1635 4313 1826 4364 mensuram
1845 4293 1959 4363 aetatis

595 4405 803 4501 plenitudinis
831 4404 961 4478 Christi.
1014 4406 1183 4478 Memento
1209 4407 1351 4479 Domine
1378 4416 1412 4476 et
1438 4404 1578 4494 illorum,
1606 4408 1661 4500 qui
1686 4406 1786 4479 hodie
1812 4406 1959 4481 oblatio-

594 4543 655 4593 nes
689 4520 747 4593 tibi
783 4521 979 4611 obtulerunt,
1013 4532 1047 4592 et
1080 4521 1217 4594 fratrum
1252 4530 1439 4593 nostrorum
1479 4524 1534 4617 qui
1566 4520 1750 4594 inciderunt
1782 4526 1816 4594 in
1848 4527 1958 4597 varias

595 4635 705 4708 mundi
733 4635 949 4728 calamitates,
976 4648 1076 4732 atque
1102 4638 1240 4710 salutern
1266 4639 1348 4732 ipsis
1378 4640 1444 4709 cito
1470 4647 1616 4734 praesta,
1643 4641 1807 4732 quianon
1832 4635 1958 4712 esttibi

596 4749 801 4847 impossibile
827 4750 928 4823 ullum
954 4752 1112 4843 verbum,
1148 4763 1187 4846 et¹
1215 4751 1356 4849 plurima
1389 4752 1476 4849 apud
1511 4764 1544 4825 te
1574 4752 1826 4826 misericordiae
1859 4773 1959 4846 seges

597 4877 657 4939 est.
710 4867 763 4938 Ne
789 4867 877 4939 fame
904 4872 1038 4940 enecari
1064 4871 1199 4965 patiaris
1226 4889 1287 4940 eos
1315 4869 1371 4962 qui
1396 4878 1591 4965 paupertate
1611 4867 1815 4962 affliguntur:
1841 4869 1959 4965 lacry-

596 5005 668 5054 mas
688 4983 861 5056 viduarum
882 4983 1078 5075 consolare,
1105 5008 1217 5057 curam
1239 5007 1323 5078 gere
1349 4988 1560 5059 necessitatis
1587 4984 1825 5080 orphanorum:
1854 5006 1960 5080 perer

596 5102 763 5190 grinorum
792 5122 966 5172 aerumnas
992 5105 1115 5174 visita:
1145 5123 1325 5197 compensa
1352 5105 1522 5193 augustias
1557 5123 1671 5174 eorum
1703 5104 1758 5196 qui
1792 5121 1959 5197 persecu-

597 5217 720 5285 tionem
748 5219 932 5310 patiuntur3
964 5217 1110 5291 infirmos
1138 5241 1235 5291 sana:
1267 5238 1329 5291 eos
1361 5220 1416 5311 qui
1442 5221 1476 5290 iu
1502 5216 1660 5291 custodiis
1686 5228 1720 5289 et
1752 5219 1786 5287 in
1819 5216 1961 5288 vinculis

596 5328 779 5401 detinentur
806 5354 825 5401 a
851 5334 1040 5427 captivitate
1066 5334 1181 5406 libera.
