5150 6534
596 805 672 880 486
791 843 797 848 ·
1173 802 1403 879 NOTAE

595 995 744 1087 pcccatis
781 990 986 1062 volutantur:
1022 989 1170 1084 perditos
1207 1011 1398 1081 congrega:
1435 989 1578 1082 obsigna
1612 1012 1675 1085 per
1708 1012 1847 1062 crucem
1883 999 1969 1062 tuam

595 1111 762 1199 virgines:
790 1110 988 1198 conjugatos
1016 1106 1185 1186 sanctifica
1212 1128 1273 1201 per
1300 1108 1441 1197 gratiam
1468 1116 1569 1179 tuam.
1603 1103 1743 1178 Custodi
1765 1105 1888 1178 divites
1910 1128 1970 1202 per

596 1226 751 1315 pietatem
782 1234 884 1294 tuam:
915 1227 997 1293 satia
1025 1222 1197 1294 farnelicos
1225 1233 1258 1292 ct
1283 1244 1469 1317 pauperes:
1502 1220 1659 1317 orphanis
1691 1233 1725 1294 et
1757 1220 1870 1294 viduis
1904 1221 1969 1294 ali·

596 1348 706 1408 menta
733 1339 890 1434 provide:
919 1342 1051 1432 suscipe
1078 1338 1246 1433 lacrymas
1273 1341 1520 1432 poenitentium,
1548 1347 1582 1408 et
1603 1336 1745 1430 obsigna
1765 1359 1832 1410 nos
1853 1360 1968 1411 omnes

594 1473 656 1546 per
683 1476 814 1524 crucem
844 1466 938 1524 tuam.
991 1454 1180 1525 Praeserva
1207 1475 1270 1525 nos
1298 1450 1341 1523 ab
1368 1453 1493 1524 invidia
1519 1462 1678 1543 satanae,
1708 1464 1743 1525 et
1768 1477 1788 1524 a
1824 1457 1969 1549 nequitia

595 1566 771 1639 hominum.
811 1569 957 1640 Benedic
984 1573 1082 1660 gregi
1110 1580 1165 1640 tuo
1193 1567 1353 1664 spirituali
1362 1622 1373 1650 .
1402 1580 1434 1640 et
1461 1567 1591 1640 effunde
1616 1568 1869 1643 benedictiones
1897 1581 1968 1642 tans

596 1706 784 1778 supernos
814 1708 941 1756 omnes.
978 1686 1123 1777 lgnosce
1149 1684 1212 1756 illis
1243 1687 1297 1779 qni
1325 1694 1527 1780 acceperunt
1553 1706 1676 1780 corpus
1704 1694 1810 1756 tuum:
1838 1687 1967 1756 sancti-

595 1797 656 1867 fica
685 1821 745 1870 cos
774 1804 828 1894 qui
856 1799 1008 1871 biberunt
1035 1805 1230 1892 sanguinem
1258 1811 1357 1872 tuum.
1413 1800 1504 1872 Orna
1530 1822 1593 1872 nos
1621 1799 1769 1872 doctrina
1804 1810 1879 1886 tua,
1912 1803 1966 1871 in·

598 1913 660 1984 due
689 1938 750 1986 nos
779 1939 895 1988 omncs
916 1923 963 1988 'in
999 1916 1173 1989 thalamum
1208 1928 1306 1987 tuum.
1367 1916 1498 1987 lllentes
1531 1926 1664 1988 nostras
1696 1918 1891 2008 cognitione
1924 1917 1966 1988 tui

596 2032 764 2122 sapientes
792 2032 903 2103 edice:
938 2033 1038 2104 corda
1066 2044 1181 2104 nostra
1209 2032 1366 2103 confirma
1394 2036 1427 2103 in
1460 2035 1601 2102 veritate
1633 2042 1701 2103 tua:
1736 2034 1867 2103 animos
1894 2017 1966 2104 'no-

596 2155 683 2216 stros
710 2145 835 2216 robora
863 2169 924 2241 per
951 2148 1212 2219 miscricordiam
1240 2159 1337 2218 tuam.
1392 2146 1488 2218 Oculi
1522 2149 1626 2219 nostri
1653 2146 1789 2219 videant
1818 2150 1964 2220 timorem

596 2269 697 2349 tuum
723 2282 783 2331 ora
810 2274 924 2333 nostra
942 2265 1133 2359 repleantur
1152 2267 1321 2361 mysteriis
1341 2266 1464 2334 sanctis
1485 2267 1561 2352 ldie,
1588 2262 1700 2353 lingua
1720 2273 1838 2336 nostra
1863 2286 1963 2334 euar-

595 2385 647 2444 rot
673 2375 790 2446 laudes
827 2388 918 2449 tuas:
953 2378 1042 2450 labia
1078 2390 1192 2452 nostra
1224 2382 1401 2450 concinant
1433 2376 1575 2472 hymnos
1610 2378 1651 2449 ad
1687 2389 1775 2449 tuam
1810 2377 1969 2472 gloriam:-

595 2511 735 2579 gressus
763 2502 897 2564 nostros
926 2493 1033 2585 dirige
1060 2499 1092 2564 in
1120 2499 1245 2565 semitis
1274 2497 1353 2566 tuis:
1381 2492 1476 2564 fidem
1498 2505 1644 2565 nostram
1674 2498 1708 2565 in
1740 2505 1772 2565 te
1800 2492 1962 2568 contirma.

595 2606 648 2675 Da
676 2605 773 2678 uoltis
800 2611 953 2679 virtutem
981 2619 1016 2681 ut
1043 2633 1219 2681 servemus
1247 2608 1400 2681 mandata
1428 2618 1492 2680 tua.
1552 2610 1692 2682 Praesta
1725 2609 1824 2683 nobis
1855 2614 1963 2683 omni-

595 2719 657 2791 bus
686 2726 810 2793 exitum
837 2725 1023 2817 pacificum,
1050 2735 1084 2796 et
1110 2724 1165 2796 fac
1192 2749 1253 2797 nos
1280 2728 1461 2820 pervenire
1488 2725 1530 2795 ad
1557 2726 1654 2797 finem
1680 2724 1826 2798 beatum.
1861 2727 1963 2798 Parce

595 2834 758 2908 defunctis
785 2837 951 2924 fidelibus,
986 2851 1019 2911 et
1053 2844 1194 2935 quictem
1227 2841 1291 2912 illis
1319 2852 1453 2935 praesta
1479 2843 1511 2911 in
1539 2840 1681 2914 thalamo
1708 2853 1784 2930 tuo,
1822 2847 1897 2938 quia
1924 2843 1962 2915 ad

595 2971 712 3019 omnes
739 2950 888 3024 homines
916 2956 1106 3027 extenditur
1132 2960 1242 3046 gratia
1271 2968 1336 3043 tua,
1366 2967 1465 3050 tuque
1492 2956 1621 3028 esRex
1639 2958 1860 3047 saeculorum,
1889 2959 1963 3030 Do·

595 3067 701 3136 minus
730 3069 884 3140 vivorum
913 3082 946 3142 ct
973 3083 1193 3143 mortuorum:
1221 3073 1345 3167 tibique
1372 3072 1512 3163 gloriam
1530 3073 1709 3162 oilerimus,
1738 3085 1771 3145 et
1789 3076 1881 3147 Patri
1899 3085 1964 3165 tuo,

595 3189 628 3248 et
655 3179 788 3275 Spiritui
817 3198 933 3258 sancto
962 3198 1035 3275 tuo,
1064 3199 1126 3258 etc.

699 3297 859 3392 Populus.
912 3305 1033 3377 Amen.

698 3413 887 3489 Diaconos.
941 3420 1088 3493 Benedic
1115 3424 1267 3494 Domine.

700 3530 884 3605 Sacerdos.
938 3537 1084 3609 Benedic
1112 3537 1273 3611 omnibus.

662 4277 725 4363 lN
775 4277 1157 4374 tt'tdttdtltt
1211 4287 1499 4379 tdtttts
1551 4287 1903 4382 ldddtttl'tt

1194 4494 1383 4582 toust..

690 4766 743 4842 Dn
776 4780 827 4841 illo
857 4780 976 4845 Joanne
1006 4794 1129 4862 praeter
1152 4788 1266 4849 titulum
1290 4790 1339 4869 qui
1363 4791 1428 4869 ejus
1451 4789 1603 4872 Liturgiae
1626 4789 1781 4869 praefixus
1804 4798 1868 4865 est,
1900 4790 1970 4853 nilril

591 4882 718 4941 scimus:
744 4901 809 4944 nam
834 4882 914 4962 quod
937 4884 1166 4950 observavimus
1190 4891 1269 4969 alibi,
1293 4892 1505 4955 obscurissima
1529 4900 1585 4970 est,
1609 4893 1658 4954 vel
1681 4893 1782 4973 potius
1806 4894 1892 4956 nulla
1905 4895 1972 4956 An·

591 4979 800 5042 tioclrenorum
822 4982 1027 5044 Jacobitarum
1050 4985 1191 5050 Historia.
1232 4990 1348 5051 Nullius
1371 4994 1451 5053 onim
1474 4993 1587 5054 autoris
1611 4994 1661 5073 qui
1676 5012 1740 5054 earn
1758 4993 1972 5073 descripserit,

591 5079 734 5139 memoria
765 5088 827 5156 cst,
858 5098 959 5161 neque
986 5083 1091 5146 saltem
1123 5087 1271 5150 indiculus
1294 5090 1532 5152 Patriarclrarum
1555 5093 1605 5171 qui
1627 5092 1785 5154 Ecclesiae
1808 5092 1853 5154 illi
1878 5112 1973 5173 prae·

592 5172 722 5254 luerunt,
746 5189 897 5258 superest.
929 5180 1062 5245 loannes
1087 5186 1198 5266 aliquot
1221 5188 1314 5249 luisse
1338 5190 1389 5268 qui
1407 5190 1635 5253 l‘atriarclralem
1651 5189 1834 5252 Cathedram
1859 5200 1974 5255 tenuc-

591 5277 659 5330 runt
683 5276 811 5352 scimus,
841 5286 930 5359 atquc
954 5281 1031 5342 inter
1054 5283 1129 5346 alios
1152 5286 1254 5348 istum:
1284 5287 1373 5348 alium
1397 5291 1576 5369 cognomine
1599 5289 1691 5351 lilium
1713 5287 1851 5352 llaadni:
1884 5292 1974 5355 alium
