<?xml version="1.0" encoding="UTF-8"?>
<!DOCTYPE html PUBLIC "-//W3C//DTD XHTML 1.0 Transitional//EN"
    "http://www.w3.org/TR/xhtml1/DTD/xhtml1-transitional.dtd">
<html xmlns="http://www.w3.org/1999/xhtml" xml:lang="en" lang="en">
 <head>
  <title>
</title>
<meta http-equiv="Content-Type" content="text/html;charset=utf-8" />
  <meta name='ocr-system' content='tesseract 3.04.00' />
  <meta name='ocr-capabilities' content='ocr_page ocr_carea ocr_par ocr_line ocrx_word'/>
</head>
<body>
  <div class='ocr_page' id='page_1' title='image "./liturgiarumorie00renagoog_0502.png"; bbox 0 0 5150 6534; ppageno 0'>
   <div class='ocr_carea' id='block_1_1' title="bbox 592 833 1455 911">
    <p class='ocr_par' dir='ltr' id='par_1_1' title="bbox 592 833 1455 911">
     <span class='ocr_line' id='line_1_1' title="bbox 592 833 1455 911; baseline 0.001 -3"><span class='ocrx_word' id='word_1_1' title='bbox 592 833 670 908; x_wconf 87' lang='grc'><strong>464</strong></span> <span class='ocrx_word' id='word_1_2' title='bbox 1095 833 1455 911; x_wconf 79' lang='lat' dir='ltr'><strong>ittutdll</strong></span> 
     </span>
    </p>
   </div>
   <div class='ocr_carea' id='block_1_2' title="bbox 499 1022 2062 5401">
    <p class='ocr_par' dir='ltr' id='par_1_2' title="bbox 592 1022 1965 1695">
     <span class='ocr_line' id='line_1_2' title="bbox 592 1022 1963 1116; baseline -0.001 -24"><span class='ocrx_word' id='word_1_3' title='bbox 592 1022 758 1114; x_wconf 75' lang='lat' dir='ltr'>impietate</span> <span class='ocrx_word' id='word_1_4' title='bbox 785 1022 977 1114; x_wconf 90' lang='lat' dir='ltr'><strong>permistas,</strong></span> <span class='ocrx_word' id='word_1_5' title='bbox 1008 1029 1042 1093; x_wconf 91' lang='lat' dir='ltr'><strong>et</strong></span> <span class='ocrx_word' id='word_1_6' title='bbox 1066 1022 1215 1116; x_wconf 82' lang='lat' dir='ltr'><strong>pericula</strong></span> <span class='ocrx_word' id='word_1_7' title='bbox 1243 1025 1467 1093; x_wconf 88' lang='lat' dir='ltr'><strong>sustinuerunt</strong></span> <span class='ocrx_word' id='word_1_8' title='bbox 1493 1028 1631 1115; x_wconf 90' lang='lat' dir='ltr'><strong>propter</strong></span> <span class='ocrx_word' id='word_1_9' title='bbox 1656 1022 1836 1091; x_wconf 85' lang='lat' dir='ltr'><strong>veritatem</strong></span> <span class='ocrx_word' id='word_1_10' title='bbox 1864 1027 1963 1090; x_wconf 87' lang='lat' dir='ltr'><strong>tuam.</strong></span> 
     </span>
     <span class='ocr_line' id='line_1_3' title="bbox 592 1134 1965 1230; baseline 0.001 -26"><span class='ocrx_word' id='word_1_11' title='bbox 592 1134 725 1205; x_wconf 90' lang='lat' dir='ltr'><strong>Illorum</strong></span> <span class='ocrx_word' id='word_1_12' title='bbox 753 1145 931 1222; x_wconf 84' lang='lat' dir='ltr'><strong>memento,</strong></span> <span class='ocrx_word' id='word_1_13' title='bbox 958 1135 1112 1224; x_wconf 84' lang='lat' dir='ltr'><strong>Domine,</strong></span> <span class='ocrx_word' id='word_1_14' title='bbox 1139 1146 1174 1207; x_wconf 90' lang='lat' dir='ltr'><strong>et</strong></span> <span class='ocrx_word' id='word_1_15' title='bbox 1200 1137 1293 1208; x_wconf 86' lang='lat' dir='ltr'><strong>effice</strong></span> <span class='ocrx_word' id='word_1_16' title='bbox 1320 1146 1356 1208; x_wconf 89' lang='lat' dir='ltr'><strong>ut</strong></span> <span class='ocrx_word' id='word_1_17' title='bbox 1381 1138 1462 1230; x_wconf 93' lang='lat' dir='ltr'><strong>ipsis</strong></span> <span class='ocrx_word' id='word_1_18' title='bbox 1489 1134 1613 1207; x_wconf 83' lang='lat' dir='ltr'>similes</span> <span class='ocrx_word' id='word_1_19' title='bbox 1641 1134 1838 1221; x_wconf 72' lang='lat' dir='ltr'><strong>evadamus,</strong></span> <span class='ocrx_word' id='word_1_20' title='bbox 1871 1140 1965 1205; x_wconf 93' lang='lat' dir='ltr'><strong>utin</strong></span> 
     </span>
     <span class='ocr_line' id='line_1_4' title="bbox 595 1250 1965 1346; baseline 0 -26"><span class='ocrx_word' id='word_1_21' title='bbox 595 1273 710 1322; x_wconf 87' lang='lat' dir='ltr'><strong>mensa</strong></span> <span class='ocrx_word' id='word_1_22' title='bbox 738 1275 834 1345; x_wconf 86' lang='lat' dir='ltr'><strong>quam</strong></span> <span class='ocrx_word' id='word_1_23' title='bbox 862 1250 959 1323; x_wconf 88' lang='lat' dir='ltr'><strong>nobis</strong></span> <span class='ocrx_word' id='word_1_24' title='bbox 986 1262 1205 1346; x_wconf 90' lang='lat' dir='ltr'><strong>paraverunt,</strong></span> <span class='ocrx_word' id='word_1_25' title='bbox 1240 1251 1323 1325; x_wconf 92' lang='lat' dir='ltr'><strong>hora</strong></span> <span class='ocrx_word' id='word_1_26' title='bbox 1358 1273 1564 1346; x_wconf 88' lang='lat' dir='ltr'><strong>quacumque</strong></span> <span class='ocrx_word' id='word_1_27' title='bbox 1598 1251 1784 1345; x_wconf 85' lang='lat' dir='ltr'><strong>epulemur,</strong></span> <span class='ocrx_word' id='word_1_28' title='bbox 1820 1260 1858 1321; x_wconf 89' lang='lat' dir='ltr'><strong>et</strong></span> <span class='ocrx_word' id='word_1_29' title='bbox 1892 1272 1965 1321; x_wconf 91' lang='lat' dir='ltr'><strong>cnm</strong></span> 
     </span>
     <span class='ocr_line' id='line_1_5' title="bbox 595 1364 1965 1464; baseline 0.001 -29"><span class='ocrx_word' id='word_1_30' title='bbox 595 1366 658 1438; x_wconf 91' lang='lat' dir='ltr'><strong>illis</strong></span> <span class='ocrx_word' id='word_1_31' title='bbox 684 1379 763 1460; x_wconf 90' lang='lat' dir='ltr'><strong>potu</strong></span> <span class='ocrx_word' id='word_1_32' title='bbox 790 1370 882 1438; x_wconf 88' lang='lat' dir='ltr'><strong>vitae</strong></span> <span class='ocrx_word' id='word_1_33' title='bbox 909 1389 1006 1460; x_wconf 88' lang='lat' dir='ltr'><strong>quem</strong></span> <span class='ocrx_word' id='word_1_34' title='bbox 1035 1378 1321 1464; x_wconf 88' lang='lat' dir='ltr'><strong>praeparaverunt</strong></span> <span class='ocrx_word' id='word_1_35' title='bbox 1354 1366 1468 1453; x_wconf 92' lang='lat' dir='ltr'><strong>nobis,</strong></span> <span class='ocrx_word' id='word_1_36' title='bbox 1501 1368 1674 1456; x_wconf 88' lang='lat' dir='ltr'><strong>satiemur,</strong></span> <span class='ocrx_word' id='word_1_37' title='bbox 1706 1376 1742 1436; x_wconf 91' lang='lat' dir='ltr'><strong>ut</strong></span> <span class='ocrx_word' id='word_1_38' title='bbox 1776 1364 1965 1457; x_wconf 82' lang='lat' dir='ltr'>agminibus</span> 
     </span>
     <span class='ocr_line' id='line_1_6' title="bbox 596 1480 1965 1577; baseline 0 -26"><span class='ocrx_word' id='word_1_39' title='bbox 596 1504 710 1553; x_wconf 87' lang='lat' dir='ltr'><strong>eorum</strong></span> <span class='ocrx_word' id='word_1_40' title='bbox 738 1486 874 1569; x_wconf 88' lang='lat' dir='ltr'><strong>sociati,</strong></span> <span class='ocrx_word' id='word_1_41' title='bbox 910 1493 943 1552; x_wconf 92' lang='lat' dir='ltr'><strong>et</strong></span> <span class='ocrx_word' id='word_1_42' title='bbox 970 1485 1055 1551; x_wconf 86' lang='lat' dir='ltr'><strong>inter</strong></span> <span class='ocrx_word' id='word_1_43' title='bbox 1081 1494 1197 1555; x_wconf 88' lang='lat' dir='ltr'><strong>coetus</strong></span> <span class='ocrx_word' id='word_1_44' title='bbox 1225 1506 1340 1556; x_wconf 92' lang='lat' dir='ltr'><strong>eorum</strong></span> <span class='ocrx_word' id='word_1_45' title='bbox 1366 1484 1562 1568; x_wconf 88' lang='lat' dir='ltr'><strong>lloreamus,</strong></span> <span class='ocrx_word' id='word_1_46' title='bbox 1598 1481 1807 1577; x_wconf 75' lang='lat' dir='ltr'><strong>hymnosque</strong></span> <span class='ocrx_word' id='word_1_47' title='bbox 1834 1480 1965 1573; x_wconf 90' lang='lat' dir='ltr'><strong>gloriae</strong></span> 
     </span>
     <span class='ocr_line' id='line_1_7' title="bbox 594 1597 1592 1695; baseline 0 -27"><span class='ocrx_word' id='word_1_48' title='bbox 594 1620 752 1670; x_wconf 87' lang='lat' dir='ltr'><strong>canamus</strong></span> <span class='ocrx_word' id='word_1_49' title='bbox 780 1599 850 1684; x_wconf 83' lang='lat' dir='ltr'><strong>tibi,</strong></span> <span class='ocrx_word' id='word_1_50' title='bbox 875 1597 1029 1680; x_wconf 85' lang='lat' dir='ltr'><strong>Domine,</strong></span> <span class='ocrx_word' id='word_1_51' title='bbox 1058 1608 1092 1669; x_wconf 86' lang='lat' dir='ltr'><strong>et</strong></span> <span class='ocrx_word' id='word_1_52' title='bbox 1116 1597 1213 1688; x_wconf 88' lang='lat' dir='ltr'><strong>Filio,</strong></span> <span class='ocrx_word' id='word_1_53' title='bbox 1241 1611 1274 1671; x_wconf 92' lang='lat' dir='ltr'><strong>et</strong></span> <span class='ocrx_word' id='word_1_54' title='bbox 1301 1600 1437 1695; x_wconf 88' lang='lat' dir='ltr'><strong>Spiritui</strong></span> <span class='ocrx_word' id='word_1_55' title='bbox 1464 1608 1592 1671; x_wconf 87' lang='lat' dir='ltr'><strong>sancto.</strong></span> 
     </span>
    </p>

    <p class='ocr_par' dir='ltr' id='par_1_3' title="bbox 698 1715 1030 1806">
     <span class='ocr_line' id='line_1_8' title="bbox 698 1715 1030 1806; baseline 0.003 -22"><span class='ocrx_word' id='word_1_56' title='bbox 698 1715 858 1806; x_wconf 79' lang='lat' dir='ltr'><strong>Populus.</strong></span> <span class='ocrx_word' id='word_1_57' title='bbox 910 1715 1030 1786; x_wconf 81' lang='lat' dir='ltr'><strong>Amen.</strong></span> 
     </span>
    </p>

    <p class='ocr_par' dir='ltr' id='par_1_4' title="bbox 595 1830 1966 2388">
     <span class='ocr_line' id='line_1_9' title="bbox 698 1830 1966 1925; baseline 0.001 -27"><span class='ocrx_word' id='word_1_58' title='bbox 698 1830 872 1902; x_wconf 75' lang='lat' dir='ltr'><strong>Sacerdos</strong></span> <span class='ocrx_word' id='word_1_59' title='bbox 898 1831 1089 1901; x_wconf 81' lang='lat' dir='ltr'><strong>inclinatus.</strong></span> <span class='ocrx_word' id='word_1_60' title='bbox 1126 1832 1191 1901; x_wconf 90' lang='lat' dir='ltr'><strong>Per</strong></span> <span class='ocrx_word' id='word_1_61' title='bbox 1218 1831 1419 1904; x_wconf 88' lang='lat' dir='ltr'><strong>oblationem</strong></span> <span class='ocrx_word' id='word_1_62' title='bbox 1446 1830 1530 1901; x_wconf 89' lang='lat' dir='ltr'><strong>hanc</strong></span> <span class='ocrx_word' id='word_1_63' title='bbox 1556 1830 1688 1925; x_wconf 90' lang='lat' dir='ltr'><strong>plenam</strong></span> <span class='ocrx_word' id='word_1_64' title='bbox 1716 1830 1818 1916; x_wconf 88' lang='lat' dir='ltr'><strong>vitae,</strong></span> <span class='ocrx_word' id='word_1_65' title='bbox 1847 1839 1882 1899; x_wconf 90' lang='lat' dir='ltr'><strong>et</strong></span> <span class='ocrx_word' id='word_1_66' title='bbox 1905 1850 1966 1924; x_wconf 88' lang='lat' dir='ltr'><strong>per</strong></span> 
     </span>
     <span class='ocr_line' id='line_1_10' title="bbox 595 1944 1965 2042; baseline -0.001 -24"><span class='ocrx_word' id='word_1_67' title='bbox 595 1945 792 2018; x_wconf 85' lang='lat' dir='ltr'><strong>sacrificium</strong></span> <span class='ocrx_word' id='word_1_68' title='bbox 819 1944 881 2016; x_wconf 94' lang='lat' dir='ltr'><strong>hoc</strong></span> <span class='ocrx_word' id='word_1_69' title='bbox 908 1957 1074 2033; x_wconf 84' lang='lat' dir='ltr'><strong>sanctum,</strong></span> <span class='ocrx_word' id='word_1_70' title='bbox 1108 1956 1242 2042; x_wconf 90' lang='lat' dir='ltr'><strong>praesta</strong></span> <span class='ocrx_word' id='word_1_71' title='bbox 1270 1947 1636 2020; x_wconf 84' lang='lat' dir='ltr'><strong>Domine&#39;memoriam</strong></span> <span class='ocrx_word' id='word_1_72' title='bbox 1662 1944 1785 2018; x_wconf 90' lang='lat' dir='ltr'><strong>bonam</strong></span> <span class='ocrx_word' id='word_1_73' title='bbox 1812 1944 1965 2016; x_wconf 91' lang='lat' dir='ltr'><strong>omnibus</strong></span> 
     </span>
     <span class='ocr_line' id='line_1_11' title="bbox 596 2059 1966 2156; baseline 0 -25"><span class='ocrx_word' id='word_1_74' title='bbox 596 2062 759 2132; x_wconf 82' lang='lat' dir='ltr'><strong>defunctis</strong></span> <span class='ocrx_word' id='word_1_75' title='bbox 786 2060 947 2148; x_wconf 85' lang='lat' dir='ltr'><strong>fidelibus,</strong></span> <span class='ocrx_word' id='word_1_76' title='bbox 975 2060 1048 2132; x_wconf 91' lang='lat' dir='ltr'><strong>liliis</strong></span> <span class='ocrx_word' id='word_1_77' title='bbox 1075 2061 1249 2135; x_wconf 84' lang='lat' dir='ltr'><strong>Ecclesiae</strong></span> <span class='ocrx_word' id='word_1_78' title='bbox 1277 2073 1412 2134; x_wconf 84' lang='lat' dir='ltr'><strong>sanctae</strong></span> <span class='ocrx_word' id='word_1_79' title='bbox 1433 2061 1659 2149; x_wconf 81' lang='lat' dir='ltr'><strong>Orthodoxae,</strong></span> <span class='ocrx_word' id='word_1_80' title='bbox 1688 2059 1727 2130; x_wconf 90' lang='lat' dir='ltr'><strong>ad</strong></span> <span class='ocrx_word' id='word_1_81' title='bbox 1753 2059 1861 2156; x_wconf 86' lang='lat' dir='ltr'><strong>altare</strong></span> <span class='ocrx_word' id='word_1_82' title='bbox 1878 2070 1966 2131; x_wconf 91' lang='lat' dir='ltr'><strong>tuum</strong></span> 
     </span>
     <span class='ocr_line' id='line_1_12' title="bbox 595 2174 1966 2271; baseline -0.004 -22"><span class='ocrx_word' id='word_1_83' title='bbox 595 2177 784 2271; x_wconf 74' lang='lat' dir='ltr'><strong>spirituale,</strong></span> <span class='ocrx_word' id='word_1_84' title='bbox 820 2190 853 2249; x_wconf 92' lang='lat' dir='ltr'><strong>et</strong></span> <span class='ocrx_word' id='word_1_85' title='bbox 880 2177 984 2248; x_wconf 88' lang='lat' dir='ltr'><strong>coelis</strong></span> <span class='ocrx_word' id='word_1_86' title='bbox 1012 2179 1199 2266; x_wconf 82' lang='lat' dir='ltr'><strong>excelsius,</strong></span> <span class='ocrx_word' id='word_1_87' title='bbox 1227 2179 1416 2250; x_wconf 85' lang='lat' dir='ltr'><strong>concedens</strong></span> <span class='ocrx_word' id='word_1_88' title='bbox 1445 2178 1508 2248; x_wconf 92' lang='lat' dir='ltr'><strong>illis</strong></span> <span class='ocrx_word' id='word_1_89' title='bbox 1536 2180 1668 2248; x_wconf 87' lang='lat' dir='ltr'><strong>veniam</strong></span> <span class='ocrx_word' id='word_1_90' title='bbox 1704 2174 1901 2247; x_wconf 87' lang='lat' dir='ltr'><strong>delictorum</strong></span> <span class='ocrx_word' id='word_1_91' title='bbox 1933 2184 1966 2245; x_wconf 88' lang='lat' dir='ltr'><strong>et</strong></span> 
     </span>
     <span class='ocr_line' id='line_1_13' title="bbox 595 2293 1618 2388; baseline 0 -25"><span class='ocrx_word' id='word_1_92' title='bbox 595 2297 825 2364; x_wconf 81' lang='lat' dir='ltr'><strong>remissionem</strong></span> <span class='ocrx_word' id='word_1_93' title='bbox 852 2305 1084 2387; x_wconf 90' lang='lat' dir='ltr'><strong>peccatorum;</strong></span> <span class='ocrx_word' id='word_1_94' title='bbox 1111 2298 1291 2388; x_wconf 86' lang='lat' dir='ltr'><strong>praecipue</strong></span> <span class='ocrx_word' id='word_1_95' title='bbox 1318 2316 1402 2364; x_wconf 88' lang='lat' dir='ltr'><strong>vero</strong></span> <span class='ocrx_word' id='word_1_96' title='bbox 1430 2294 1473 2363; x_wconf 87' lang='lat' dir='ltr'><strong>N.</strong></span> <span class='ocrx_word' id='word_1_97' title='bbox 1501 2294 1545 2363; x_wconf 91' lang='lat' dir='ltr'><strong>N.</strong></span> <span class='ocrx_word' id='word_1_98' title='bbox 1573 2293 1618 2363; x_wconf 88' lang='lat' dir='ltr'><strong>N.</strong></span> 
     </span>
    </p>

    <p class='ocr_par' dir='ltr' id='par_1_5' title="bbox 595 2407 2062 3894">
     <span class='ocr_line' id='line_1_14' title="bbox 698 2407 2062 2502; baseline -0.002 -24"><span class='ocrx_word' id='word_1_99' title='bbox 698 2407 874 2479; x_wconf 78' lang='lat' dir='ltr'><strong>Sacerdos</strong></span> <span class='ocrx_word' id='word_1_100' title='bbox 900 2409 1037 2479; x_wconf 74' lang='lat' dir='ltr'><strong>elecctos</strong></span> <span class='ocrx_word' id='word_1_101' title='bbox 1063 2431 1187 2479; x_wconf 71' lang='lat' dir='ltr'><strong>cocere.</strong></span> <span class='ocrx_word' id='word_1_102' title='bbox 1246 2410 1331 2495; x_wconf 82' lang='lat' dir='ltr'><strong>Quia</strong></span> <span class='ocrx_word' id='word_1_103' title='bbox 1359 2419 1391 2480; x_wconf 88' lang='lat' dir='ltr'><strong>tu</strong></span> <span class='ocrx_word' id='word_1_104' title='bbox 1419 2420 1647 2480; x_wconf 73' lang='lat' dir='ltr'><strong>remunerator</strong></span> <span class='ocrx_word' id='word_1_105' title='bbox 1673 2427 1800 2502; x_wconf 89' lang='lat' dir='ltr'><strong>aequus</strong></span> <span class='ocrx_word' id='word_1_106' title='bbox 1829 2428 1881 2493; x_wconf 91' lang='lat' dir='ltr'><strong>es,</strong></span> <span class='ocrx_word' id='word_1_107' title='bbox 1905 2411 1965 2478; x_wconf 91' lang='lat' dir='ltr'><strong>vi·</strong></span> <span class='ocrx_word' id='word_1_108' title='bbox 2057 2461 2062 2475; x_wconf 92' lang='lat'><strong><em>.</em></strong></span> 
     </span>
     <span class='ocr_line' id='line_1_15' title="bbox 595 2525 1965 2619; baseline 0.001 -25"><span class='ocrx_word' id='word_1_109' title='bbox 595 2547 714 2595; x_wconf 82' lang='lat' dir='ltr'><strong>rorum</strong></span> <span class='ocrx_word' id='word_1_110' title='bbox 742 2535 775 2595; x_wconf 87' lang='lat' dir='ltr'><strong>ot</strong></span> <span class='ocrx_word' id='word_1_111' title='bbox 802 2535 1017 2610; x_wconf 90' lang='lat' dir='ltr'><strong>mortuorum,</strong></span> <span class='ocrx_word' id='word_1_112' title='bbox 1046 2536 1144 2619; x_wconf 89' lang='lat' dir='ltr'><strong>atque</strong></span> <span class='ocrx_word' id='word_1_113' title='bbox 1172 2529 1204 2595; x_wconf 91' lang='lat' dir='ltr'><strong>in</strong></span> <span class='ocrx_word' id='word_1_114' title='bbox 1231 2525 1382 2597; x_wconf 91' lang='lat' dir='ltr'><strong>manibus</strong></span> <span class='ocrx_word' id='word_1_115' title='bbox 1407 2528 1468 2595; x_wconf 91' lang='lat' dir='ltr'><strong>tuis</strong></span> <span class='ocrx_word' id='word_1_116' title='bbox 1488 2528 1588 2619; x_wconf 89' lang='lat' dir='ltr'><strong>positi</strong></span> <span class='ocrx_word' id='word_1_117' title='bbox 1610 2533 1686 2595; x_wconf 88' lang='lat' dir='ltr'><strong>sunt</strong></span> <span class='ocrx_word' id='word_1_118' title='bbox 1705 2526 1842 2617; x_wconf 88' lang='lat' dir='ltr'><strong>spiritus</strong></span> <span class='ocrx_word' id='word_1_119' title='bbox 1861 2525 1965 2595; x_wconf 87' lang='lat' dir='ltr'><strong>omms</strong></span> 
     </span>
     <span class='ocr_line' id='line_1_16' title="bbox 597 2639 1965 2736; baseline -0.001 -25"><span class='ocrx_word' id='word_1_120' title='bbox 597 2644 716 2712; x_wconf 88' lang='lat' dir='ltr'><strong>carnis.</strong></span> <span class='ocrx_word' id='word_1_121' title='bbox 778 2639 828 2711; x_wconf 87' lang='lat' dir='ltr'><strong>Te</strong></span> <span class='ocrx_word' id='word_1_122' title='bbox 859 2663 1017 2733; x_wconf 85' lang='lat' dir='ltr'><strong>rogamus</strong></span> <span class='ocrx_word' id='word_1_123' title='bbox 1049 2642 1192 2713; x_wconf 88' lang='lat' dir='ltr'><strong>Domine</strong></span> <span class='ocrx_word' id='word_1_124' title='bbox 1225 2665 1286 2736; x_wconf 92' lang='lat' dir='ltr'><strong>pro</strong></span> <span class='ocrx_word' id='word_1_125' title='bbox 1321 2642 1492 2730; x_wconf 85' lang='lat' dir='ltr'><strong>omnibus,</strong></span> <span class='ocrx_word' id='word_1_126' title='bbox 1526 2643 1579 2734; x_wconf 93' lang='lat' dir='ltr'><strong>qui</strong></span> <span class='ocrx_word' id='word_1_127' title='bbox 1609 2644 1705 2732; x_wconf 89' lang='lat' dir='ltr'><strong>jussu</strong></span> <span class='ocrx_word' id='word_1_128' title='bbox 1739 2648 1795 2709; x_wconf 92' lang='lat' dir='ltr'><strong>tuo</strong></span> <span class='ocrx_word' id='word_1_129' title='bbox 1825 2662 1873 2710; x_wconf 84' lang='lat' dir='ltr'><strong>ex</strong></span> <span class='ocrx_word' id='word_1_130' title='bbox 1898 2643 1965 2710; x_wconf 86' lang='lat' dir='ltr'><strong>vita</strong></span> 
     </span>
     <span class='ocr_line' id='line_1_17' title="bbox 596 2754 1965 2852; baseline 0.001 -29"><span class='ocrx_word' id='word_1_131' title='bbox 596 2754 660 2827; x_wconf 87' lang='lat' dir='ltr'><strong>hac</strong></span> <span class='ocrx_word' id='word_1_132' title='bbox 688 2756 860 2850; x_wconf 88' lang='lat' dir='ltr'><strong>temporali</strong></span> <span class='ocrx_word' id='word_1_133' title='bbox 887 2756 983 2828; x_wconf 91' lang='lat' dir='ltr'><strong>soluti</strong></span> <span class='ocrx_word' id='word_1_134' title='bbox 1011 2768 1097 2847; x_wconf 77' lang='lat' dir='ltr'><strong>sunt,</strong></span> <span class='ocrx_word' id='word_1_135' title='bbox 1125 2760 1237 2852; x_wconf 93' lang='lat' dir='ltr'><strong>quiin</strong></span> <span class='ocrx_word' id='word_1_136' title='bbox 1265 2758 1330 2828; x_wconf 86' lang='lat' dir='ltr'><strong>fide</strong></span> <span class='ocrx_word' id='word_1_137' title='bbox 1357 2756 1545 2828; x_wconf 85' lang='lat' dir='ltr'><strong>orthodoxa</strong></span> <span class='ocrx_word' id='word_1_138' title='bbox 1567 2760 1806 2847; x_wconf 80' lang='lat' dir='ltr'><strong>migraverunt,</strong></span> <span class='ocrx_word' id='word_1_139' title='bbox 1835 2765 1871 2826; x_wconf 93' lang='lat' dir='ltr'><strong>ut</strong></span> <span class='ocrx_word' id='word_1_140' title='bbox 1888 2777 1965 2825; x_wconf 85' lang='lat' dir='ltr'><strong>me-</strong></span> 
     </span>
     <span class='ocr_line' id='line_1_18' title="bbox 597 2870 1965 2967; baseline 0.001 -25"><span class='ocrx_word' id='word_1_141' title='bbox 597 2875 731 2942; x_wconf 90' lang='lat' dir='ltr'><strong>mineris</strong></span> <span class='ocrx_word' id='word_1_142' title='bbox 766 2895 881 2943; x_wconf 91' lang='lat' dir='ltr'><strong>eorum</strong></span> <span class='ocrx_word' id='word_1_143' title='bbox 917 2896 978 2967; x_wconf 94' lang='lat' dir='ltr'><strong>per</strong></span> <span class='ocrx_word' id='word_1_144' title='bbox 1013 2873 1275 2946; x_wconf 91' lang='lat' dir='ltr'><strong>misericordiam</strong></span> <span class='ocrx_word' id='word_1_145' title='bbox 1309 2884 1413 2959; x_wconf 90' lang='lat' dir='ltr'><strong>tuam,</strong></span> <span class='ocrx_word' id='word_1_146' title='bbox 1449 2882 1484 2942; x_wconf 88' lang='lat' dir='ltr'><strong>et</strong></span> <span class='ocrx_word' id='word_1_147' title='bbox 1518 2870 1678 2943; x_wconf 88' lang='lat' dir='ltr'><strong>exaudias</strong></span> <span class='ocrx_word' id='word_1_148' title='bbox 1712 2874 1814 2941; x_wconf 88' lang='lat' dir='ltr'><strong>etiam</strong></span> <span class='ocrx_word' id='word_1_149' title='bbox 1846 2893 1965 2967; x_wconf 80' lang='lat' dir='ltr'><strong>preces</strong></span> 
     </span>
     <span class='ocr_line' id='line_1_19' title="bbox 597 2986 1964 3085; baseline 0.002 -28"><span class='ocrx_word' id='word_1_150' title='bbox 597 2998 730 3058; x_wconf 87' lang='lat' dir='ltr'><strong>nostras</strong></span> <span class='ocrx_word' id='word_1_151' title='bbox 752 3010 813 3082; x_wconf 90' lang='lat' dir='ltr'><strong>pro</strong></span> <span class='ocrx_word' id='word_1_152' title='bbox 837 2988 911 3074; x_wconf 90' lang='lat' dir='ltr'><strong>illis,</strong></span> <span class='ocrx_word' id='word_1_153' title='bbox 938 3012 1047 3085; x_wconf 89' lang='lat' dir='ltr'><strong>neque</strong></span> <span class='ocrx_word' id='word_1_154' title='bbox 1065 2989 1219 3080; x_wconf 83' lang='lat' dir='ltr'><strong>negligas</strong></span> <span class='ocrx_word' id='word_1_155' title='bbox 1243 2988 1510 3083; x_wconf 83' lang='lat' dir='ltr'><strong>deprecationem</strong></span> <span class='ocrx_word' id='word_1_156' title='bbox 1536 2997 1684 3059; x_wconf 89' lang='lat' dir='ltr'><strong>nostram</strong></span> <span class='ocrx_word' id='word_1_157' title='bbox 1703 2986 1834 3058; x_wconf 91' lang='lat' dir='ltr'><strong>illorum</strong></span> <span class='ocrx_word' id='word_1_158' title='bbox 1851 3009 1964 3078; x_wconf 79' lang='lat' dir='ltr'><strong>carue,</strong></span> 
     </span>
     <span class='ocr_line' id='line_1_20' title="bbox 598 3102 1965 3199; baseline -0.001 -25"><span class='ocrx_word' id='word_1_159' title='bbox 598 3108 674 3196; x_wconf 89' lang='lat' dir='ltr'><strong>quia</strong></span> <span class='ocrx_word' id='word_1_160' title='bbox 702 3105 743 3175; x_wconf 89' lang='lat' dir='ltr'><strong>ad</strong></span> <span class='ocrx_word' id='word_1_161' title='bbox 770 3108 947 3196; x_wconf 91' lang='lat' dir='ltr'><strong>imaginem</strong></span> <span class='ocrx_word' id='word_1_162' title='bbox 974 3109 1103 3196; x_wconf 86' lang='lat' dir='ltr'><strong>regiam</strong></span> <span class='ocrx_word' id='word_1_163' title='bbox 1130 3118 1218 3177; x_wconf 91' lang='lat' dir='ltr'><strong>tuam</strong></span> <span class='ocrx_word' id='word_1_164' title='bbox 1246 3108 1350 3177; x_wconf 91' lang='lat' dir='ltr'><strong>creati</strong></span> <span class='ocrx_word' id='word_1_165' title='bbox 1376 3116 1463 3190; x_wconf 90' lang='lat' dir='ltr'><strong>sunt,</strong></span> <span class='ocrx_word' id='word_1_166' title='bbox 1490 3103 1551 3175; x_wconf 90' lang='lat' dir='ltr'><strong>sed</strong></span> <span class='ocrx_word' id='word_1_167' title='bbox 1577 3126 1679 3198; x_wconf 88' lang='lat' dir='ltr'><strong>parce</strong></span> <span class='ocrx_word' id='word_1_168' title='bbox 1706 3102 1770 3174; x_wconf 92' lang='lat' dir='ltr'><strong>illis</strong></span> <span class='ocrx_word' id='word_1_169' title='bbox 1795 3126 1861 3199; x_wconf 91' lang='lat' dir='ltr'><strong>per</strong></span> <span class='ocrx_word' id='word_1_170' title='bbox 1879 3125 1965 3195; x_wconf 88' lang='lat' dir='ltr'><strong>gra-</strong></span> 
     </span>
     <span class='ocr_line' id='line_1_21' title="bbox 596 3218 1964 3313; baseline 0 -24"><span class='ocrx_word' id='word_1_171' title='bbox 596 3224 674 3290; x_wconf 89' lang='lat' dir='ltr'><strong>tiam</strong></span> <span class='ocrx_word' id='word_1_172' title='bbox 703 3231 806 3308; x_wconf 92' lang='lat' dir='ltr'><strong>tuam,</strong></span> <span class='ocrx_word' id='word_1_173' title='bbox 841 3226 980 3313; x_wconf 90' lang='lat' dir='ltr'><strong>ignosce</strong></span> <span class='ocrx_word' id='word_1_174' title='bbox 1008 3221 1071 3292; x_wconf 93' lang='lat' dir='ltr'><strong>illis</strong></span> <span class='ocrx_word' id='word_1_175' title='bbox 1099 3223 1277 3294; x_wconf 85' lang='lat' dir='ltr'><strong>secundum</strong></span> <span class='ocrx_word' id='word_1_176' title='bbox 1312 3221 1520 3292; x_wconf 88' lang='lat' dir='ltr'><strong>clementiam</strong></span> <span class='ocrx_word' id='word_1_177' title='bbox 1554 3229 1657 3291; x_wconf 91' lang='lat' dir='ltr'><strong>tuam:</strong></span> <span class='ocrx_word' id='word_1_178' title='bbox 1692 3218 1790 3289; x_wconf 89' lang='lat' dir='ltr'><strong>induo</strong></span> <span class='ocrx_word' id='word_1_179' title='bbox 1825 3220 1901 3292; x_wconf 92' lang='lat' dir='ltr'><strong>illos</strong></span> <span class='ocrx_word' id='word_1_180' title='bbox 1932 3223 1964 3289; x_wconf 92' lang='lat' dir='ltr'><strong>iu</strong></span> 
     </span>
     <span class='ocr_line' id='line_1_22' title="bbox 597 3326 1964 3429; baseline -0.001 -23"><span class='ocrx_word' id='word_1_181' title='bbox 597 3335 844 3408; x_wconf 89' lang='lat' dir='ltr'><strong>tabernaculum</strong></span> <span class='ocrx_word' id='word_1_182' title='bbox 872 3347 974 3426; x_wconf 89' lang='lat' dir='ltr'><strong>tuum,</strong></span> <span class='ocrx_word' id='word_1_183' title='bbox 1002 3338 1108 3429; x_wconf 90' lang='lat' dir='ltr'><strong>dirige</strong></span> <span class='ocrx_word' id='word_1_184' title='bbox 1135 3361 1196 3409; x_wconf 92' lang='lat' dir='ltr'><strong>eos</strong></span> <span class='ocrx_word' id='word_1_185' title='bbox 1224 3336 1267 3407; x_wconf 87' lang='lat' dir='ltr'><strong>nd</strong></span> <span class='ocrx_word' id='word_1_186' title='bbox 1292 3348 1337 3426; x_wconf 88' lang='lat' dir='ltr'><strong>tc,</strong></span> <span class='ocrx_word' id='word_1_187' title='bbox 1365 3326 1509 3428; x_wconf 87' lang='lat' dir='ltr'><strong>adjunge</strong></span> <span class='ocrx_word' id='word_1_188' title='bbox 1536 3335 1611 3407; x_wconf 91' lang='lat' dir='ltr'><strong>illos</strong></span> <span class='ocrx_word' id='word_1_189' title='bbox 1640 3333 1809 3407; x_wconf 89' lang='lat' dir='ltr'><strong>ordinibus</strong></span> <span class='ocrx_word' id='word_1_190' title='bbox 1832 3334 1964 3406; x_wconf 86' lang='lat' dir='ltr'><strong>militiae</strong></span> 
     </span>
     <span class='ocr_line' id='line_1_23' title="bbox 598 3433 1964 3547; baseline -0.001 -25"><span class='ocrx_word' id='word_1_191' title='bbox 598 3452 766 3542; x_wconf 86' lang='lat' dir='ltr'><strong>coelestis,</strong></span> <span class='ocrx_word' id='word_1_192' title='bbox 794 3454 850 3525; x_wconf 96' lang='lat' dir='ltr'><strong>ubi</strong></span> <span class='ocrx_word' id='word_1_193' title='bbox 875 3453 1006 3547; x_wconf 74' lang='lat' dir='ltr'><strong>hpmnis</strong></span> <span class='ocrx_word' id='word_1_194' title='bbox 1035 3453 1232 3541; x_wconf 89' lang='lat' dir='ltr'><strong>celebratur,</strong></span> <span class='ocrx_word' id='word_1_195' title='bbox 1260 3463 1294 3523; x_wconf 90' lang='lat' dir='ltr'><strong>ot</strong></span> <span class='ocrx_word' id='word_1_196' title='bbox 1319 3452 1523 3545; x_wconf 85' lang='lat' dir='ltr'><strong>glorificatur</strong></span> <span class='ocrx_word' id='word_1_197' title='bbox 1545 3433 1855 3543; x_wconf 42' lang='lat' dir='ltr'><strong>unigenitns&#39;Filius</strong></span> <span class='ocrx_word' id='word_1_198' title='bbox 1881 3461 1964 3536; x_wconf 88' lang='lat' dir='ltr'><strong>tuus,</strong></span> 
     </span>
     <span class='ocr_line' id='line_1_24' title="bbox 599 3565 1964 3662; baseline -0.001 -25"><span class='ocrx_word' id='word_1_199' title='bbox 599 3578 632 3637; x_wconf 90' lang='lat' dir='ltr'><strong>et</strong></span> <span class='ocrx_word' id='word_1_200' title='bbox 659 3567 781 3662; x_wconf 73' lang='lat' dir='ltr'><strong>hymno</strong></span> <span class='ocrx_word' id='word_1_201' title='bbox 819 3573 851 3639; x_wconf 88' lang='lat' dir='ltr'><strong>iu</strong></span> <span class='ocrx_word' id='word_1_202' title='bbox 884 3570 1041 3640; x_wconf 89' lang='lat' dir='ltr'><strong>circulum</strong></span> <span class='ocrx_word' id='word_1_203' title='bbox 1074 3570 1234 3641; x_wconf 89' lang='lat' dir='ltr'><strong>redeunte</strong></span> <span class='ocrx_word' id='word_1_204' title='bbox 1267 3569 1446 3640; x_wconf 89' lang='lat' dir='ltr'><strong>honoratur</strong></span> <span class='ocrx_word' id='word_1_205' title='bbox 1479 3576 1512 3638; x_wconf 91' lang='lat' dir='ltr'><strong>et</strong></span> <span class='ocrx_word' id='word_1_206' title='bbox 1545 3566 1721 3638; x_wconf 80' lang='lat' dir='ltr'><strong>extollitur.</strong></span> <span class='ocrx_word' id='word_1_207' title='bbox 1775 3565 1964 3637; x_wconf 88' lang='lat' dir='ltr'><strong>Secundum</strong></span> 
     </span>
     <span class='ocr_line' id='line_1_25' title="bbox 600 3684 1964 3779; baseline -0.001 -26"><span class='ocrx_word' id='word_1_208' title='bbox 600 3688 841 3777; x_wconf 85' lang='lat' dir='ltr'><strong>promissiones</strong></span> <span class='ocrx_word' id='word_1_209' title='bbox 869 3688 941 3775; x_wconf 87' lang='lat' dir='ltr'><strong>ejus</strong></span> <span class='ocrx_word' id='word_1_210' title='bbox 969 3685 1010 3756; x_wconf 89' lang='lat' dir='ltr'><strong>ad</strong></span> <span class='ocrx_word' id='word_1_211' title='bbox 1038 3708 1100 3757; x_wconf 88' lang='lat' dir='ltr'><strong>nos</strong></span> <span class='ocrx_word' id='word_1_212' title='bbox 1134 3685 1258 3775; x_wconf 86' lang='lat' dir='ltr'><strong>laetas,</strong></span> <span class='ocrx_word' id='word_1_213' title='bbox 1294 3707 1466 3779; x_wconf 89' lang='lat' dir='ltr'><strong>speramus</strong></span> <span class='ocrx_word' id='word_1_214' title='bbox 1498 3684 1761 3756; x_wconf 88' lang='lat' dir='ltr'><strong>misericordiam</strong></span> <span class='ocrx_word' id='word_1_215' title='bbox 1793 3684 1964 3775; x_wconf 80' lang='lat' dir='ltr'><strong>consequi,</strong></span> 
     </span>
     <span class='ocr_line' id='line_1_26' title="bbox 599 3779 1603 3894; baseline 0 -25"><span class='ocrx_word' id='word_1_216' title='bbox 599 3810 633 3869; x_wconf 89' lang='lat' dir='ltr'><strong>et</strong></span> <span class='ocrx_word' id='word_1_217' title='bbox 659 3779 887 3871; x_wconf 81' lang='lat' dir='ltr'><strong>remissionom</strong></span> <span class='ocrx_word' id='word_1_218' title='bbox 914 3807 1139 3894; x_wconf 81' lang='lat' dir='ltr'><strong>peccatorum,</strong></span> <span class='ocrx_word' id='word_1_219' title='bbox 1172 3812 1236 3872; x_wconf 92' lang='lat' dir='ltr'><strong>tam</strong></span> <span class='ocrx_word' id='word_1_220' title='bbox 1264 3802 1360 3874; x_wconf 90' lang='lat' dir='ltr'><strong>nobis</strong></span> <span class='ocrx_word' id='word_1_221' title='bbox 1388 3824 1483 3894; x_wconf 89' lang='lat' dir='ltr'><strong>quarn</strong></span> <span class='ocrx_word' id='word_1_222' title='bbox 1511 3803 1603 3894; x_wconf 91' lang='lat' dir='ltr'><strong>ipsis.</strong></span> 
     </span>
    </p>

    <p class='ocr_par' dir='ltr' id='par_1_6' title="bbox 703 3915 1241 4011">
     <span class='ocr_line' id='line_1_27' title="bbox 703 3915 1241 4011; baseline 0.009 -29"><span class='ocrx_word' id='word_1_223' title='bbox 703 3915 864 4008; x_wconf 80' lang='lat' dir='ltr'><strong>Pop-ulus.</strong></span> <span class='ocrx_word' id='word_1_224' title='bbox 918 3918 1069 4002; x_wconf 82' lang='lat' dir='ltr'><strong>Quietem</strong></span> <span class='ocrx_word' id='word_1_225' title='bbox 1096 3926 1241 4011; x_wconf 85' lang='lat' dir='ltr'><strong>praesta.</strong></span> 
     </span>
    </p>

    <p class='ocr_par' dir='ltr' id='par_1_7' title="bbox 499 4031 1973 5401">
     <span class='ocr_line' id='line_1_28' title="bbox 704 4031 1964 4127; baseline -0.002 -25"><span class='ocrx_word' id='word_1_226' title='bbox 704 4032 887 4102; x_wconf 82' lang='lat' dir='ltr'><strong>Sacerdos.</strong></span> <span class='ocrx_word' id='word_1_227' title='bbox 937 4032 988 4102; x_wconf 82' lang='lat' dir='ltr'><strong>Tu</strong></span> <span class='ocrx_word' id='word_1_228' title='bbox 1017 4036 1070 4127; x_wconf 94' lang='lat' dir='ltr'><strong>qui</strong></span> <span class='ocrx_word' id='word_1_229' title='bbox 1099 4033 1292 4104; x_wconf 88' lang='lat' dir='ltr'><strong>abscondita</strong></span> <span class='ocrx_word' id='word_1_230' title='bbox 1321 4037 1514 4122; x_wconf 78' lang='lat' dir='ltr'><strong>cognoscis,</strong></span> <span class='ocrx_word' id='word_1_231' title='bbox 1542 4043 1575 4102; x_wconf 90' lang='lat' dir='ltr'><strong>et</strong></span> <span class='ocrx_word' id='word_1_232' title='bbox 1600 4031 1734 4103; x_wconf 89' lang='lat' dir='ltr'><strong>latentia</strong></span> <span class='ocrx_word' id='word_1_233' title='bbox 1761 4032 1964 4121; x_wconf 84' lang='lat' dir='ltr'><strong>investigas:</strong></span> 
     </span>
     <span class='ocr_line' id='line_1_29' title="bbox 600 4146 1965 4246; baseline -0.002 -28"><span class='ocrx_word' id='word_1_234' title='bbox 600 4152 655 4241; x_wconf 92' lang='lat' dir='ltr'><strong>qui</strong></span> <span class='ocrx_word' id='word_1_235' title='bbox 682 4148 814 4219; x_wconf 88' lang='lat' dir='ltr'><strong>dimittis</strong></span> <span class='ocrx_word' id='word_1_236' title='bbox 842 4171 881 4217; x_wconf 88' lang='lat' dir='ltr'><strong>ea</strong></span> <span class='ocrx_word' id='word_1_237' title='bbox 910 4170 995 4246; x_wconf 81' lang='lat' dir='ltr'><strong>quae</strong></span> <span class='ocrx_word' id='word_1_238' title='bbox 1022 4151 1214 4241; x_wconf 88' lang='lat' dir='ltr'><strong>insipienter</strong></span> <span class='ocrx_word' id='word_1_239' title='bbox 1241 4152 1417 4219; x_wconf 90' lang='lat' dir='ltr'><strong>commissa</strong></span> <span class='ocrx_word' id='word_1_240' title='bbox 1444 4157 1529 4234; x_wconf 89' lang='lat' dir='ltr'><strong>sunt,</strong></span> <span class='ocrx_word' id='word_1_241' title='bbox 1558 4158 1598 4218; x_wconf 88' lang='lat' dir='ltr'><strong>et</strong></span> <span class='ocrx_word' id='word_1_242' title='bbox 1617 4146 1787 4218; x_wconf 89' lang='lat' dir='ltr'><strong>condonas</strong></span> <span class='ocrx_word' id='word_1_243' title='bbox 1815 4168 1965 4239; x_wconf 87' lang='lat' dir='ltr'><strong>praera-</strong></span> 
     </span>
     <span class='ocr_line' id='line_1_30' title="bbox 599 4260 1965 4357; baseline -0.002 -23"><span class='ocrx_word' id='word_1_244' title='bbox 599 4267 792 4334; x_wconf 87' lang='lat' dir='ltr'><strong>ricationes:</strong></span> <span class='ocrx_word' id='word_1_245' title='bbox 828 4264 970 4335; x_wconf 87' lang='lat' dir='ltr'><strong>Domino</strong></span> <span class='ocrx_word' id='word_1_246' title='bbox 1004 4286 1065 4357; x_wconf 90' lang='lat' dir='ltr'><strong>per</strong></span> <span class='ocrx_word' id='word_1_247' title='bbox 1093 4263 1301 4334; x_wconf 87' lang='lat' dir='ltr'><strong>clementiam</strong></span> <span class='ocrx_word' id='word_1_248' title='bbox 1328 4275 1360 4334; x_wconf 92' lang='lat' dir='ltr'><strong>et</strong></span> <span class='ocrx_word' id='word_1_249' title='bbox 1387 4263 1645 4335; x_wconf 89' lang='lat' dir='ltr'><strong>misericordiam</strong></span> <span class='ocrx_word' id='word_1_250' title='bbox 1675 4274 1783 4349; x_wconf 89' lang='lat' dir='ltr'><strong>tuam,</strong></span> <span class='ocrx_word' id='word_1_251' title='bbox 1818 4260 1913 4332; x_wconf 88' lang='lat' dir='ltr'><strong>aulen</strong></span> <span class='ocrx_word' id='word_1_252' title='bbox 1947 4282 1965 4330; x_wconf 87' lang='lat' dir='ltr'><strong>a</strong></span> 
     </span>
     <span class='ocr_line' id='line_1_31' title="bbox 599 4379 1966 4474; baseline -0.001 -24"><span class='ocrx_word' id='word_1_253' title='bbox 599 4379 697 4453; x_wconf 92' lang='lat' dir='ltr'><strong>nobis</strong></span> <span class='ocrx_word' id='word_1_254' title='bbox 721 4385 838 4472; x_wconf 89' lang='lat' dir='ltr'><strong>jugum</strong></span> <span class='ocrx_word' id='word_1_255' title='bbox 865 4389 1078 4473; x_wconf 90' lang='lat' dir='ltr'><strong>peccatorum</strong></span> <span class='ocrx_word' id='word_1_256' title='bbox 1105 4388 1306 4465; x_wconf 86' lang='lat' dir='ltr'><strong>nostrorum,</strong></span> <span class='ocrx_word' id='word_1_257' title='bbox 1334 4390 1367 4449; x_wconf 90' lang='lat' dir='ltr'><strong>et</strong></span> <span class='ocrx_word' id='word_1_258' title='bbox 1389 4402 1512 4450; x_wconf 83' lang='lat' dir='ltr'><strong>emove</strong></span> <span class='ocrx_word' id='word_1_259' title='bbox 1530 4401 1590 4474; x_wconf 89' lang='lat' dir='ltr'><strong>per</strong></span> <span class='ocrx_word' id='word_1_260' title='bbox 1612 4381 1754 4469; x_wconf 86' lang='lat' dir='ltr'><strong>gratiam</strong></span> <span class='ocrx_word' id='word_1_261' title='bbox 1774 4386 1866 4448; x_wconf 86' lang='lat' dir='ltr'><strong>tuam</strong></span> <span class='ocrx_word' id='word_1_262' title='bbox 1887 4398 1966 4448; x_wconf 88' lang='lat' dir='ltr'><strong>sar-</strong></span> 
     </span>
     <span class='ocr_line' id='line_1_32' title="bbox 599 4491 1967 4590; baseline -0.003 -26"><span class='ocrx_word' id='word_1_263' title='bbox 599 4499 692 4566; x_wconf 88' lang='lat' dir='ltr'><strong>cinas</strong></span> <span class='ocrx_word' id='word_1_264' title='bbox 720 4507 753 4566; x_wconf 93' lang='lat' dir='ltr'><strong>et</strong></span> <span class='ocrx_word' id='word_1_265' title='bbox 779 4518 881 4566; x_wconf 88' lang='lat' dir='ltr'><strong>onera</strong></span> <span class='ocrx_word' id='word_1_266' title='bbox 910 4498 1167 4590; x_wconf 88' lang='lat' dir='ltr'><strong>insipientiarum</strong></span> <span class='ocrx_word' id='word_1_267' title='bbox 1195 4506 1401 4582; x_wconf 87' lang='lat' dir='ltr'><strong>nostrarum,</strong></span> <span class='ocrx_word' id='word_1_268' title='bbox 1437 4494 1695 4566; x_wconf 85' lang='lat' dir='ltr'><strong>voluntariarum</strong></span> <span class='ocrx_word' id='word_1_269' title='bbox 1723 4501 1779 4563; x_wconf 91' lang='lat' dir='ltr'><strong>ant</strong></span> <span class='ocrx_word' id='word_1_270' title='bbox 1805 4491 1967 4563; x_wconf 89' lang='lat' dir='ltr'><strong>involun-</strong></span> 
     </span>
     <span class='ocr_line' id='line_1_33' title="bbox 599 4610 1966 4702; baseline -0.002 -22"><span class='ocrx_word' id='word_1_271' title='bbox 599 4615 776 4698; x_wconf 87' lang='lat' dir='ltr'><strong>tariarum,</strong></span> <span class='ocrx_word' id='word_1_272' title='bbox 803 4622 953 4682; x_wconf 91' lang='lat' dir='ltr'><strong>notarum</strong></span> <span class='ocrx_word' id='word_1_273' title='bbox 982 4622 1015 4681; x_wconf 93' lang='lat' dir='ltr'><strong>et</strong></span> <span class='ocrx_word' id='word_1_274' title='bbox 1042 4615 1246 4702; x_wconf 85' lang='lat' dir='ltr'><strong>ignotarum,</strong></span> <span class='ocrx_word' id='word_1_275' title='bbox 1273 4610 1519 4680; x_wconf 82' lang='lat' dir='ltr'><strong>manifestarum</strong></span> <span class='ocrx_word' id='word_1_276' title='bbox 1549 4621 1582 4680; x_wconf 90' lang='lat' dir='ltr'><strong>et</strong></span> <span class='ocrx_word' id='word_1_277' title='bbox 1608 4619 1834 4692; x_wconf 85' lang='lat' dir='ltr'><strong>secretarum,</strong></span> <span class='ocrx_word' id='word_1_278' title='bbox 1862 4629 1966 4701; x_wconf 88' lang='lat' dir='ltr'><strong>prae-</strong></span> 
     </span>
     <span class='ocr_line' id='line_1_34' title="bbox 600 4722 1967 4822; baseline -0.004 -23"><span class='ocrx_word' id='word_1_279' title='bbox 600 4730 703 4800; x_wconf 89' lang='lat' dir='ltr'><strong>sentis</strong></span> <span class='ocrx_word' id='word_1_280' title='bbox 732 4739 765 4799; x_wconf 92' lang='lat' dir='ltr'><strong>et</strong></span> <span class='ocrx_word' id='word_1_281' title='bbox 792 4730 914 4820; x_wconf 90' lang='lat' dir='ltr'><strong>antiqui</strong></span> <span class='ocrx_word' id='word_1_282' title='bbox 940 4732 1117 4822; x_wconf 85' lang='lat' dir='ltr'><strong>temporis,</strong></span> <span class='ocrx_word' id='word_1_283' title='bbox 1154 4738 1187 4796; x_wconf 96' lang='lat' dir='ltr'><strong>et</strong></span> <span class='ocrx_word' id='word_1_284' title='bbox 1221 4748 1387 4796; x_wconf 88' lang='lat' dir='ltr'><strong>conserva</strong></span> <span class='ocrx_word' id='word_1_285' title='bbox 1423 4748 1485 4797; x_wconf 90' lang='lat' dir='ltr'><strong>nos</strong></span> <span class='ocrx_word' id='word_1_286' title='bbox 1520 4751 1539 4796; x_wconf 85' lang='lat' dir='ltr'><strong>a</strong></span> <span class='ocrx_word' id='word_1_287' title='bbox 1571 4729 1718 4821; x_wconf 88' lang='lat' dir='ltr'><strong>peccatis</strong></span> <span class='ocrx_word' id='word_1_288' title='bbox 1753 4722 1967 4810; x_wconf 81' lang='lat' dir='ltr'><strong>infuturum,</strong></span> 
     </span>
     <span class='ocr_line' id='line_1_35' title="bbox 600 4840 1968 4932; baseline -0.001 -23"><span class='ocrx_word' id='word_1_289' title='bbox 600 4840 719 4932; x_wconf 90' lang='lat' dir='ltr'><strong>dignos</strong></span> <span class='ocrx_word' id='word_1_290' title='bbox 753 4843 897 4914; x_wconf 86' lang='lat' dir='ltr'><strong>efficiens</strong></span> <span class='ocrx_word' id='word_1_291' title='bbox 931 4866 992 4915; x_wconf 91' lang='lat' dir='ltr'><strong>nos</strong></span> <span class='ocrx_word' id='word_1_292' title='bbox 1020 4843 1161 4913; x_wconf 91' lang='lat' dir='ltr'><strong>Domine</strong></span> <span class='ocrx_word' id='word_1_293' title='bbox 1195 4843 1260 4912; x_wconf 87' lang='lat' dir='ltr'><strong>hue</strong></span> <span class='ocrx_word' id='word_1_294' title='bbox 1294 4841 1490 4930; x_wconf 84' lang='lat' dir='ltr'><strong>christiano,</strong></span> <span class='ocrx_word' id='word_1_295' title='bbox 1527 4853 1560 4913; x_wconf 93' lang='lat' dir='ltr'><strong>et</strong></span> <span class='ocrx_word' id='word_1_296' title='bbox 1593 4843 1634 4914; x_wconf 91' lang='lat' dir='ltr'><strong>ab</strong></span> <span class='ocrx_word' id='word_1_297' title='bbox 1675 4843 1763 4914; x_wconf 93' lang='lat' dir='ltr'><strong>omni</strong></span> <span class='ocrx_word' id='word_1_298' title='bbox 1797 4842 1968 4909; x_wconf 85' lang='lat' dir='ltr'><strong>criminum</strong></span> 
     </span>
     <span class='ocr_line' id='line_1_36' title="bbox 499 4953 1970 5056; baseline -0.001 -30"><span class='ocrx_word' id='word_1_299' title='bbox 499 5047 503 5056; x_wconf 32' lang='grc' dir='ltr'>Ι</span> <span class='ocrx_word' id='word_1_300' title='bbox 599 4968 692 5028; x_wconf 88' lang='lat' dir='ltr'><strong>reatu</strong></span> <span class='ocrx_word' id='word_1_301' title='bbox 719 4956 843 5045; x_wconf 73' lang='lat' dir='ltr'><strong>libero,</strong></span> <span class='ocrx_word' id='word_1_302' title='bbox 872 4968 968 5052; x_wconf 91' lang='lat' dir='ltr'><strong>atque</strong></span> <span class='ocrx_word' id='word_1_303' title='bbox 995 4962 1027 5028; x_wconf 89' lang='lat' dir='ltr'><strong>in</strong></span> <span class='ocrx_word' id='word_1_304' title='bbox 1055 4957 1247 5029; x_wconf 89' lang='lat' dir='ltr'><strong>habitaculis</strong></span> <span class='ocrx_word' id='word_1_305' title='bbox 1274 4959 1418 5029; x_wconf 87' lang='lat' dir='ltr'><strong>aeternis</strong></span> <span class='ocrx_word' id='word_1_306' title='bbox 1445 4959 1527 5030; x_wconf 92' lang='lat' dir='ltr'><strong>lucis</strong></span> <span class='ocrx_word' id='word_1_307' title='bbox 1555 4981 1731 5052; x_wconf 86' lang='lat' dir='ltr'><strong>supremae</strong></span> <span class='ocrx_word' id='word_1_308' title='bbox 1756 4978 1821 5028; x_wconf 92' lang='lat' dir='ltr'><strong>nos</strong></span> <span class='ocrx_word' id='word_1_309' title='bbox 1855 4953 1970 5025; x_wconf 90' lang='lat' dir='ltr'><strong>collo-</strong></span> 
     </span>
     <span class='ocr_line' id='line_1_37' title="bbox 601 5072 1971 5165; baseline -0.001 -24"><span class='ocrx_word' id='word_1_310' title='bbox 601 5095 702 5162; x_wconf 88' lang='lat' dir='ltr'><strong>cans,</strong></span> <span class='ocrx_word' id='word_1_311' title='bbox 729 5084 761 5143; x_wconf 95' lang='lat' dir='ltr'><strong>et</strong></span> <span class='ocrx_word' id='word_1_312' title='bbox 789 5097 863 5145; x_wconf 92' lang='lat' dir='ltr'><strong>cum</strong></span> <span class='ocrx_word' id='word_1_313' title='bbox 890 5077 985 5165; x_wconf 85' lang='lat' dir='ltr'><strong>agnis</strong></span> <span class='ocrx_word' id='word_1_314' title='bbox 1014 5073 1055 5143; x_wconf 87' lang='lat' dir='ltr'><strong>ad</strong></span> <span class='ocrx_word' id='word_1_315' title='bbox 1083 5074 1253 5145; x_wconf 79' lang='lat' dir='ltr'><strong>dexteram</strong></span> <span class='ocrx_word' id='word_1_316' title='bbox 1283 5084 1369 5143; x_wconf 91' lang='lat' dir='ltr'><strong>tuam</strong></span> <span class='ocrx_word' id='word_1_317' title='bbox 1396 5073 1575 5145; x_wconf 87' lang='lat' dir='ltr'><strong>statuendis</strong></span> <span class='ocrx_word' id='word_1_318' title='bbox 1602 5095 1664 5145; x_wconf 93' lang='lat' dir='ltr'><strong>nos</strong></span> <span class='ocrx_word' id='word_1_319' title='bbox 1692 5072 1862 5158; x_wconf 88' lang='lat' dir='ltr'><strong>ordinans,</strong></span> <span class='ocrx_word' id='word_1_320' title='bbox 1896 5092 1971 5141; x_wconf 91' lang='lat' dir='ltr'><strong>cum</strong></span> 
     </span>
     <span class='ocr_line' id='line_1_38' title="bbox 602 5187 1970 5282; baseline -0.001 -25"><span class='ocrx_word' id='word_1_321' title='bbox 602 5188 771 5261; x_wconf 88' lang='lat' dir='ltr'><strong>ordinibus</strong></span> <span class='ocrx_word' id='word_1_322' title='bbox 798 5189 996 5261; x_wconf 86' lang='lat' dir='ltr'><strong>Sanctorum</strong></span> <span class='ocrx_word' id='word_1_323' title='bbox 1022 5201 1152 5261; x_wconf 88' lang='lat' dir='ltr'><strong>tuorum</strong></span> <span class='ocrx_word' id='word_1_324' title='bbox 1178 5210 1241 5260; x_wconf 89' lang='lat' dir='ltr'><strong>nos</strong></span> <span class='ocrx_word' id='word_1_325' title='bbox 1269 5190 1469 5282; x_wconf 86' lang='lat' dir='ltr'><strong>adjungens,</strong></span> <span class='ocrx_word' id='word_1_326' title='bbox 1498 5193 1589 5260; x_wconf 93' lang='lat' dir='ltr'><strong>etin</strong></span> <span class='ocrx_word' id='word_1_327' title='bbox 1616 5187 1811 5260; x_wconf 89' lang='lat' dir='ltr'><strong>habitaculis</strong></span> <span class='ocrx_word' id='word_1_328' title='bbox 1838 5190 1970 5281; x_wconf 90' lang='lat' dir='ltr'><strong>piorum</strong></span> 
     </span>
     <span class='ocr_line' id='line_1_39' title="bbox 600 5299 1973 5401; baseline -0.001 -29"><span class='ocrx_word' id='word_1_329' title='bbox 600 5312 743 5395; x_wconf 87' lang='lat' dir='ltr'><strong>tuorum,</strong></span> <span class='ocrx_word' id='word_1_330' title='bbox 776 5305 831 5376; x_wconf 92' lang='lat' dir='ltr'><strong>ubi</strong></span> <span class='ocrx_word' id='word_1_331' title='bbox 859 5316 892 5377; x_wconf 93' lang='lat' dir='ltr'><strong>et</strong></span> <span class='ocrx_word' id='word_1_332' title='bbox 919 5304 1049 5401; x_wconf 88' lang='lat' dir='ltr'><strong>quando</strong></span> <span class='ocrx_word' id='word_1_333' title='bbox 1078 5303 1135 5376; x_wconf 89' lang='lat' dir='ltr'><strong>tibi</strong></span> <span class='ocrx_word' id='word_1_334' title='bbox 1161 5299 1317 5400; x_wconf 81' lang='lat' dir='ltr'><strong>placebit</strong></span> <span class='ocrx_word' id='word_1_335' title='bbox 1332 5328 1395 5379; x_wconf 89' lang='lat' dir='ltr'><strong>nos</strong></span> <span class='ocrx_word' id='word_1_336' title='bbox 1422 5309 1641 5379; x_wconf 89' lang='lat' dir='ltr'><strong>constituens:</strong></span> <span class='ocrx_word' id='word_1_337' title='bbox 1671 5307 1764 5374; x_wconf 94' lang='lat' dir='ltr'><strong>utin</strong></span> <span class='ocrx_word' id='word_1_338' title='bbox 1790 5301 1973 5374; x_wconf 78' lang='lat' dir='ltr'><strong>boc&#39;sicut</strong></span> 
     </span>
    </p>
   </div>
   <div class='ocr_carea' id='block_1_3' title="bbox 0 0 2588 6532">
    <p class='ocr_par' dir='ltr' id='par_1_8' title="bbox 0 0 2588 6532">
     <span class='ocr_line' id='line_1_40' title="bbox 0 0 2588 6532; baseline 0 0"><span class='ocrx_word' id='word_1_339' title='bbox 0 0 2588 6532; x_wconf 95' lang='lat' dir='ltr'><strong> </strong></span> 
     </span>
    </p>
   </div>
  </div>
 </body>
</html>
