5150 6534
996 850 1413 931 ttt’ttttotlr„
1817 854 1869 929 23

601 1036 716 1111 Gratia
752 1048 863 1111 autem
901 1038 1071 1112 Trinitatis
1105 1048 1264 1131 senone,
1303 1038 1505 1127 laudandae,
1543 1040 1712 1113 increatae
1751 1040 1870 1115 subsi-

496 1160 614 1229 stentis
640 1159 676 1227 in
702 1159 848 1228 essentia
882 1178 962 1248 sua,
995 1166 1176 1247 aeternae,
1210 1155 1403 1229 adorandae
1435 1165 1470 1228 et
1503 1156 1793 1231 consubstantialis
1826 1161 1870 1233 sit

494 1295 571 1345 cum
598 1271 751 1345 omnihus
776 1272 877 1345 vohis
903 1275 937 1344 in
964 1272 1108 1345 saecula.

597 1388 785 1460 Diaconos.
813 1384 897 1459 Cum
924 1391 1043 1460 timore
1069 1389 1144 1460 Deo
1172 1386 1388 1459 attendamus.

596 1503 758 1597 Populos.
786 1502 879 1576 Unus
906 1502 1007 1575 Pater
1034 1511 1184 1589 sanctus,
1212 1511 1275 1574 etc.

597 1620 773 1691 Sacerdos
799 1619 911 1690 eteoot
934 1621 1113 1711 mysterio,
1140 1626 1175 1690 et
1201 1619 1296 1689 dicit.
1347 1616 1455 1689 Parce
1480 1616 1624 1691 Domine
1651 1628 1685 1691 et
1706 1622 1871 1692 miserere

495 1734 601 1808 nobis.
654 1734 780 1807 Sancta
806 1736 941 1807 sanctis.

597 1849 690 1922 Unus
715 1850 816 1922 Pater
843 1859 977 1923 sanctis
1003 1850 1192 1923 nobiscum:
1220 1853 1276 1945 (pri
1302 1850 1448 1924 salvavit
1465 1850 1620 1923 mundum
1639 1873 1700 1946 per
1713 1850 1868 1924 clemen-

495 1970 574 2038 tiam
601 1989 704 2038 suam.
781 1966 944 2058 Populus.
969 1967 1090 2038 Amen.

599 2082 786 2154 Sacerdos.
813 2081 907 2153 Unus
933 2081 1037 2153 Filius
1063 2091 1198 2153 sanctus
1224 2081 1415 2169 nobiscum,
1443 2085 1498 2177 qui
1525 2081 1671 2158 salvavit
1702 2107 1779 2156 eum
1804 2105 1868 2179 per

495 2201 673 2295 passiones
698 2201 864 2294 pretiosas
889 2218 1058 2292 personae
1084 2219 1176 2268 suae.
1254 2197 1419 2290 Populos.
1444 2198 1565 2270 Amen

600 2327 783 2398 Sacerdos.
819 2325 913 2399 Unus
945 2325 1088 2421 Spiritus
1121 2337 1256 2399 sanctus
1289 2326 1479 2415 nobiscum,
1522 2328 1577 2421 qui
1610 2337 1662 2400 est
1697 2326 1868 2422 perfector

496 2454 529 2515 et
555 2452 802 2515 consummator
829 2444 972 2514 omnium
999 2463 1085 2535 quae
1112 2451 1188 2513 sunt
1213 2454 1270 2514 aut
1300 2442 1441 2514 luerunt
1494 2441 1547 2514 Sit
1577 2465 1698 2515 nomen
1729 2445 1866 2516 Domini

496 2558 719 2646 benedictum,
748 2580 795 2629 ex
821 2556 887 2629 hoo
912 2578 1002 2628 nuno
1027 2565 1192 2651 eiusque
1218 2560 1252 2627 in
1278 2556 1457 2630 saeculum.

598 2674 760 2766 Populus.
787 2674 907 2745 Amen.

599 2784 787 2862 Diaconos.
815 2790 852 2861 In
879 2787 1069 2877 sacrificiis,
1096 2796 1160 2860 etc.

598 2922 773 2993 Sacerdos
808 2923 922 3013 operit
955 2922 1116 3012 mysterio
1151 2919 1235 2991 cetis
1269 2923 1357 2991 suis:
1388 2923 1583 3015 accipitque
1619 2922 1799 3010 cooldcor,
1834 2928 1870 2995 et

496 3041 638 3130 imponit
663 3039 746 3108 illud
768 3037 872 3108 codici
878 3094 888 3129 ,
915 3040 950 3107 et
963 3035 1170 3128 particulam
1186 3036 1430 3128 superdiscum
1443 3038 1600 3125 collocat,
1628 3039 1868 3133 descenditque

495 3153 539 3224 od
567 3154 689 3241 altori,
717 3160 751 3224 ct
774 3155 1009 3247 prostratione
1031 3154 1132 3243 focto
1158 3173 1275 3221 corono
1300 3157 1549 3240 decorositas,
1578 3154 1663 3223 dicit
1685 3154 1749 3224 tros
1775 3176 1865 3224 oro-

496 3274 605 3340 tiones
630 3274 781 3356 secreto,
809 3292 882 3338 corn
910 3268 1014 3338 corde
1041 3270 1186 3361 offecto,
1214 3268 1437 3362 loorpnrisqoc
1464 3274 1498 3339 et
1523 3270 1688 3361 suspiriis.

603 3401 743 3472 Praesta
769 3400 847 3471 mihi
872 3399 1036 3488 Domine‚
1063 3411 1099 3470 ut
1125 3401 1297 3471 comedam
1325 3408 1358 3470 te
1385 3411 1517 3489 sancte,
1544 3410 1578 3470 et
1603 3423 1665 3495 per
1681 3403 1866 3473 comestio-

496 3541 574 3590 nem
599 3516 689 3588 illam
725 3518 771 3587 tui
803 3514 967 3610 pellantur
993 3518 1103 3586 omnia
1129 3538 1236 3610 prava
1264 3538 1339 3587 mea
1367 3516 1547 3590 desideria:
1575 3526 1608 3588 et
1620 3538 1682 3610 per
1696 3520 1867 3611 potionem

382 3620 387 3630 ’
498 3633 610 3707 calicis
637 3636 683 3704 tui
709 3634 780 3704 viri
812 3634 1046 3723 extinguantur
1070 3635 1245 3727 passiones
1266 3634 1377 3703 carnis
1400 3655 1511 3703 meae:
1540 3631 1723 3726 dignusque
1747 3634 1869 3705 efficiar

498 3753 735 3847 propitiatione
775 3746 986 3835 delictorum,
1027 3757 1061 3819 et
1098 3750 1296 3819 remissIone
1330 3758 1563 3843 peccatorum,
1595 3748 1739 3819 Domine
1773 3750 1867 3821 Deus

496 3877 630 3955 nostem
656 3868 691 3936 in
717 3864 852 3936 saecula
880 3862 1098 3937 saeculorum.

601 4000 695 4070 Alio.
730 3999 871 4070 Praesta
911 3996 1028 4086 nohis7
1062 3998 1205 4069 Domine
1236 3997 1348 4085 Deum
1380 4005 1416 4067 ut
1448 3997 1690 4069 sanctificentur
1723 4019 1867 4094 corpora

496 4126 611 4212 nostra
647 4136 792 4209 corpore
818 4124 875 4185 tuo
903 4122 1038 4201 sancto‚
1075 4124 1109 4185 et
1134 4114 1354 4185 illuminentur
1380 4117 1509 4184 animae
1535 4123 1672 4186 nostrae
1704 4115 1867 4203 sanguine

498 4242 553 4305 tuo
582 4232 830 4327 propitiatorio:
857 4232 900 4301 sit
926 4228 967 4299 ad
995 4231 1261 4323 propitiationem
1288 4229 1481 4300 delictorum
1516 4238 1723 4320 nostromm‚
1759 4240 1793 4300 et
1825 4227 1867 4300 ad

497 4350 728 4420 remissionem
755 4356 968 4441 peccatorum
996 4355 1199 4433 nostrorum,
1227 4344 1370 4416 Domine
1397 4345 1489 4417 Deus
1515 4356 1630 4417 noster
1656 4349 1690 4415 in
1723 4344 1867 4417 saecula.

601 4480 695 4550 Alio.
716 4480 862 4568 ⁸Praesta
888 4474 986 4549 nohis
1013 4476 1155 4549 Domine
1181 4477 1291 4565 Deus,
1319 4487 1354 4548 ut
1379 4479 1592 4550 comedamus
1629 4500 1750 4573 corpus
1777 4488 1866 4550 tuum

498 4606 664 4684 sanctim,
691 4604 725 4665 et
749 4591 900 4666 bihamus
928 4595 1124 4684 sanguinem
1150 4604 1239 4665 tuum
1265 4596 1547 4689 propitiatorium,
1583 4597 1751 4689 simusque
1777 4593 1865 4665 hae-

497 4712 597 4783 rcdes
623 4715 658 4782 in
682 4731 790 4802 regno
819 4720 874 4780 tuo
903 4707 1057 4797 coelesti‚
1091 4732 1166 4781 cum
1199 4709 1350 4781 omnihus
1385 4714 1441 4805 qui
1475 4711 1670 4805 placuerrmt
1703 4707 1866 4782 voluntati

500 4838 577 4900 tuae
603 4826 732 4916 borrae,
758 4826 905 4897 Domine
931 4824 1024 4896 Deus
1050 4835 1169 4897 noster
1194 4827 1227 4896 in
1254 4824 1400 4897 saecula.

602 4961 651 5032 Et
676 4958 831 5029 oscendit
856 4980 959 5051 snper
984 4958 1146 5050 prodam,
1174 4965 1208 5028 et
1233 4959 1310 5028 duno
1335 4960 1465 5050 occipit
1493 4958 1700 5050 porticrdorn
1728 4981 1774 5029 ee
1800 4979 1867 5028 co-

498 5076 629 5147 clrleori
655 5075 789 5164 coticis,
816 5075 910 5144 dicit.

502 5251 507 5256 -
602 5208 718 5280 Teneo
755 5228 822 5299 ego
855 5213 888 5276 te
923 5207 978 5299 qui
1011 5208 1161 5279 renunes
1192 5206 1275 5280 fines
1303 5204 1409 5279 orbis:
1442 5217 1475 5277 te
1506 5208 1539 5276 in
1573 5204 1724 5277 manibus
1758 5200 1867 5275 haheo

500 5326 556 5418 qui
581 5328 675 5417 regis
700 5321 880 5421 proitmda:
907 5330 941 5393 tc
966 5320 1059 5394 Deus
1086 5344 1176 5417 pono
1211 5327 1247 5395 in
1273 5345 1313 5396 os
1344 5345 1468 5395 meum:
1503 5344 1565 5418 per
1599 5332 1634 5395 te
1664 5320 1789 5396 liberer
1822 5317 1866 5391 ab
