5150 6534
971 1245 1620 1423 LITURGIA.

795 1557 1726 1721 *slucuulcululu

993 1825 1145 1895 Primam
1172 1823 1295 1894 Oratio
1322 1832 1403 1896 onte
1428 1825 1566 1896 Pacem.

668 2023 786 2126 Dans
812 2049 914 2120 Pater
940 2058 1069 2137 sancte,
1096 2050 1229 2141 genitor
1255 2049 1450 2142 propaginis
1477 2056 1653 2134 aeternae,
1678 2044 1824 2136 largitor
1848 2044 1962 2119 bono-

591 2188 663 2236 rum
692 2174 725 2235 et
751 2164 848 2235 dator
874 2161 1115 2256 tranquillitatis
1151 2173 1185 2240 cl
1216 2165 1328 2257 pacis,
1362 2164 1417 2256 qui
1451 2160 1536 2232 ultra
1571 2182 1703 2233 omnem
1737 2159 1962 2256 comprehcn-

593 2283 722 2354 sionem
748 2282 907 2351 mentium
933 2288 967 2349 et
993 2280 1174 2351 animarum
1202 2276 1422 2363 rationalium,
1448 2276 1644 2369 magnificus
1670 2294 1709 2345 es
1726 2276 1759 2344 in
1781 2275 1878 2348 donis
1904 2279 1963 2348 tuis

594 2396 714 2467 divinis
743 2417 829 2488 quae
856 2390 953 2465 uobis
980 2393 1213 2488 peccatoribus
1239 2404 1273 2465 et
1300 2392 1392 2464 Filiis
1420 2395 1484 2462 tuis
1511 2394 1725 2476 concessisti,
1758 2415 1836 2464 cum
1861 2414 1965 2488 prae-

596 2513 704 2582 stilisti
738 2509 853 2596 nobis,
888 2517 924 2579 ut
957 2530 998 2579 ea
1032 2508 1308 2602 quemadmodum
1340 2530 1481 2601 aequum
1514 2518 1567 2579 est
1601 2517 1636 2579 el
1663 2509 1788 2598 justum
1823 2506 1965 2578 admini-

598 2635 795 2698 straremus:
822 2632 959 2718 praesta
984 2624 1100 2714 nobis,
1134 2636 1169 2697 ut
1195 2646 1269 2696 cum
1296 2646 1424 2696 summa
1449 2627 1592 2717 puritate
1619 2634 1653 2695 et
1680 2622 1844 2707 castate,
1870 2630 1966 2714 atque

596 2742 798 2811 immunitate
833 2738 875 2809 ab
913 2742 1001 2809 omni
1035 2739 1133 2828 dolo,
1168 2739 1284 2810 demus
1315 2741 1460 2809 invicem
1485 2761 1620 2834 pacem,
1649 2760 1725 2809 cum
1757 2734 1964 2833 amplexibus

594 2854 738 2949 Spiritus
766 2856 889 2941 sancti,
923 2863 957 2924 el
988 2857 1021 2924 in
1051 2855 1186 2927 viuculo
1222 2876 1330 2926 verae
1362 2856 1529 2943 caritatis,
1561 2863 1598 2925 ut
1627 2857 1662 2925 in
1694 2876 1760 2926 una
1786 2850 1966 2926 concordia

594 2967 755 3065 spirituali
781 2971 1022 3056 consistentes,
1055 2980 1089 3040 et
1115 2973 1361 3041 unanimitatem
1394 2967 1566 3064 pacificam
1600 2968 1859 3058 observantes„
1877 2968 1966 3059 dtgtll

595 3084 774 3156 efficiamur
800 3085 960 3157 convivio
987 3083 1087 3155 beato
1115 3094 1149 3155 et
1174 3082 1400 3157 sanctificante
1418 3087 1579 3176 unigeniti
1604 3084 1681 3156 Filii
1706 3087 1770 3156 tui:
1798 3106 1876 3155 cum
1901 3104 1965 3178 quo

594 3209 628 3269 te
643 3199 752 3270 xdecct
778 3197 900 3288 gloria,
925 3196 1044 3286 bonor,
1071 3209 1106 3271 et
1131 3208 1295 3295 potestas,
1323 3223 1397 3271 cum
1423 3199 1548 3295 Spiritu
1574 3210 1630 3272 tuo
1658 3201 1879 3273 sanctissimo.

697 3314 859 3405 Populus.
912 3316 1033 3386 Amen.

700 3428 885 3501 Sacerdos.
939 3430 1022 3500 Pax.

699 3544 861 3637 Populus.
915 3544 1059 3615 Etcum
1086 3546 1202 3638 spiritu
1228 3553 1297 3614 tuo.

699 3658 887 3729 Diaconos.
940 3660 1008 3730 Det
1033 3661 1257 3752 unusquisque
1282 3680 1410 3753 pacem.

703 3774 862 3865 Populos.
916 3773 1050 3845 Omnes.

699 3886 887 3959 Diaconos.
939 3888 1030 3960 Post.

699 4000 861 4093 Populus.
914 4002 1037 4075 Coram
1064 4013 1107 4073 te.

700 4116 884 4190 Sacerdos.
938 4119 1071 4207 Bonus,
1103 4116 1222 4188 beatus
1249 4127 1283 4187 et
1317 4115 1482 4187 demissu-
1515 4114 1781 4188 benedictionum
1812 4138 1852 4188 es
1886 4138 1968 4209 erga

598 4251 657 4300 cos
685 4253 801 4302 omncs
837 4236 891 4326 qui
919 4232 1057 4304 credunt
1089 4235 1122 4302 in
1149 4242 1193 4302 te.
1246 4230 1291 4301 Et
1323 4253 1409 4301 nunc
1444 4230 1588 4303 Domine
1621 4255 1664 4303 ne
1699 4234 1844 4328 aspicias
1880 4230 1968 4327 quod

597 4345 721 4435 indigni
749 4369 871 4434 sumus,
899 4371 962 4418 nec
990 4346 1033 4420 cb
1062 4345 1226 4418 delectum
1261 4346 1403 4418 fiduciae
1437 4358 1586 4419 nostrum
1621 4369 1735 4419 coram
1768 4357 1819 4434 te,
1854 4349 1974 4448 prives

597 4460 753 4553 populum
780 4472 870 4532 tuum
895 4462 1026 4533 fidelem
1052 4462 1207 4550 Domine,
1233 4466 1340 4552 gratia
1369 4471 1423 4533 tua
1451 4461 1576 4551 divina,
1603 4463 1663 4534 sed
1689 4461 1820 4556 placide
1847 4470 1882 4532 et
1901 4459 1966 4533 be-

595 4577 710 4666 nigne,
737 4579 828 4647 mitte
854 4575 1103 4649 henedictiones
1132 4589 1204 4648 tuas
1238 4599 1340 4672 super
1366 4581 1664 4668 congregationem
1697 4575 1783 4648 hanc
1816 4574 1966 4648 adoran-

597 4692 676 4761 tium
708 4700 757 4761 te:
790 4692 889 4784 imple
922 4714 984 4762 nos
1012 4696 1120 4783 gratia
1157 4701 1190 4763 et
1221 4691 1343 4763 lumine
1377 4695 1537 4766 scientiae
1563 4704 1650 4781 tuae,
1678 4704 1713 4763 et
1739 4695 1875 4787 suscipe
1902 4693 1966 4764 de-

598 4808 811 4899 precationes
838 4810 954 4897 gregis
983 4811 1038 4894 tui,
1065 4812 1158 4879 utin
1186 4808 1468 4902 contemplatione
1494 4832 1596 4904 pura,
1630 4830 1704 4878 cum
1732 4809 1883 4901 primitiis
1909 4805 1967 4877 fe-

597 4921 731 4992 racibus
759 4943 897 5015 operum
913 4921 1089 5009 bonorum,
1115 4922 1235 4995 leslum
1264 4945 1402 5014 agamus
1429 4924 1488 4995 tibi
1513 4924 1621 5011 simul,
1655 4934 1755 5015 teque
1781 4921 1988 4993 exaltemus·

600 5043 633 5103 et
658 5038 859 5125 unigenitum
886 5036 1003 5108 Filium
1031 5049 1120 5109 tuum
1148 5050 1181 5109 et
1206 5039 1365 5134 Spiritum
1391 5050 1481 5111 tuum
1507 5048 1667 5111 sanctum.

546 5150 551 5158 '
700 5148 862 5242 Populos.
914 5153 1034 5223 Amen.

702 5261 877 5336 Sacerdos
903 5266 1040 5337 elevans
1065 5289 1192 5339 cocem.
1247 5269 1313 5355 Qui
1338 5274 1447 5365 possit
1478 5270 1594 5344 verbis
1627 5269 1801 5364 explicare
1833 5266 1970 5339 benoli-
