5150 6534
593 806 671 884 248
1027 806 1455 884 ‘ttttttotn

592 996 752 1067 materiae
776 1003 955 1089 exportes,
982 1001 1120 1064 naturae
1146 992 1224 1065 illae
1249 992 1484 1079 absconditae,
1509 1003 1545 1064 et
1569 993 1666 1083 ignea
1692 992 1840 1086 superii,
1866 1012 1963 1064 co·-

591 1109 806 1205 templatione
830 1119 886 1181 tiro
912 1108 1023 1179 divina
1047 1118 1208 1204 perpetua
1234 1110 1455 1197 delectantur,
1480 1118 1606 1180 etate
1625 1109 1825 1203 proveniunt
1845 1108 1963 1180 onnia

592 1226 716 1297 auxilia
742 1224 806 1296 illis
832 1226 887 1318 qui
912 1223 954 1295 ad
980 1226 1158 1315 imaginem
1184 1236 1272 1298 ιιιιιιιι
1297 1230 1426 1318 regiam
1454 1248 1500 1297 ex
1525 1223 1654 1296 illorum
1679 1246 1837 1314 nomem,
1859 1226 1961 1314 Juxta

591 1341 624 1411 id
652 1339 741 1435 qood
766 1340 825 1411 tibi
853 1340 1008 1436 placitum
1034 1349 1105 1428 est,
1131 1345 1236 1412 creati
1262 1354 1346 1413 sunt

695 1456 844 1527 Mecum
868 1477 994 1527 uocem.
1045 1456 1167 1528 Pacem
1195 1457 1345 1530 concede
1369 1481 1432 1553 per
1448 1454 1710 1529 misericordiam
1735 1465 1823 1527 mam
1841 1457 1959 1547 regnis

592 1574 750 1659 Domine,
776 1582 811 1643 ιιι
835 1594 899 1644 nos
924 1592 1110 1667 pauperes,
1142 1576 1177 1644 in
1210 1573 1444 1668 tranquillitate
1469 1576 1637 1644 vivamus:
1672 1569 1815 1644 benedic
1845 1591 1958 1642 revo-

593 1687 707 1760 lutioni
741 1710 901 1760 annorum
931 1707 993 1781 per
1024 1688 1191 1761 circrdum.
1250 1690 1431 1762 Foecunda
1463 1688 1539 1761 illos
1572 1686 1706 1782 pluvia,
1740 1707 1839 1774 rore,
1869 1689 1959 1758 aeris

594 1809 753 1901 temperie
780 1816 814 1877 et
846 1808 1043 1893 serenitate,
1076 1804 1293 1901 omnibusque
1317 1805 1476 1878 fructibus
1498 1802 1784 1909 benedictionum,
1817 1804 1895 1896 quia
1925 1811 1960 1874 ιι

594 1920 680 1992 altor
704 1920 823 2008 bonus,
849 1923 964 1995 suavis
992 1929 1027 1992 et
1051 1924 1244 1995 misericors
1263 1944 1313 2010 es,
1331 1920 1561 2016 bonorumque
1586 1920 1729 1993 omnium
1747 1916 1900 2009 largitor,
1925 1924 1959 1990 et

594 2035 651 2107 tibi
677 2036 815 2127 gloriam
843 2046 879 2108 et
902 2036 1035 2108 laudem
1059 2036 1255 2112 referemus.

699 2152 860 2245 Populea.
910 2153 1031 2226 Amen.
1772 2225 1780 2241 ,

695 2266 869 2340 Sacerdos
894 2268 1084 2340 inclinatos.
1136 2267 1305 2341 Memento
1331 2268 1476 2341 Domine
1509 2268 1792 2355 Pamiarcbarum,
1825 2264 1955 2338 Palm

594 2393 801 2473 sanctorum,
826 2384 1082 2481 Prophetarum,
1108 2383 1367 2479 Apostolorum,
1399 2383 1687 2471 Praedicatorum,
1712 2379 1956 2473 Evangelista-

594 2523 687 2590 rum,
718 2500 924 2595 Martyrum,
960 2499 1264 2594 confessorumque
1296 2509 1495 2572 sanctorum.
1547 2501 1733 2594 Praecipue
1759 2521 1846 2571 vero
1873 2519 1956 2573 san-

594 2626 682 2705 ctae,
717 2626 751 2688 et
781 2615 953 2707 gloriosae
985 2638 1118 2712 semper
1148 2614 1297 2707 Virginis
1328 2616 1454 2688 Boutae
1488 2616 1633 2705 Mariae;
1669 2627 1704 2688 et
1736 2614 1775 2686 B.
1807 2614 1955 2699 Joann'm,

595 2734 716 2820 nuncii,
742 2731 926 2827 Baptistae,
952 2735 1196 2827 praecursoris,
1222 2741 1257 2802 et
1281 2731 1534 2827 desponsatoris
1560 2731 1735 2805 Ecclesiae
1769 2741 1848 2802 mae
1873 2749 1956 2803 san·

595 2858 690 2935 ctae3
718 2857 751 2919 et
776 2850 882 2920 sancti
907 2846 1114 2944 gloriosique
1139 2847 1299 2941 Stephani
1332 2851 1490 2943 principis
1515 2850 1741 2921 Diacouorom
1775 2856 1811 2918 et
1837 2852 1956 2941 proto-

595 2966 765 3058 martyris,
792 2966 1002 3059 omniumque
1028 2967 1083 3059 qui
1109 2964 1304 3060 placuerunt
1336 2959 1460 3035 nomini
1492 2974 1549 3038 tuo
1575 2975 1610 3036 et
1640 2975 1674 3036 te
1700 2962 1850 3052 confessi
1876 2969 1956 3034 suat

700 3078 847 3149 Eleoooa
871 3099 997 3150 vocem.
1030 3079 1173 3151 Domine
1198 3080 1341 3152 Domine
1357 3082 1575 3165 sanctissime,
1604 3092 1639 3153 et
1664 3082 1719 3174 qui
1737 3075 1957 3175 ,solusbonus

596 3218 645 3283 es,
673 3198 727 3291 qui
753 3216 773 3265 a
798 3193 989 3287 legionibus
1015 3197 1102 3287 ignis
1129 3204 1163 3265 et
1189 3198 1323 3295 spiritus
1355 3208 1445 3267 motu
1480 3217 1603 3288 magno
1630 3193 1821 3267 terribiliter
1846 3192 1957 3266 bene·

596 3312 729 3399 diceris,
756 3319 790 3382 et
815 3309 1040 3399 sanctificaris,
1067 3331 1197 3406 nosque
1223 3310 1368 3383 infirmos
1395 3320 1429 3381 et
1455 3320 1606 3384 terrenos
1642 3311 1798 3401 dignatus
1831 3330 1871 3382 es
1898 3327 1956 3381 se·

596 3425 755 3499 cerdotali
782 3448 930 3514 munere,
955 3448 1023 3498 non
1050 3426 1138 3520 quod
1174 3427 1265 3518 digni
1291 3448 1463 3510 essemus,
1499 3427 1542 3498 ad
1573 3428 1767 3523 mysterium
1792 3424 1860 3496 boc
1884 3445 1958 3495 ma-

597 3562 697 3631 guum
724 3552 758 3612 et
783 3541 931 3614 coeleste
949 3542 1149 3614 accedendi:
1176 3542 1326 3636 sed.per
1340 3546 1571 3615 miserationes
1598 3552 1684 3629 tuas,
1711 3563 1773 3614 eos
1800 3543 1857 3634 qui
1883 3561 1905 3609 a
1928 3548 1959 3610 te

596 3661 885 3748 cognominantur,
911 3681 974 3732 nos
1001 3661 1145 3752 inquam,
1172 3658 1293 3749 dignos
1318 3658 1437 3747 iecisti,
1464 3658 1520 3731 illo
1548 3659 1635 3752 quod
1663 3657 1857 3729 desiderant
1884 3656 1959 3728 An-

597 3772 665 3863 geli
691 3776 900 3868 prospicere:
934 3778 1084 3869 quamvis
1120 3773 1287 3871 multiplici
1324 3785 1537 3871 peccatomm
1570 3797 1696 3866 genere
1730 3771 1896 3868 impliciti,
1928 3779 1961 3840 et

599 3911 620 3958 a
646 3891 837 3980 cognitione
848 3911 932 3960 vera
949 3890 1129 3961 divinitatis
1157 3899 1233 3962 tuae
1259 3890 1358 3962 alieni
1384 3889 1464 3962 lacti
1487 3890 1665 3979 luerimos3
1693 3889 1736 3960 ad
1761 3888 1904 3961 dilectos
1929 3895 1962 3957 et

599 4002 718 4095 dignos
746 4007 801 4098 qui
827 4004 1069 4075 intercedentes
1096 4007 1326 4099 suscipiantur,
1354 4007 1563 4094 accedimus3
1590 4028 1706 4079 omnes
1722 4003 1851 4077 scilicet
1876 4023 1959 4076 san·

599 4128 691 4207 ctos,
726 4124 827 4214 quia
854 4119 989 4192 saeculo
1017 4118 1074 4191 tibi
1102 4120 1309 4215 placuerunt,
1337 4125 1392 4216 qui
1426 4126 1460 4192 in
1486 4121 1673 4211 laboribus,
1701 4119 1899 4207 sudoribus,
1930 4126 1963 4188 et

600 4238 767 4306 aerumnis
791 4256 920 4326 agones
945 4257 1025 4307 suos
1052 4234 1276 4331 perfecerunt:
1304 4247 1339 4308 ut
1369 4259 1430 4331 per
1457 4241 1626 4309 orationes
1653 4258 1768 4308 eorum
1797 4217 1960 4330 accepta·

598 4349 684 4421 biles
710 4349 849 4445 laqueos
877 4355 1007 4445 peccati
1034 4373 1054 4420 a
1080 4350 1177 4424 nobis
1205 4350 1333 4439 solvas,
1361 4360 1394 4423 et
1420 4376 1439 4421 a
1467 4352 1638 4448 decipulis,
1664 4352 1791 4446 laqueis
1807 4358 1842 4420 et
1857 4369 1960 4420 scau-

600 4465 683 4537 dalis
709 4465 825 4540 futuris
852 4489 913 4561 per
940 4475 973 4538 te
998 4465 1197 4555 liberemur;
1233 4478 1267 4537 ιιι
1299 4466 1464 4538 cumillis
1497 4478 1531 4538 et
1560 4472 1646 4539 inter
1677 4466 1769 4555 illos,
1803 4474 1838 4536 et
1865 4468 1960 4557 juxta

599 4581 674 4654 illos
701 4586 735 4653 in
762 4581 947 4673 agminibus
975 4605 1101 4670 eorum,
1128 4582 1312 4655 referamus
1340 4581 1397 4652 tibi
1423 4582 1575 4674 gloriam.

703 4698 863 4792 Populos.
920 4697 1039 4770 Amen.

704 4814 879 4885 Sacerdos
905 4813 1094 4885 inclinatos.
1146 4814 1314 4885 Memento
1342 4813 1496 4901 Domine,
1524 4812 1652 4885 illorum
1676 4814 1732 4906 qui
1756 4813 1896 4907 propius
1922 4807 1962 4880 ad

602 4932 709 5002 Deum
736 4930 909 5018 accedunt,
936 4938 971 4999 et
995 4951 1052 5000 res
1079 4928 1207 5000 divinas
1234 4934 1426 5000 enunciant:
1454 4928 1583 5001 illorum
1611 4932 1665 5022 qui
1691 4927 1879 5013 thesaurus,
1904 4924 1960 4996 lu-

602 5066 679 5115 men
713 5054 747 5115 et
777 5045 1024 5117 fundamentum
1058 5043 1234 5117 Ecclesiae
1260 5054 1353 5131 sunt,
1385 5046 1584 5132 Doctorum,
1610 5043 1668 5115 vel
1694 5066 1808 5116 curam
1833 5042 1963 5115 haben-

601 5162 681 5231 tium
707 5165 822 5253 gregis
850 5164 895 5232 tui
921 5160 1113 5248 rationalis,
1149 5171 1181 5231 et
1212 5160 1343 5233 illorum
1376 5164 1431 5253 qui
1458 5164 1513 5255 pie
1539 5170 1704 5255 paverunt
1736 5168 1771 5230 et
1795 5166 1965 5245 rexerunt,

602 5297 689 5349 oves
716 5285 820 5349 emms
847 5278 1009 5369 sanguine
1035 5280 1184 5373 pretioso
1206 5278 1365 5369 unigeniti
1387 5276 1462 5348 Filii
1489 5278 1554 5366 tui3
1581 5280 1637 5371 qui
1664 5299 1684 5347 a
1710 5273 1841 5349 Jacobo
1868 5276 1963 5370 prio·
