5150 6534
610 800 684 877 no
979 754 1615 881 onsnnxnnronns'

606 991 683 1049 tates
716 986 884 1067 producant
910 984 1147 1066 Episcoporum‚
1175 984 1435 1063 Patriarcharum,
1465 984 1636 1067 canonum,
1667 988 1843 1069 Bimalium,
1865 988 1986 1072 qudam

605 1083 821 1150 Eucharistiam
843 1102 907 1147 non
930 1083 1050 1152 adorari
1072 1084 1233 1165 probetur;
1264 1092 1315 1147 aut
1343 1102 1421 1165 quae
1449 1084 1674 1151 inclinationem
1707 1090 1797 1152 totius
1826 1089 1986 1170 corpor'u,

605 1202 798 1266 genuumque
822 1202 924 1248 coram
947 1183 996 1246 illa
1019 1181 1180 1247 flexionem
1207 1183 1402 1264 prohibeant:
1430 1184 1481 1247 vel
1512 1183 1632 1249 uadem
1662 1188 1806 1251 monitum
1830 1186 1985 1271 Litus-giis

604 1283 800 1363 inscriptum,
823 1300 900 1363 quo,
923 1289 956 1344 ut
978 1282 1007 1343 in
1030 1281 1218 1363 Anglicana,
1240 1291 1403 1361 caveatur,
1425 1300 1464 1345 ne
1487 1284 1555 1364 quis
1577 1290 1743 1366 propterea
1758 1284 1986 1352 Eucharistin

606 1379 735 1443 adorare
764 1380 865 1445 vellet.
909 1381 993 1443 llaec
1022 1382 1099 1443 enim
1127 1387 1198 1445 sunt
1225 1393 1404 1465 argumenta
1432 1385 1541 1468 quibus
1575 1387 1607 1449 in
1634 1403 1728 1450 causa
1749 1394 1809 1452 tarn
1829 1390 1913 1452 aeria
1934 1390 1986 1454 mi

606 1485 734 1564 quisque
756 1483 860 1564 debet,
884 1501 945 1548 non
968 1483 1105 1546 inanibus
1126 1483 1384 1566 peregrinantium
1407 1492 1457 1547 aut
1481 1492 1679 1548 nrercalorum
1702 1486 1938 1565 narrationibus,
1962 1506 1984 1552 ι

607 1582 714 1661 quihus
737 1590 837 1644 tamen
861 1600 921 1645 non
943 1582 1038 1644 semel
1060 1599 1187 1664 magnus
1209 1581 1260 1644 ille
1283 1581 1426 1646 Claudius
1449 1584 1610 1664 vapulavit.
1653 1584 1733 1648 Nihil
1752 1592 1860 1649 coum
1873 1584 1982 1649 valent

605 1679 766 1743 familiares
789 1680 943 1761 Epistulae
964 1681 1114 1744 hominum
1136 1682 1166 1742 in
1187 1680 1300 1762 Anglia
1322 1681 1361 1745 de
1383 1681 1645 1764 Constantinopoli
1665 1686 1892 1750 somniantium:
1913 1703 1982 1751 noa

604 1780 787 1843 nebulonum
810 1798 866 1861 per
880 1778 1039 1860 'Europam
1061 1779 1289 1842 discurrentium
1312 1781 1463 1861 perjuria,
1486 1781 1579 1844 multo
1600 1783 1696 1845 minus
1718 1800 1831 1864 gerrae
1852 1784 1982 1849 flattin-

605 1882 761 1962 perinane.
805 1880 912 1960 Neque
934 1886 1034 1942 tamen
1056 1879 1121 1942 aliis
1145 1880 1353 1942 autoritatibus
1374 1868 1550 1965 παράδοξα
1561 1880 1600 1943 de
1619 1879 1891 1946 Orientalibusaua
1908 1891 1981 1946 sta-

605 1980 717 2057 bilivit,
740 1978 979 2054 Catholicomm,
1001 1986 1034 2040 ut
1055 1979 1119 2040 suis
1142 1976 1239 2040 dictus
1261 1986 1325 2060 est,
1358 1980 1504 2041 maximus
1532 1979 1746 2060 triumphator,
1778 1998 1858 2061 qnae
1886 1981 1982 2046 vata-

605 2077 681 2141 bunt
703 2076 782 2159 apud
805 2077 939 2139 eruditos
962 2085 993 2139 et
1013 2078 1150 2140 veritatis
1172 2085 1322 2155 amantes,
1352 2078 1379 2138 si
1407 2079 1528 2157 qnando
1545 2069 1711 2159 judicatum
1732 2076 1823 2142 inerit
1850 2080 1981 2146 meridia

607 2195 667 2241 non
690 2178 805 2240 lucere.

318 2266 475 2339 sagamano
492 2268 594 2321 ¹⁰¹¹1¹¹¹·
699 2276 744 2339 De
768 2274 893 2337 formula
916 2273 1031 2337 &neto
1052 2275 1185 2350 senode,
1203 2274 1265 2354 jam
1288 2274 1431 2338 nonnulla
1452 2274 1580 2338 dicenda
1602 2282 1679 2337 sunt
1720 2274 1982 2359 lilius-significa-

284 2353 326 2406 Ν
344 2354 440 2408 &⁸⁰⁸⁰
459 2358 560 2410 'mm‘
607 2380 648 2441 tio
671 2376 889 2458 simplicissima
912 2381 974 2452 est,
998 2391 1106 2454 nempe
1128 2373 1259 2451 Soracte,
1290 2372 1348 2436 hoc
1377 2382 1425 2437 est
1453 2374 1597 2455 mysteria
1624 2373 1727 2437 verbis
1756 2374 1923 2440 homimis
1946 2384 1982 2440 at

608 2478 739 2541 adventu
762 2474 891 2555 Spiritus
913 2473 1008 2535 sarrcti
1031 2479 1226 2549 consecrata,
1258 2489 1320 2534 non
1349 2491 1419 2537 esse
1448 2473 1562 2552 danda,
1592 2472 1651 2535 uisi
1679 2473 1816 2561 sanctis,
1838 2472 1898 2538 boc
1929 2484 1981 2540 aa

607 2575 744 2637 fidelibus
766 2572 942 2636 Christianis
965 2572 1014 2651 pie
1037 2580 1067 2633 et
1089 2577 1195 2633 sancte
1216 2571 1402 2651 viventibus,
1426 2580 1457 2635 et
1478 2571 1655 2634 immunibus
1678 2589 1698 2633 a
1718 2573 1871 2652 peccatis,
1895 2591 1979 2654 quaa

609 2674 733 2736 ammam
756 2689 817 2734 uno
839 2672 901 2733 ictu
930 2670 1097 2751 perimunt,
1132 2676 1163 2733 et
1184 2688 1241 2750 per
1262 2672 1477 2750 poenitentiam
1499 2669 1610 2734 debent
1631 2671 1758 2752 expiari.
1802 2670 1848 2736 ltu
1862 2674 1983 2752 passim

607 2773 685 2837 haec
706 2772 797 2834 verba
821 2769 1009 2850 explicantur
1031 2788 1047 2830 a
1071 2768 1235 2851 Theologis
1258 2769 1459 2832 Orientalibus
1478 2771 1566 2850 juxta
1588 2787 1776 2833 communem
1787 2770 1980 2842 Graecorum

608 2873 727 2936 Patrum
750 2870 923 2934 doctrinam.
968 2868 1012 2930 lta
1035 2867 1155 2930 Gabriel
1177 2868 1349 2932 Patriareha
1378 2868 1619 2947 Alexandrinus,
1646 2868 1775 2931 Michael
1804 2867 1982 2933 Antioche-

609 2989 684 3049 uus,
707 2978 738 3033 et
760 2969 809 3033 alii
830 2968 925 3031 multi.
969 2967 1003 3030 ln
1024 2966 1161 3029 Ecclesia
1184 2967 1400 3044 Alexandrina,
1423 2968 1517 3030 verba
1539 2969 1606 3048 ipsa
1627 2976 1661 3031 ut
1681 2967 1792 3030 multae
1815 2966 1893 3032 aliae
1916 2985 1979 3031 va-

609 3080 691 3133 teres
714 3069 875 3146 formulae,
899 3066 1015 3130 Graece
1037 3067 1273 3147 pronunciantur
1300 3056 1350 3128 Td
1371 3056 1451 3150 ἅγια
1468 3066 1540 3139 τοῖς
1561 3057 1682 3150 ἂγίοιςε
1705 3066 1834 3147 quaeob
1851 3065 1979 3149 liuguae

608 3169 743 3233 Graecae
766 3167 953 3249 imperitiam,
976 3184 1037 3228 non
1059 3183 1119 3228 uno
1142 3164 1231 3228 modo
1253 3165 1385 3229 Arabica
1408 3167 1604 3247 interpretata
1625 3173 1704 3229 sunt.
1747 3164 1781 3227 ln
1796 3164 1978 3246 quibusdam

607 3271 686 3332 enim
709 3267 871 3332 Codicihus
894 3266 987 3328 verba
1011 3264 1148 3327 Arabica
1163 3264 1347 3348 significant,
1370 3265 1428 3327 ltoe
1449 3273 1496 3327 eet
1515 3272 1654 3327 sonentur
1674 3272 1865 3342 mncwnna,
1895 3281 1978 3346 qnae

606 3370 754 3432 sententia
772 3369 822 3448 pia
843 3366 914 3427 licet
936 3372 967 3427 et
980 3383 1066 3442 vera,
1084 3363 1186 3426 verbis
1200 3373 1300 3426 tamen
1323 3381 1383 3426 non
1410 3366 1561 3427 convenit.
1600 3363 1674 3449 Syri·
1690 3364 1721 3425 iu
1743 3355 1870 3444 quorum
1882 3361 1978 3432 nullia

607 3466 771 3529 Codicibus
794 3464 843 3527 illa
866 3482 883 3525 a
906 3462 992 3525 nobis
1013 3462 1131 3524 Graece
1152 3472 1275 3542 reperta
1298 3470 1382 3539 sunt,
1406 3461 1524 3524 felicius
1546 3464 1651 3525 eadem
1679 3471 1751 3526 suut
1773 3462 1978 3543 interpretati,

606 3565 660 3627 sed
689 3567 733 3626 lla
763 3572 795 3625 ut
822 3561 968 3641 quaedam
1002 3559 1185 3637 addiderint,
1219 3570 1328 3623 sancto
1348 3564 1479 3636 sanctas,
1499 3564 1540 3623 -e'n
1558 3562 1762 3641 perfectione,
1787 3563 1926 3641 poeitute
1945 3570 1980 3626 ct

605 3666 766 3725 scncdtcte
794 3663 964 3723 ceduntur.
1010 3658 1043 3720 ln
1074 3659 1227 3740 plerisque
1256 3658 1322 3723 aliis
1352 3659 1526 3740 simpliciter
1553 3660 1682 3743 legitur,
1711 3667 1821 3723 saneta
1845 3664 1977 3730 mlta.

606 3761 682 3834 Quid
706 3760 764 3823 illis
786 3761 887 3822 verbis
916 3758 1098 3821 intellexerit
1127 3768 1214 3821 vetus
1243 3758 1396 3835 Ecclesia,
1430 3758 1559 3838 etquid
1588 3770 1696 3823 macto
1722 3758 1977 3842 significaverint:

606 3848 648 3922 ed
671 3849 749 3941 ἅγια
769 3844 946 3942 μυστήρια,
970 3874 1034 3921 non
1054 3859 1133 3920 actio
1155 3859 1221 3938 ipsa
1248 3876 1352 3934 sacra,
1383 3867 1414 3920 et
1444 3857 1610 3920 celebratio
1639 3855 1847 3922 Eucharistiae
1876 3875 1978 3922 voca-

605 3958 728 4033 bantur,
752 3959 808 4020 sed
830 3956 909 4019 dona
930 3958 996 4020 sive
1025 3955 1171 4019 elementa
1201 3958 1286 4037 panis
1317 3965 1348 4019 et
1375 3958 1454 4033 vini,
1484 3959 1515 4019 in
1544 3955 1629 4018 altari
1658 3958 1816 4038 proposita
1831 3964 1875 4020 et
1903 3975 1978 4022 nox

606 4068 801 4137 consecrata,
824 4076 918 4138 mae,
942 4064 974 4120 ut
995 4064 1067 4118 tunc
1089 4056 1197 4120 Graeci
1218 4044 1261 4118 ed
1283 4045 1361 4137 ἅγια
1383 4052 1490 4140 δῶρα,
1519 4056 1559 4118 ita
1582 4054 1752 4118 Orientales
1774 4064 1883 4120 mdc
1905 4075 1979 4140 ny-

605 4162 717 4232 sten'e,
740 4165 791 4220 aut
814 4155 990 4237 simpliciter
1012 4164 1120 4217 concta
1147 4156 1310 4236 appellant.
1355 4155 1438 4217 llaec
1468 4154 1684 4234 denominatio,
1713 4163 1746 4218 ut
1774 4155 1868 4231 aliae,
1898 4173 1977 4220 oon-
2034 4182 2037 4186 ·

601 4258 691 4335 poris
712 4258 812 4317 concta·
833 4264 862 4317 ct
882 4255 1040 4333 ammireis
1058 4253 1200 4333 medeci,
1230 4272 1288 4334 qua
1318 4254 1410 4336 vrdgo
1439 4254 1482 4314 uti
1511 4253 1628 4331 solent,
1661 4271 1767 4316 omnes
1793 4271 1902 4322 eorum
1922 4256 1977 4336 qui

607 4354 791 4418 Catholieam
812 4352 851 4415 de
873 4352 1058 4414 Eucharislia
1081 4352 1245 4414 doctrinam
1274 4353 1450 4434 impugnant
1478 4352 1612 4415 rationes
1642 4354 1762 4415 evertit
1803 4346 1977 4418 labant*

605 4459 665 4515 tem
688 4453 766 4514 enim
789 4452 863 4531 ipsis
886 4451 1042 4513 elementis
1066 4451 1332 4513 sanctificationem
1355 4451 1520 4531 significat,
1544 4468 1605 4514 non
1627 4449 1707 4513 illam
1728 4448 1976 4534 metaphoricam,
2023 4463 2029 4468 ·

605 4570 645 4613 ex
667 4568 724 4613 usu
746 4548 918 4611 eorumdem
941 4548 1156 4612 elementorum
1178 4568 1245 4612 cum
1268 4549 1344 4626 lide,
1367 4567 1455 4630 quam
1476 4550 1572 4612 solum
1594 4548 1724 4612 medium
1744 4565 1806 4631 quo
1826 4549 1976 4632 acdpbut
2008 4542 2013 4548 ’

605 4666 716 4730 corpus
740 4647 865 4724 Christi,
889 4665 958 4710 esse
981 4648 1093 4710 volunt.
1138 4646 1247 4710 Sancta
1273 4655 1344 4711 sunt
1370 4648 1447 4710 enim
1477 4656 1635 4729 antequam
1665 4648 1884 4729 suscipiantur3
1910 4663 1975 4713 nou

604 4751 634 4812 in
651 4750 723 4830 ipsa
745 4747 954 4826 susceptione,
976 4754 1080 4810 sancta
1103 4747 1275 4829 hunt,‚hoc
1298 4755 1346 4809 est
1367 4765 1479 4827 eorpus
1501 4756 1533 4810 et
1553 4748 1677 4829 sanguis
1700 4746 1821 4811 Christi.
1860 4745 1975 4830 vtique

604 4849 747 4910 sanctitas
769 4844 818 4908 illa
841 4844 970 4926 simplex
992 4845 1230 4921 estbenedictio,
1254 4855 1305 4909 aut
1328 4848 1516 4909 consecratio
1539 4849 1683 4911 materiae
1704 4846 1742 4910 ad
1763 4847 1892 4929 gratim
1912 4845 1975 4912 alt-

607 4962 695 5025 quam
718 4942 967 5007 sacramentalem
988 4944 1201 5008 conferendam
1229 4944 1412 5024 destinatae,
1444 4952 1476 5006 ut
1504 4962 1616 5027 aquae,
1643 4954 1674 5008 et
1701 4945 1779 5023 olei,
1808 4944 1976 5012 antean-

605 5044 718 5107 smatis.
763 5042 817 5105 llla
839 5043 917 5103 enim
940 5045 1125 5106 sanctitatem
1148 5043 1304 5124 quamdam
1326 5046 1549 5124 perorationes
1561 5044 1720 5108 Ecclesiae
1736 5045 1919 5127 percipiunt,
1939 5052 1976 5112 et

605 5160 643 5205 ea
665 5143 782 5204 ratione
804 5147 907 5202 sancta
930 5158 1007 5221 aqua
1027 5141 1185 5219 dardanis,
1208 5144 1273 5206 sive
1295 5143 1465 5223 Baptisterii
1486 5144 1609 5223 dicitur,
1632 5152 1768 5209 sanchum
1779 5143 1891 5225 llyrou
1904 5144 1975 5209 tiva

606 5239 758 5318 chrisma,
782 5247 916 5302 sanctum
939 5238 1055 5303 oleum:
1076 5250 1107 5304 at
1129 5251 1264 5304 sanctum
1287 5242 1424 5306 absolute
1446 5245 1513 5307 sive
1534 5252 1643 5307 sancte
1662 5230 1707 5305 cd
1728 5232 1880 5325 drm'dc
1906 5240 1978 5308 solt
