5150 6534
586 835 663 910 212
1163 829 1395 907 nerlu
1484 785 1488 794 ’

297 1020 361 1075 lior·
380 1022 410 1073 de
426 1018 571 1072 smera.
587 994 847 1097 Constantinopoli
869 1015 907 1078 de
929 1016 988 1079 lide
1010 1016 1199 1079 collationem
1222 1033 1290 1077 cum
1314 1014 1497 1078 Orthodoxis
1519 1012 1703 1091 hahuerunt,
1731 1011 1850 1074 illorum
1871 1012 1966 1092 print

284 1109 336 1161 ²²·
359 1125 382 1159 ⁶·
407 1108 431 1158 ¹·
456 1105 573 1170 Launoy.
587 1116 763 1178 testimoniis
795 1117 840 1176 usi
871 1122 957 1194 sunt,
989 1113 1068 1195 quod
1097 1132 1114 1175 a
1141 1115 1213 1176 uiris
1244 1113 1425 1176 doctissimis
1456 1112 1567 1176 dudum
1596 1110 1650 1174 luit
1678 1112 1883 1174 observatum.
1927 1109 1963 1174 lu

284 1198 299 1243 c
317 1193 411 1244 deeius
429 1192 529 1257 Dionys.

586 1215 678 1276 variis
702 1214 902 1276 Collectaneis
926 1213 1141 1274 sententiarum
1164 1230 1204 1273 ex
1226 1214 1355 1292 antiquis
1378 1212 1531 1288 Patribus,
1561 1209 1598 1273 ad
1627 1210 1777 1290 opinionis
1804 1226 1881 1273 suae
1903 1201 1966 1274 de?

585 1312 766 1390 sensionem,
790 1319 893 1373 extant
907 1310 1070 1373 nonnullae
1091 1330 1131 1372 ex
1153 1310 1301 1389 ejusmodi
1316 1310 1413 1372 libris:
1437 1318 1467 1373 et
1489 1330 1525 1372 ea
1547 1310 1674 1387 ratione,
1697 1309 1861 1389 Dionysius
1883 1309 1963 1372 inter

586 1411 743 1473 Ecclesiae
765 1410 914 1471 Doctores
937 1411 967 1470 in
989 1407 1147 1490 Diptychis
1169 1406 1347 1488 frequenter
1368 1416 1552 1473 numeratur.
1594 1408 1695 1488 Atque
1728 1407 1779 1469 illa
1807 1407 1962 1470 verisimi-

587 1511 622 1571 lis
646 1527 737 1570 causa
760 1517 817 1586 est,
835 1526 896 1570 -cur
917 1509 983 1589 ejus
1006 1508 1127 1569 nomine
1141 1506 1306 1587 liturgiam
1328 1507 1513 1589 singularem
1536 1505 1772 1587 composuerint,
1795 1524 1857 1569 non
1880 1504 1962 1587 quod

586 1609 678 1670 inulta
707 1607 745 1668 ad
775 1624 880 1669 sacros
902 1608 978 1667 ritus
1001 1606 1166 1686 spectantia
1190 1606 1345 1667 hauserint
1366 1625 1407 1667 ex
1428 1605 1513 1667 libris
1536 1605 1574 1668 de
1595 1604 1811 1668 Ecclesiastica
1834 1603 1962 1666 iliarar-

587 1707 670 1781 ehia;
694 1723 760 1766 nam
784 1713 925 1787 quantum
948 1704 986 1765 ad
1009 1703 1195 1784 disciplinam
1211 1704 1446 1766 Eucharisticam
1464 1711 1591 1784 spectat,
1614 1705 1667 1765 vix
1689 1720 1819 1783 unquam
1842 1700 1961 1765 illorum

586 1806 794 1867 meminerunt.
838 1803 952 1865 Eodem
966 1804 1086 1865 nomine
1110 1804 1189 1865 edita
1213 1810 1260 1863 est
1282 1804 1313 1863 in
1331 1802 1446 1864 Missali
1462 1801 1625 1865 chaldaico
1634 1802 1779 1883 liturgia,
1803 1801 1860 1863 sed
1883 1817 1960 1881 quae

587 1910 710 1983 praeter
732 1902 848 1964 titulum
872 1920 939 1964 cum
961 1903 1017 1963 ista
1041 1920 1197 1964 commune
1221 1901 1292 1961 nihil
1315 1901 1416 1979 habet,
1440 1920 1507 1962 cum
1529 1902 1559 1963 in
1579 1900 1693 1963 Missali
1716 1898 1864 1961 tribuatur
1884 1898 1959 1961 uio-

587 2000 674 2079 nysio
697 2000 841 2063 Barsalihi
864 2001 1018 2081 Episcopo
1041 1999 1189 2062 Amideno
1211 1998 1368 2061 Jacobitae
1391 2000 1607 2076 famosissimo,
1635 1998 1674 2061 de
1702 2015 1762 2079 quo
1790 1997 1959 2060 diceturiu

588 2098 852 2161 observationibus
875 2100 911 2160 ad
936 2099 1071 2161 eamdem
1093 2098 1268 2179 Liturgiam
1295 2105 1325 2159 et
1347 2100 1458 2177 passim
1481 2098 1551 2159 alibi
1573 2099 1682 2160 dietum
1705 2102 1769 2172 est,
1792 2114 1860 2158 oum
1882 2095 1958 2158 illius

588 2197 765 2259 testimoniis
794 2200 823 2259 in
852 2206 915 2261 toto
940 2199 998 2261 hoc
1021 2216 1116 2279 opere
1139 2197 1315 2276 saepissime
1337 2205 1465 2260 utamur.
1508 2197 1616 2275 Neque
1637 2194 1716 2257 ullus
1739 2202 1786 2257 cst
1809 2195 1959 2277 ambigui-

588 2293 641 2354 tati
664 2294 765 2371 locus,
793 2305 844 2359 aut
873 2296 1039 2376 suspicioni
1062 2296 1100 2358 de
1128 2297 1243 2357 incuria
1272 2296 1476 2359 librariomm:
1507 2314 1574 2358 cum
1604 2296 1634 2356 in
1662 2293 1768 2356 iisdem
1797 2291 1958 2356 Codicibus

588 2398 716 2471 utraque
738 2394 874 2477 liturgia
896 2413 990 2475 saepe
1012 2396 1194 2475 reperiatur.
1239 2395 1272 2456 ln
1303 2396 1360 2456 ista
1387 2412 1461 2456 vero
1491 2412 1588 2474 pauca
1615 2400 1781 2455 occurrunt
1800 2408 1881 2472 quae
1903 2388 1959 2451 ali-

589 2508 676 2569 quam
699 2491 930 2572 explicationem
953 2493 1138 2555 desiderent.

918 2804 953 2874 2.
998 2802 1136 2874 Credite
1164 2802 1255 2896 quod
1280 2821 1406 2893 corpus
1431 2821 1538 2869 meam
1564 2804 1624 2869 est.

700 3008 773 3085 lsm
796 3037 858 3082 vox
879 3019 977 3082 addita
991 3019 1095 3082 verbis
1114 3018 1224 3083 Christi
1246 3027 1305 3080 tarn
1327 3019 1359 3079 in
1380 3017 1478 3079 lorma
1500 3018 1599 3099 panis,
1623 3036 1711 3098 quam
1733 3016 1765 3078 in
1787 3016 1884 3079 altera
1906 3009 1960 3078 ca-

587 3122 655 3206 licis
678 3123 894 3199 consecrandi,
925 3123 1039 3191 nullum
1068 3125 1099 3184 in
1128 3121 1254 3184 vetustis
1284 3121 1409 3182 Graecis
1432 3120 1576 3201 liturgiis
1604 3118 1774 3200 exemplum
1797 3119 1906 3198 hahet,
1928 3125 1961 3181 ut

589 3238 689 3301 neque
712 3222 744 3282 in
767 3220 991 3297 Alexandrinis,
1013 3220 1070 3283 sed
1091 3228 1204 3282 tanturn
1225 3221 1255 3281 in
1277 3237 1337 3281 una
1359 3228 1410 3281 aut
1431 3220 1527 3282 altera
1551 3217 1695 3299 Syriacis.

658 3529 693 3598 3.
740 3526 805 3612 Oui
832 3532 930 3600 tincti
955 3535 1031 3599 sunt
1056 3531 1222 3618 sanguine
1249 3534 1317 3615 luo,
1345 3533 1532 3624 strigonii
1557 3528 1793 3602 Sacramentia
1818 3533 1898 3601 tuis.

691 3749 763 3829 Oea
786 3747 916 3824 fidelium
940 3781 996 3843 per
1017 3762 1223 3825 Eucharistiae
1246 3766 1470 3844 susceptionem
1493 3768 1568 3848 tingi
1598 3767 1746 3846 sanguine
1769 3764 1900 3846 Christi,
1932 3775 1969 3829 ut

538 3865 543 3879 “
590 3872 694 3944 postes
718 3865 872 3927 domorum
895 3865 1052 3928 israelitici
1073 3867 1178 3946 populi
1199 3868 1228 3927 in
1242 3869 1385 3950 Aegypto
1411 3868 1520 3930 tinctos
1542 3870 1691 3951 sanguine
1713 3869 1784 3951 agni
1798 3868 1968 3949 Paschalis,

590 3964 754 4025 communis
784 3973 832 4026 est
862 3964 1056 4027 Orientalium
1087 3965 1238 4042 doctrina,
1269 3985 1357 4052 quam
1385 3967 1452 4028 luse
1478 3967 1608 4047 explicat
1633 3965 1765 4029 Severus
1789 3966 1969 4048 Episcopus

588 4062 783 4139 Aschmonin‚
808 4063 838 4124 in
861 4080 956 4142 opere
978 4064 1016 4125 de
1038 4063 1129 4145 Agno
1152 4064 1286 4125 Paschali
1311 4065 1551 4130 etEucharistia.
1579 4066 1661 4127 idem
1684 4066 1795 4149 legitur
1816 4066 1847 4127 in
1871 4068 1969 4131 uariis

589 4161 789 4239 orationibus,
819 4162 997 4240 praesertim
1020 4162 1077 4224 illis
1111 4181 1188 4243 quae
1206 4163 1344 4225 dicuntur
1363 4173 1433 4244 post
1453 4166 1708 4241 communionem,
1737 4163 1773 4226 ad
1796 4163 1970 4244 gratiarum

590 4261 746 4320 actionem.
781 4259 898 4340 Signati
911 4258 1112 4322 sacramentis
1127 4261 1266 4322 dicuntur
1286 4262 1446 4324 Christiani
1468 4281 1525 4343 per
1545 4263 1744 4343 Baptismum‚
1774 4280 1830 4342 per
1853 4262 1969 4343 Myron

590 4373 646 4416 seu
670 4355 843 4417 Chrismatis
866 4358 1104 4437 impressionem,
1128 4369 1158 4422 et
1180 4378 1236 4440 per
1247 4360 1474 4424 Eucharistiam.
1508 4361 1552 4422 Ea
1574 4361 1727 4424 locutione
1750 4360 1820 4422 nihil
1843 4361 1876 4422 in
1899 4362 1971 4423 istis

592 4451 703 4514 Olhciis
727 4454 923 4534 frequentius.

824 4763 859 4832 ll.
910 4764 953 4834 Ut
976 4787 1042 4856 per
1069 4765 1224 4857 illapsum
1251 4772 1285 4834 ei
1313 4766 1602 4837 obumbrationem
1627 4789 1732 4837 suam.

1872 4879 1888 4910 ο

689 4970 742 5047 Dc
765 4981 890 5041 vocibus
915 5000 992 5060 quac
1015 4984 1045 5043 in
1068 4984 1123 5043 hac
1154 4985 1289 5046 oratione
1321 4993 1504 5066 usurpantur
1534 4984 1570 5046 ab
1600 4984 1820 5062 Orientalibus,
1854 4986 1975 5052 dictum

591 5093 638 5147 est
667 5084 762 5145 lusius
792 5084 822 5143 in
849 5084 928 5144 notis
952 5083 990 5175 ad
1017 5085 1095 5145 hunc
1117 5085 1216 5146 locum
1238 5085 1393 5168 Liturgiae
1415 5088 1517 5150 Basilii
1541 5088 1694 5168 Copticae.
1736 5075 1976 5172 'Enrpoivporv

591 5199 651 5263 qua
673 5199 750 5244 voce
774 5180 882 5243 Graeci
905 5183 1089 5263 potissimum
1111 5184 1153 5244 uti
1174 5184 1283 5261 solent,
1308 5187 1479 5265 exprimunt
1492 5186 1560 5266 Syri
1571 5205 1627 5267 per
1641 5206 1707 5248 eam
1723 5203 1810 5266 quam
1824 5187 1976 5266 &lapsam

590 5283 751 5346 vertimus:
775 5298 834 5360 qua
858 5282 947 5343 etiam
968 5289 1101 5362 utuntur,
1124 5281 1193 5343 dum
1215 5283 1380 5346 mirabilem
1398 5285 1559 5348 adventum
1582 5284 1710 5367 Spiritus
1733 5285 1831 5347 sancti
1854 5303 1976 5367 super-
