5150 6534
885 791 887 795 ’
934 834 1070 911 nnsnn
1095 835 1146 911 un
1171 832 1356 912 vrnsnm
1382 835 1557 912 Amnum
1583 833 1697 912 nisu.
1905 834 1990 911 :551

623 1044 755 1095 manum
781 1043 908 1115 genus,
935 1043 996 1117 per
1023 1044 1140 1116 quem,
1167 1029 1202 1092 et
1227 1044 1303 1093 oum
1329 1045 1395 1116 quo
1429 1024 1487 1096 libi
1524 1022 1663 1096 debetur
1693 1022 1782 1110 laus,
1819 1020 1927 1096 honor
1961 1033 1995 1095 et

620 1150 790 1235 potestas,
818 1161 893 1209 cunr
921 1140 1132 1211 sanctissimo
1160 1149 1217 1209 tuo
1245 1137 1389 1233 Spiritu,
1414 1139 1527 1229 bono,
1555 1138 1746 1231 adorando,
1772 1147 1836 1211 etc.

725 1254 886 1348 Populos.
938 1255 1058 1327 Amen.

651 1417 662 1429 ··
725 1362 916 1441 Sacerdos?
952 1370 1120 1442 Memento
1143 1371 1242 1441 etiam
1259 1370 1403 1440 Domine
1428 1391 1542 1442 eornm
1557 1372 1613 1464 qui
1632 1393 1697 1442 una
1721 1369 1895 1443 nobiscum
1927 1372 1994 1444 ad-

624 1494 749 1560 stantes
777 1496 892 1575 orant,
919 1497 953 1557 et
979 1506 1096 1557 eorum
1122 1488 1176 1579 qui
1203 1485 1279 1556 hinc
1312 1471 1428 1580 procul
1456 1483 1588 1557 absunt:
1625 1509 1740 1559 eorum
1776 1511 1908 1583 quoque
1940 1494 1997 1586 qui

622 1601 683 1675 hus
702 1601 888 1676 oblationes
904 1602 1081 1674 attulerunt
1107 1602 1174 1673 tibi.
1228 1600 1311 1672 'lum
1329 1602 1426 1672 etiam
1444 1623 1573 1690 eorum,
1599 1625 1738 1696 quorum
1750 1625 1814 1675 nos
1827 1626 1873 1674 ex
1886 1625 1994 1698 prae-

623 1728 722 1815 cepto
749 1721 939 1789 meminisse
966 1715 1135 1788 debemus.
1188 1716 1330 1813 Insuper
1356 1738 1471 1789 eorum
1499 1720 1614 1811 quiin
1640 1717 1804 1792 Ecclesiis
1833 1717 1994 1790 fructuosi

624 1843 711 1924 sunt,
736 1855 917 1929 pauperum
944 1855 1011 1906 non
1037 1832 1148 1905 obliti:
1174 1841 1209 1904 et
1235 1855 1349 1905 eorum
1377 1836 1433 1927 qui
1459 1833 1684 1931 eleemosynis
1711 1837 1900 1930 vestituque
1921 1834 1994 1908 aliis

624 1950 833 2023 subveniunt.
885 1949 1011 2020 Horum
1039 1952 1191 2043 inquam,
1218 1959 1252 2020 et
1278 1948 1375 2021 simul
1401 1970 1517 2020 eorum
1545 1952 1600 2043 qui
1627 1952 1825 2045 cupiverunt
1850 1950 1994 2047 quidem,

624 2064 778 2139 sednon
804 2064 980 2182 valuerpnt
1011 2063 1148 2153 ollerre,
1181 2072 1215 2135 et
1247 2069 1380 2138 omnino
1414 2068 1673 2160 uniuscujusque
1704 2069 1894 2140 memineris
1930 2090 1992 2163 pro

623 2184 721 2253 animi
747 2184 793 2254 tui
820 2183 1011 2277 proposito,
1040 2189 1213 2252 eteorum
1241 2202 1326 2274 quos
1352 2180 1453 2253 modo
1480 2186 1823 2255 commemoravimus.

724 2298 773 2368 Et
797 2296 854 2368 bic
881 2295 1015 2367 extollit
1040 2318 1157 2367 uocem
1183 2319 1286 2367 saum
1340 2296 1502 2368 Retribue
1522 2298 1666 2370 Domine
1681 2297 1745 2369 illis
1761 2320 1899 2393 quorum
1914 2321 1993 2370 rne-

622 2416 773 2485 minimus
801 2434 915 2485 coram
942 2421 992 2499 ts,
1021 2421 1054 2482 et
1080 2434 1219 2505 quornm
1246 2433 1314 2485 non
1341 2415 1567 2501 meminimus,
1598 2434 1661 2509 pro
1696 2417 1838 2485 terrenis
1872 2412 1992 2486 coele-

577 2524 581 2533 ’
623 2532 708 2618 stia,
733 2552 794 2625 pro
822 2526 1090 2624 corruptibilibus
1118 2527 1399 2623 incorruptibilia,
1426 2551 1488 2624 pro
1525 2532 1734 2625 temporariis
1768 2540 1923 2619 aeterna,
1960 2541 1993 2603 et

620 2641 723 2715 facito
751 2654 787 2714 ut
813 2644 975 2715 haeredes
1004 2647 1069 2716 sint
1093 2648 1184 2714 vitae
1212 2654 1380 2715 aeternae.
1434 2645 1550 2717 Viduis
1579 2648 1790 2740 patrocinare
1807 2669 1870 2742 per
1892 2668 1993 2719 amo-

495 2794 498 2798 ·
620 2779 691 2829 rem
717 2768 807 2829 tuum
824 2771 917 2851 ‘erga
944 2780 1050 2850 genus
1076 2758 1266 2830 humanum:
1294 2759 1425 2854 pupillis
1452 2770 1525 2831 estc
1544 2770 1657 2854 pater:
1685 2763 1838 2856 captivos
1854 2760 1992 2852 redime,

622 2883 801 2966 aegrotos,
829 2875 982 2970 maleque
1007 2873 1168 2947 babentes
1196 2883 1331 2946 sanato:
1359 2899 1434 2947 oum
1460 2875 1696 2967 navigantibus
1722 2881 1900 2969 navigato,
1932 2877 1992 2949 la-

622 2989 783 3063 cientibus
810 2995 889 3078 iter,
917 3013 1032 3062 comes
1059 3000 1149 3062 esto:
1177 2991 1330 3083 Denique
1357 3014 1417 3065 eos
1445 2995 1500 3085 qni
1527 2994 1560 3063 in
1587 2992 1754 3088 speluncis
1786 2993 1845 3065 vel
1869 2992 1991 3067 fodinis

623 3115 657 3177 et
683 3107 908 3179 subterraneis
934 3108 1017 3178 locis
1044 3106 1182 3196 durant,
1208 3116 1348 3201 propter
1381 3129 1502 3178 nomen
1538 3117 1687 3179 sanctum
1722 3120 1828 3193 tunm,
1861 3109 1993 3181 contir-

621 3233 711 3294 mato
739 3233 837 3317 atquc
865 3224 1023 3315 adjuvate
1052 3222 1193 3292 dextera
1219 3230 1294 3292 tua:
1322 3224 1437 3317 quiin
1465 3220 1566 3294 exilio
1595 3234 1651 3295 aut
1678 3247 1816 3296 carcere
1843 3236 1917 3296 sunt
1942 3224 1990 3295 li-

621 3337 760 3427 berat03
787 3350 938 3411 errantes
965 3338 1203 3433 dispersosque
1225 3337 1394 3430 colligit03
1421 3348 1698 3434 congregatoque
1713 3362 1830 3413 omnes
1847 3345 1880 3412 in
1900 3339 1991 3412 ovile

621 3463 727 3542 tuum,
755 3466 790 3526 ut
816 3458 857 3527 sit
882 3477 980 3527 unum
1008 3454 1099 3527 ovile
1127 3465 1161 3526 et
1185 3466 1302 3549 pastor
1328 3476 1429 3542 unus,
1456 3455 1581 3549 tibique
1608 3453 1737 3526 laudem
1764 3455 1990 3547 attribuamus,

622 3580 656 3641 et
681 3576 809 3662 gratias
836 3594 996 3664 agarum,
1024 3594 1064 3643 ac
1091 3570 1187 3644 simul
1215 3574 1385 3663 unigenito
1413 3571 1499 3643 Filio
1527 3580 1599 3658 tuo,
1634 3581 1667 3641 et
1699 3575 1905 3647 sanctissimo
1932 3583 1989 3645 tuo

622 3686 773 3782 Spiritui,
800 3688 908 3774 bono,
936 3687 1127 3776 adorando,
1153 3691 1255 3759 vitam
1281 3688 1455 3779 largienti,
1482 3685 1624 3781 tibique,
1652 3697 1715 3759 etc.

628 3832 633 3841 ·
724 3802 885 3895 Populus.
937 3805 1056 3875 Amen.
1166 3802 1171 3812 “
1429 3863 1433 3868 .

725 3918 900 3990 Sacerdos
935 3920 1126 3989 inclinatus.
1179 3919 1311 3990 Memor
1346 3928 1420 3990 esto
1455 3920 1599 3991 Domine
1631 3917 1763 4010 Regum
1798 3927 1988 3991 nostrorum

548 4119 556 4138 Ι
621 4033 795 4107 laudabilis
823 4032 1022 4120 memoriae,
1051 4057 1091 4104 ac
1119 4044 1280 4107 coronato
1308 4055 1368 4105 eos
1396 4056 1457 4128 spe
1482 4032 1593 4106 bonae
1619 4032 1813 4125 voluntatis,
1841 4046 1874 4107 et
1889 4033 1988 4128 galea

622 4150 756 4242 salutis,
783 4161 1051 4243 conservatoque
1085 4152 1178 4245 ipsos
1213 4153 1247 4221 in
1273 4149 1339 4221 lide
1365 4172 1464 4239 sana3
1492 4160 1591 4245 atque
1618 4150 1762 4244 subigito
1798 4154 1891 4247 ipsos
1925 4150 1987 4224 sub

617 4267 734 4357 jugum
769 4269 865 4358 regni
899 4270 960 4337 tui:
1001 4276 1033 4336 et
1068 4264 1209 4361 populos
1244 4265 1426 4355 barbaros,
1453 4265 1745 4363 Reipublicaeque
1780 4266 1988 4342 Christianae

620 4382 807 4455 malevolos
833 4385 914 4478 ipsis
939 4385 1138 4477 mancipato.
1710 4459 1712 4461 ,

723 4501 772 4572 Et
796 4483 943 4573 eodone
973 4522 1099 4571 aecem.
1155 4499 1262 4573 Nobis
1300 4512 1408 4572 autem
1430 4502 1573 4572 Domine
1600 4497 1774 4572 concedito
1803 4496 1991 4589 habitatiof

596 4624 696 4687 'nem
723 4617 930 4712 tranquillam
958 4626 991 4686 et
1017 4619 1178 4710 quietam,
1216 4628 1315 4711 atque
1346 4614 1559 4688 bumilitatem
1595 4616 1794 4712 perlectam:
1830 4625 1864 4685 tu
1899 4617 1986 4686 euim

620 4751 659 4803 es
686 4732 833 4824 adJutor,
866 4740 1086 4827 praestasqus
1117 4735 1291 4803 victoriam
1326 4732 1478 4805 omnibus
1511 4737 1567 4828 qui
1601 4734 1735 4805 nomine
1770 4740 1827 4802 tuo
1862 4752 1985 4822 magno

618 4847 775 4936 militant,¹
800 4858 920 4942 tuaque
947 4868 1050 4918 causa
1077 4851 1214 4942 sumptis
1241 4850 1342 4918 armis
1369 4848 1533 4944 stipendia
1553 4858 1683 4922 merent
1695 4849 1728 4918 in
1746 4843 1847 4918 bello.
1900 4845 1984 4921 Esto

619 4963 731 5057 daque
757 4965 899 5036 Domine
926 4961 1051 5034 anxilio
1078 4965 1118 5034 iis
1146 4966 1201 5057 qui
1226 4985 1288 5057 pro
1315 4963 1524 5059 populo-tuo
1549 4965 1721 5059 redempto
1748 4960 1834 5034 bella
1854 4975 1985 5055 gerunt,

620 5088 654 5148 et
680 5081 854 5151 victoriam
882 5081 963 5173 ipsis
990 5077 1132 5169 largire:
1164 5080 1230 5150 imo
1258 5088 1291 5149 tu
1328 5082 1402 5174 ipse
1428 5081 1590 5152 adversus
1625 5102 1686 5151 eos
1722 5076 1893 5167 dimicate,
1930 5079 1986 5174 qui

600 5192 696 5264 >illos
723 5194 801 5266 odio
827 5192 958 5265 babent.
1012 5192 1085 5265 Nos
1113 5205 1222 5266 autem
1248 5195 1392 5267 Domine
1418 5194 1460 5267 ab
1488 5194 1641 5269 omnibus
1667 5195 1842 5290 periculis,
1869 5216 1984 5287 angu-

621 5312 714 5401 stiis,
740 5310 995 5386 necessitatibus
1023 5332 1157 5384 assere:
1183 5313 1236 5382 cui
1262 5311 1395 5384 laudem
1420 5323 1455 5384 et
1483 5314 1664 5406 gratiarum
1696 5313 1861 5385 ardonem
1894 5309 1984 5409 olle-
