5150 6534
641 837 716 913 308
990 835 1117 914 NOTAE
1142 837 1182 913 IN
1208 835 1413 912 LITURGIAM
1438 836 1648 915 PHILOXElll.

639 1021 719 1102 apud
741 1039 808 1099 nos,
831 1040 849 1085 a
871 1022 944 1085 solis
966 1020 1135 1102 Episcopis.
1180 1020 1274 1093 Quam
1297 1019 1393 1081 inanis
1416 1030 1498 1084 essct
1519 1021 1567 1083 illa
1591 1022 1760 1101 accusatio,
1791 1021 1860 1084 alibi
1888 1023 2006 1102 proba-

638 1124 747 1183 vimus:
779 1129 810 1183 et
840 1140 879 1182 ex
907 1121 966 1183 isto
996 1119 1150 1202 Liturgiae
1179 1119 1248 1181 loco
1279 1120 1351 1181 satis
1380 1120 1506 1202 intelligi
1535 1127 1653 1201 potest,
1684 1139 1772 1201 quam
1799 1120 1945 1203 religiose
1967 1123 2006 1186 de

351 1203 450 1274 ΡΜ·
462 1205 525 1259 lon.
535 1208 560 1258 5.
570 1207 586 1258 ἱ·
598 1209 625 1259 ²·
638 1218 744 1299 Myro,
775 1238 828 1282 seu
858 1219 1104 1295 Confirmatione,
1136 1235 1214 1297 quae
1236 1218 1313 1279 idem
1336 1226 1393 1296 est,
1416 1219 1572 1285 Jacobitac
1593 1220 1740 1296 sentiant,
1769 1239 1895 1300 quorum
1918 1240 1955 1284 ea
1976 1224 2007 1284 iu

318 1307 341 1341 c.
362 1291 404 1341 11.
424 1301 469 1343 ele.

640 1325 726 1398 parte
757 1317 863 1379 eadem
894 1326 940 1380 est
967 1335 1002 1378 ac
1025 1317 1208 1396 reliquorum
1232 1315 1427 1379 Orientalium
1450 1316 1686 1380 Christianorum
1708 1319 1782 1382 lides
1805 1328 1836 1382 et
1858 1318 2005 1383 doctrina.

641 1416 821 1497 Comparant
851 1416 929 1477 enim
958 1415 1030 1477 illud
1053 1433 1120 1477 oum
1142 1413 1311 1495 baptismo,
1341 1423 1372 1476 et
1393 1415 1598 1493 Eucharistia,
1629 1434 1706 1496 quae
1730 1416 1789 1478 duo
1813 1417 2005 1481 Sacramenta

639 1533 808 1596 agnoscere
831 1515 899 1576 illos
922 1532 1010 1576 nemo
1032 1513 1154 1578 dubitat.
1200 1514 1295 1576 Orant
1317 1517 1439 1597 quippe,
1464 1524 1496 1578 ut
1518 1517 1580 1596 igni
1604 1523 1728 1576 aeterno
1751 1533 1812 1577 non
1835 1516 2005 1580 tradantur:

640 1618 709 1695 quia
731 1615 840 1695 signati
862 1622 932 1676 sunt
955 1612 1137 1687 chrismate,
1167 1613 1336 1693 donumque
1368 1612 1497 1693 Spiritus
1520 1614 1615 1675 sancti
1646 1621 1846 1694 acceperunt3
1874 1632 1943 1675 nam
1975 1616 2006 1678 iu

640 1713 868 1793 consignatione
883 1712 990 1774 dicitur
1003 1711 1137 1792 Sigillum
1158 1712 1232 1773 doni
1245 1710 1378 1791 Spiritus
1398 1714 1512 1787 sancti,
1531 1720 1563 1774 ut
1585 1711 1662 1792 apud
1676 1711 1827 1775 Graecos:
1850 1721 1922 1792 tum,
1937 1716 2006 1794 quia

639 1812 856 1876 Eucharistiam
878 1818 1076 1891 acceperunt,
1106 1810 1186 1890 quod
1211 1811 1400 1890 exprimunt,
1428 1811 1468 1872 ita
1495 1818 1527 1872 ut
1549 1811 1742 1892 metaphorae
1765 1810 1850 1874 locus
1873 1828 1933 1873 non
1956 1813 2005 1888 sit,

641 1930 707 1973 cum
723 1912 825 1973 dicunt
838 1929 950 1991 corpus
959 1911 1069 1974 Christi
1092 1910 1242 1972 conditum
1265 1918 1296 1971 et
1318 1910 1487 1990 depositum
1509 1909 1603 1973 fuisse
1627 1912 1656 1971 iu
1680 1911 1751 1972 illis:
1774 1919 1834 1972 tum
1859 1912 1926 1989 quia
1949 1929 2006 1992 per

641 2011 822 2091 Baptismum
843 2010 1015 2092 regenerati
1037 2015 1115 2072 sunt.
1160 2008 1339 2091 Agnoscunt
1361 2009 1453 2090 igitur
1474 2010 1617 2090 gratiam,
1639 2015 1673 2071 ut
1694 2009 1787 2093 vulgo
1810 2008 1928 2087 dicitur,
1952 2028 2006 2070 sa-

643 2108 853 2172 cramentalem
877 2109 906 2169 in
929 2107 1101 2170 Chrismatis
1124 2109 1276 2182 unctione,
1299 2126 1360 2169 non
1383 2110 1478 2169 minus
1501 2126 1589 2188 quam
1611 2109 1642 2170 in
1656 2107 1818 2189 baptismo,
1841 2107 2005 2170 etEucha-

642 2211 736 2287 ristia,
758 2211 848 2287 atque
870 2206 948 2269 adeo
970 2205 1043 2269 illud
1066 2208 1289 2271 Sacramentum
1312 2224 1381 2268 esse
1403 2206 1591 2269 confitentur.

729 2305 817 2380 Quod
828 2312 926 2368 autem
942 2305 1067 2368 verbum
1089 2304 1136 2366 bio
1158 2312 1321 2383 usurpatur
1342 2306 1379 2368 ad
1401 2306 1625 2386 significandam
1635 2308 1903 2387 consignationem,
1924 2307 2005 2369 illam

644 2427 683 2470 ex
695 2425 753 2469 usu
762 2405 975 2468 Ecclesiastico
996 2405 1122 2485 proprie
1145 2405 1291 2486 designat,
1315 2423 1392 2484 quae
1407 2406 1438 2467 lit
1454 2407 1484 2466 in
1497 2407 1632 2467 omnibus
1645 2405 1842 2467 Sacrameutis
1855 2405 2004 2486 impresso

643 2507 730 2570 simul
760 2505 858 2568 crucis
886 2506 993 2587 signo,
1024 2512 1054 2566 et
1083 2522 1119 2566 ea
1147 2504 1327 2565 observatur
1349 2506 1380 2565 in
1403 2503 1634 2566 Confirmatione
1658 2503 1906 2582 administranda,
1936 2522 2004 2565 nam

643 2605 744 2666 unctio
767 2604 798 2666 lit
819 2604 850 2664 in
873 2603 972 2667 crucis
995 2603 1119 2665 formam
1140 2610 1173 2665 ut
1195 2603 1225 2664 in
1247 2602 1313 2663 aliis
1337 2603 1472 2666 omnibus
1495 2604 1590 2666 sacris
1613 2605 1819 2682 caeremoniis,
1843 2604 1873 2664 iu
1896 2603 2004 2683 quihus

645 2703 780 2766 Chrisma
803 2703 968 2766 adhibetur.
2009 2693 2013 2703 ’

1035 2963 1070 3032 d.
1109 2961 1287 3031 Inoocotio
1315 2959 1465 3054 Spiritus
1490 2966 1611 3034 annoti.

735 3156 849 3236 Eanum
879 3184 957 3246 quae
984 3165 1050 3226 aliis
1080 3164 1216 3226 omnibus
1237 3163 1380 3246 Liturgiis
1403 3165 1451 3228 hic
1474 3166 1654 3228 observatur
1675 3165 1875 3227 invocationis
1898 3162 2003 3242 forma,

641 3271 764 3335 Graecis
787 3269 958 3351 persimilis,
981 3285 1068 3348 quam
1090 3267 1202 3329 idcirco
1225 3284 1339 3329 vexare
1362 3269 1465 3330 inutile
1489 3278 1548 3331 est:
1572 3287 1672 3349 neque
1695 3269 1772 3330 enim
1789 3268 1867 3329 inter
1877 3266 2003 3329 Codices

639 3370 848 3435 benemultos
871 3369 1028 3449 Syriacos,
1053 3385 1129 3447 quos
1153 3368 1360 3444 tractavimus,
1390 3385 1465 3429 nnus
1489 3368 1612 3450 alicujus
1636 3367 1817 3447 antiquitatis
1840 3368 2003 3447 reperitur,

641 3472 671 3532 in
697 3489 756 3551 quo
787 3468 872 3530 aliter
900 3486 935 3529 se
963 3465 1087 3542 habeat,
1117 3467 1143 3527 si
1171 3467 1395 3528 recentissimos
1425 3467 1570 3547 quosdam
1599 3466 1794 3530 aldarouitis
1823 3465 2002 3527 reformatos

641 3568 815 3648 excipimus.
860 3567 894 3628 ln
916 3567 972 3626 ista
994 3565 1104 3645 legitur
1127 3573 1158 3625 ut
1181 3562 1317 3643 perficiat
1340 3577 1446 3644 nteit,
1476 3575 1507 3627 ut
1536 3568 1567 3628 in
1598 3565 1663 3628 aliis
1681 3561 1797 3642 tondi,
1827 3582 1905 3645 quae
1929 3565 2003 3626 duae

641 3685 733 3728 voces
756 3666 939 3747 respondent
963 3663 1096 3726 Graecae
1118 3652 1294 3746 τελειώσῃ,
1323 3682 1399 3744 quae
1427 3664 1591 3744 perfectam
1618 3673 1649 3727 et
1672 3672 1904 3727 consummatam
1927 3680 2004 3724 con-

642 3766 842 3828 secrationem
871 3764 1027 3846 significat.
1071 3763 1117 3824 De
1145 3763 1260 3824 illarum
1291 3781 1385 3843 porro
1414 3773 1444 3825 et
1474 3763 1597 3826 aliarum
1629 3782 1705 3843 qnae
1733 3765 1763 3824 in
1789 3762 1846 3825 hac
1868 3763 2003 3824 oratioue

642 3872 824 3945 usurpantur
851 3882 958 3926 vocum
985 3862 1202 3943 significatione
1233 3869 1263 3922 et
1293 3869 1353 3922 tota
1382 3882 1459 3943 quae
1489 3864 1558 3926 inde
1589 3865 1682 3925 oritur
1712 3863 1906 3943 quaestione,
1937 3878 2003 3922 cum

644 3964 713 4026 alibi
737 3965 861 4044 copiose
884 3963 992 4025 dictum
1015 3961 1121 4039 luerit,
1145 3960 1215 4023 nihil
1238 3961 1422 4042 adjiciemus.

953 4227 989 4294 5.
1016 4224 1181 4294 Memento
1209 4222 1355 4292 Domine
1381 4223 1512 4316 Regum
1535 4221 1693 4314 fideliam.

729 4416 820 4495 Hauc
843 4427 1024 4508 antiquitatis
1046 4433 1117 4487 uota
1139 4443 1209 4488 esse
1231 4433 1345 4505 posset,
1369 4427 1395 4487 si
1417 4444 1434 4486 a
1457 4424 1621 4487 Philoxeno
1645 4425 1785 4504 scriptam
1808 4422 1885 4484 hanc
1901 4420 2003 4482 bitur·

642 4533 722 4613 giam
735 4531 828 4594 luisse
847 4537 1012 4595 constaret:
1035 4548 1102 4590 nam
1128 4529 1204 4590 vivit
1226 4528 1276 4590 ille
1299 4528 1354 4590 sub
1378 4528 1553 4591 Christianis
1576 4527 1817 4607 lmperatoribus,
1840 4532 1872 4586 et
1893 4525 1930 4585 iis
1954 4524 2004 4603 qui

642 4650 681 4693 ex
703 4632 769 4714 ejus
792 4632 954 4707 sententia,
982 4637 1095 4692 rectam
1117 4627 1204 4690 fidem
1227 4629 1472 4709 propugnabant,
1501 4628 1622 4689 Zenone
1644 4625 1759 4687 scilicet
1781 4630 1811 4684 et
1832 4623 2003 4698 Anastasio,

642 4748 718 4811 quos
741 4731 875 4792 maximis
898 4728 1033 4791 laudibus
1056 4727 1183 4790 ellerunt
1204 4726 1370 4804 Jacobitae,
1394 4733 1425 4787 et
1447 4728 1525 4788 iuter
1546 4732 1668 4786 sanctos
1691 4741 1762 4785 suos
1785 4720 1950 4797 collocant,
1972 4726 2004 4781 ut

641 4837 724 4910 patet
747 4849 786 4891 ex
806 4828 989 4909 Coptitarum
1004 4826 1193 4888 llalendario.
1224 4824 1283 4887 Sed
1305 4826 1376 4887 nihil
1399 4825 1468 4887 inde
1491 4824 1565 4887 ellici
1587 4829 1697 4904 potest,
1720 4840 1787 4884 cum
1809 4821 1916 4882 eadem
1938 4818 2004 4883 lor·

642 4928 720 4990 mula
750 4930 788 4990 sit
815 4929 845 4990 in
874 4926 986 5007 aliquot
1013 4926 1172 5006 Liturgiis,
1203 4942 1329 5003 quorum
1352 4933 1473 4986 autores
1495 4923 1550 4986 sub
1573 4920 1857 4984 hlubamedanorum
1879 4918 2004 4999 imperio

641 5029 800 5090 vixerunt:
823 5026 855 5089 ut
878 5026 948 5088 alibi
971 5027 1211 5089 observavimus:

1060 5231 1590 5275 ...ψ-.-
