5150 6534
595 838 673 914 cor
1104 789 1463 918 arroasia

596 1049 725 1098 snmus:
763 1030 817 1121 qni
852 1050 898 1099 ex
924 1026 1056 1122 populis
1083 1027 1201 1098 alicnis
1228 1024 1378 1098 translati
1412 1048 1526 1098 sumas
1560 1024 1603 1097 ad
1635 1026 1836 1119 religionem
1872 1034 1973 1100 tuam

596 1147 650 1235 qni
678 1152 850 1236 portamus
877 1146 1007 1234 signum
1035 1152 1123 1213 tuum
1158 1139 1365 1228 admirabile,
1391 1163 1501 1235 neque
1528 1139 1630 1214 ullam
1656 1141 1698 1214 de
1726 1153 1759 1215 te
1793 1140 1973 1215 confude-

595 1279 670 1327 uem
697 1255 867 1329 hahemus.
922 1256 975 1329 Ne
1003 1256 1184 1329 erubescas
1219 1256 1261 1328 de
1295 1257 1403 1341 nobis,
1431 1278 1453 1328 o
1481 1256 1647 1345 clemens,
1681 1261 1757 1352 qnia
1795 1260 1972 1330 veritatem

595 1382 684 1442 tuam
711 1395 778 1444 non
805 1374 1030 1467 corrupimus:
1066 1395 1110 1444 ne
1137 1371 1288 1464 abneges
1316 1394 1379 1445 nos
1406 1395 1522 1445 coram
1549 1372 1633 1446 solio
1661 1374 1841 1466 aequitatis
1877 1380 1971 1462 hrae3

595 1509 639 1558 ne
665 1488 781 1560 fiamus
809 1486 903 1559 cibus
930 1490 1017 1579 ignis
1046 1492 1182 1575 urentis,
1210 1491 1286 1583 quia
1314 1510 1436 1583 corpus
1463 1499 1497 1559 et
1523 1489 1661 1579 sanguis
1683 1490 1785 1560 vivus
1814 1489 1849 1558 in
1874 1487 1971 1561 nobis

596 1604 768 1675 recondita
802 1615 884 1675 sunt.
953 1601 1007 1674 Ne
1040 1606 1254 1698 projiciamur
1293 1606 1328 1674 in
1362 1602 1472 1675 medio
1506 1601 1718 1675 tenebrarum
1752 1605 1971 1693 exteriorum,

598 1724 651 1813 qui
686 1718 856 1790 illuminati
888 1741 1000 1789 surnus
1034 1719 1110 1789 luce
1152 1717 1295 1813 Spiritus
1329 1722 1374 1790 tui
1406 1718 1617 1790 vivificantis.
1675 1717 1727 1790 Ne
1768 1716 1911 1790 fleamus
1941 1721 1972 1790 in

598 1834 897 1929 supplicioneque
924 1837 966 1905 sit
993 1837 1047 1927 qui
1074 1834 1285 1910 consoletur:
1322 1856 1365 1905 ne
1398 1838 1601 1906 cruciatuum
1635 1833 1752 1908 dolore
1789 1855 1971 1926 gemamus,

595 1971 705 2041 neque
732 1954 773 2021 sit
800 1950 883 2021 ullus
918 1953 972 2044 qui
1005 1953 1210 2021 misercatur.
1264 1950 1408 2022 Domine
1433 1950 1577 2021 Domine
1604 1960 1769 2022 memento
1798 1948 1972 2022 Ecclesiae

596 2074 693 2153 tuae,
721 2088 819 2158 quam
846 2066 996 2158 salvasti,
1025 2077 1059 2137 et
1084 2088 1188 2159 parce
1215 2068 1314 2158 gregi
1341 2076 1397 2136 tuo
1426 2087 1523 2159 quem
1551 2065 1736 2154 redemisti3
1762 2065 1873 2138 libera
1899 2086 1971 2136 eam

598 2202 617 2250 a
644 2180 844 2252 cruciatibus
872 2185 1038 2267 aeternis,
1075 2193 1108 2252 et
1135 2181 1269 2273 dignam
1304 2179 1392 2252 illam
1429 2181 1523 2252 eihce
1555 2181 1727 2278 voluptate
1762 2180 1970 2266 indeficienti,

598 2299 672 2387 quia
700 2308 837 2391 propter
864 2295 947 2368 haec
975 2307 1075 2390 atquc
1102 2295 1167 2368 alia
1195 2296 1357 2389 ejusmodi
1384 2297 1526 2369 vocibus
1554 2297 1774 2389 gemebundis
1803 2296 1970 2392 depreca-

597 2420 648 2479 tur
677 2421 721 2497 te,
749 2421 782 2482 et
808 2435 869 2507 per
898 2423 929 2483 te
957 2424 1055 2507 atque
1083 2424 1192 2483 tecum
1218 2412 1351 2483 Patrem
1380 2421 1468 2482 tuum
1497 2410 1621 2484 dicens.

700 2526 862 2618 Populus.
917 2530 1081 2601 bliserere
1107 2530 1225 2613 nostri,
1253 2538 1316 2598 ete.
1473 2525 1658 2599 Sacerdos.
1686 2527 1759 2600 Nos
1788 2549 1932 2621 quoque.

701 2641 863 2734 Populus.
891 2644 941 2714 Te
968 2642 1150 2715 laudamus.
1180 2642 1365 2712 Diecoaae.
1393 2642 1501 2728 Quam
1529 2642 1672 2715 timenda
1699 2651 1752 2714 est
1778 2640 1865 2715 baec
1883 2641 1968 2715 hora

629 2994 805 3067 Sacerdos
832 2997 1015 3067 inclinatae
1041 2998 1126 3068 dicit
1156 2996 1353 3066 Orationem
1380 2995 1614 3066 lacerationis
1631 2995 1786 3088 Spiritus
1811 2998 1933 3066 eoacti.

701 3210 823 3281 Veniat
849 3211 992 3307 Spiritus
1020 3225 1166 3301 sanctus,
1195 3220 1251 3309 qui
1278 3240 1324 3288 ex
1350 3228 1384 3288 te
1409 3218 1509 3288 Pater
1536 3215 1691 3290 coelestis
1725 3227 1860 3290 secreto
1886 3238 1969 3312 pro·

597 3325 701 3412 cedit,
730 3330 784 3419 qui
812 3350 872 3421 per
899 3326 1083 3422 Prophetas
1111 3330 1242 3404 locutus
1269 3343 1334 3422 est,
1361 3343 1393 3404 et
1419 3331 1583 3428 profunda
1619 3343 1674 3404 tua
1700 3342 1886 3422 scrutatur,
1918 3334 1969 3427 (pri

598 3439 769 3511 descendit
796 3464 896 3536 super
922 3441 1104 3515 Jordanem
1131 3458 1164 3518 et
1192 3452 1343 3543 appamit
1370 3452 1401 3519 in
1429 3452 1545 3544 specie
1563 3447 1748 3533 columbae,
1775 3448 1873 3518 simul
1900 3468 1969 3520 cum

597 3579 685 3627 voce
725 3560 945 3668 incorporea,
987 3570 1020 3631 et
1059 3582 1133 3632 cum
1175 3563 1261 3636 Filio
1300 3573 1355 3636 tuo
1395 3563 1516 3635 dilecto
1552 3572 1643 3634 ortus
1679 3572 1731 3635 est
1764 3561 1883 3651 nobis,
1917 3563 1969 3656 qui

600 3684 679 3744 ate
706 3674 876 3768 procedit,
913 3685 946 3746 et
981 3699 1000 3745 a
1032 3677 1211 3772 splendore
1245 3693 1300 3753 tuo
1336 3685 1473 3777 accipit:
1508 3685 1563 3775 qui
1590 3678 1777 3775 Apostolos
1806 3688 1882 3749 tuos
1909 3699 1967 3747 sa-

598 3791 728 3882 pientes
757 3788 882 3875 etlecit,
917 3794 972 3883 qui
1005 3804 1172 3889 martyres
1206 3807 1280 3869 tuos
1311 3819 1437 3868 corona
1479 3797 1610 3889 gloriae
1650 3796 1841 3866 coronavit:
1884 3790 1969 3862 illum

598 3901 726 3996 absque
754 3914 903 3998 tempore
930 3905 1018 3976 illum
1046 3908 1087 3979 ab
1116 3903 1254 3982 aeterno
1282 3915 1496 3983 existentem:
1525 3913 1613 3983 illum
1636 3914 1691 4005 qui
1718 3907 1884 4003 procedit,
1911 3905 1968 3977 sed

596 4017 685 4088 nulla
713 4041 786 4089 cum
815 4019 993 4092 divisione:
1028 4035 1062 4094 ct
1087 4026 1213 4120 perlicit
1246 4027 1306 4097 sed
1333 4050 1401 4098 non
1428 4026 1671 4123 temporaliter,
1705 4036 1738 4096 et
1764 4024 1912 4095 divinum
1938 4026 1968 4092 in

596 4133 729 4203 modum
756 4133 996 4228 perlectionem
1024 4140 1163 4212 conlert.
1195 4141 1253 4212 llle
1280 4147 1394 4215 veniat
1422 4165 1483 4239 per
1509 4142 1751 4237 beneplacitum
1779 4149 1881 4223 tuum,
1909 4160 1968 4211 se-

596 4248 737 4319 cundum
766 4271 915 4321 amorem
943 4262 1030 4323 tuum
1057 4278 1140 4346 erga
1167 4255 1329 4345 homines,
1358 4269 1391 4328 et
1418 4258 1570 4330 illabatur
1596 4280 1697 4353 super
1724 4255 1810 4328 haec
1835 4264 1995 4350 myste·.

595 4366 658 4451 ria,
686 4374 719 4434 ct
746 4363 929 4448 sanctificet
955 4367 1010 4440 iha
1038 4381 1137 4464 atque
1158 4373 1326 4467 perficiat,
1353 4377 1490 4465 ejiciens
1521 4373 1617 4445 simul
1643 4396 1717 4444 oum
1744 4394 1862 4443 eorum
1886 4392 1970 4444 san-

596 4478 815 4570 ctificatione,
842 4485 1063 4573 cogitationes
1097 4487 1281 4561 immundas
1310 4493 1439 4561 animae
1465 4513 1582 4576 meae,
1616 4510 1800 4584 purumque
1830 4498 1866 4558 et
1899 4490 1970 4558 sine

597 4594 752 4666 sordibus
780 4618 833 4665 me
861 4597 1010 4691 perficiat
1036 4624 1149 4672 coram
1179 4614 1211 4673 te
1237 4605 1331 4675 Deus
1357 4605 1471 4692 Pater,
1499 4627 1618 4699 meque
1645 4614 1678 4675 et
1703 4606 1971 4674 circumstantem

595 4709 770 4803 populum,
811 4712 946 4783 mundet
978 4725 1076 4809 atque
1111 4718 1278 4811 purificet,
1313 4731 1347 4791 ut
1381 4723 1487 4814 parati
1523 4731 1556 4791 et
1591 4719 1681 4810 digni
1717 4718 1766 4789 his
1801 4720 1971 4810 mysteriis

596 4822 719 4897 Christi
745 4827 809 4896 Dei
837 4831 955 4917 nostri,
982 4852 1204 4924 appareamus
1233 4834 1360 4928 absque
1393 4835 1520 4906 macula
1552 4838 1701 4930 peccati,
1734 4855 1797 4929 per
1829 4834 1972 4924 gratiam

596 4947 629 5006 et
655 4940 916 5012 misericordiam
946 4953 1043 5015 tuam.
1122 4946 1283 5041 Populea.
1311 4951 1430 5021 Amen.
1535 4950 1719 5022 Sacerdos.
1746 4947 1883 5020 Exaudi
1910 4970 1973 5020 me.

698 5053 859 5146 Populus.
913 5057 1019 5152 llyrie
1047 5059 1183 5133 cleison.

699 5169 884 5242 Sacerdos.
940 5172 982 5244 Ut
1011 5175 1207 5266 adveniens,
1235 5183 1451 5274 requiescens
1479 5192 1513 5252 et
1539 5178 1678 5253 illabens
1706 5200 1808 5274 super
1833 5187 1974 5273 myste-

596 5286 645 5354 ria
672 5282 767 5372 haec,
795 5309 914 5380 panem
942 5290 1071 5383 quidem
1099 5295 1197 5364 istum
1223 5304 1419 5369 transmutet
1450 5290 1464 5330 ³
1491 5303 1511 5378 †
1547 5299 1579 5366 in
1606 5316 1729 5389 corpus
1757 5292 1883 5365 Christi
1909 5292 1974 5364 Dei
