5150 6534
905 882 1041 959 alaim
1067 832 1325 958 ux'vmsrom
1352 878 1528 956 niumm
1553 882 1667 957 nasu.
1894 880 1970 953 547

541 1069 546 1082 '
600 1091 778 1165 numquam
804 1075 956 1168 rapinam
989 1058 1209 1159 existimavit,
1236 1069 1300 1142 hoc
1328 1073 1435 1164 ipsum
1462 1067 1551 1163 quod
1583 1078 1674 1139 esset
1700 1065 1847 1161 aequalis
1874 1066 1968 1138 Deo:

601 1185 663 1258 sed
687 1185 780 1259 Deus
807 1190 881 1284 ipse
908 1196 1082 1272 aeternus,
1110 1207 1211 1281 super
1245 1195 1366 1256 terram
1399 1187 1494 1256 visus
1530 1192 1581 1254 εει
1616 1192 1649 1253 ει
1684 1204 1759 1253 cum
1783 1181 1969 1254 bominibus

601 1314 655 1375 εει
679 1313 918 1375 conversatus:
946 1303 1001 1396 qui
1029 1324 1103 1372 cum
1129 1304 1161 1371 in
1188 1301 1296 1373 forma
1310 1301 1373 1371 Dei
1401 1309 1504 1384 esset,
1531 1298 1669 1369 inanivit
1695 1300 1834 1391 seipse,
1862 1298 1969 1371 forma

601 1424 693 1491 servi
719 1431 844 1492 sumta:
871 1423 1127 1510 incarnatusque
1153 1425 1206 1488 εει
1232 1416 1275 1488 de
1301 1416 1423 1509 Spiritu
1441 1423 1570 1502 sancto,
1598 1422 1632 1484 et
1658 1436 1703 1484 ex
1730 1427 1845 1486 sancta
1873 1438 1969 1488 sem-

600 1557 728 1631 perque
760 1535 902 1628 Virgine
933 1534 1058 1605 lllaria:
1094 1532 1274 1605 conformis
1310 1533 1417 1602 extitit
1448 1529 1558 1601 bumili
1595 1532 1729 1625 corpori
1763 1541 1897 1619 nostro,
1935 1544 1971 1604 ut

602 1651 791 1725 conformes
826 1651 982 1724 redderet
1015 1672 1078 1722 nos
1110 1651 1245 1740 imagini
1268 1658 1313 1720 ει
1352 1646 1481 1738 gloriae
1516 1669 1607 1718 suae.
1661 1644 1747 1729 Quia
1787 1650 1873 1718 enim
1908 1670 1971 1742 per

602 1765 767 1838 hominem
803 1779 977 1864 peccatum
1013 1770 1199 1837 intraverat
1236 1768 1269 1835 in
1304 1761 1473 1848 mundum,
1506 1771 1540 1833 et
1574 1783 1637 1856 per
1671 1771 1843 1855 peccatum
1868 1782 1969 1851 mors,

600 1876 708 1955 voluit
732 1882 929 1975 Unigenitus
962 1894 1051 1968 tuus,
1086 1880 1141 1952 ille
1174 1883 1228 1975 qui
1263 1884 1372 1952 estin
1400 1884 1474 1952 sinu
1505 1890 1560 1951 tuo
1594 1880 1740 1970 (Patris)
1773 1904 1846 1952 cum
1879 1894 1970 1954 esset

600 1996 709 2070 lactus
743 2020 789 2070 ex
822 1998 977 2086 muliere,
1010 2008 1043 2068 et
1069 2006 1161 2068 esset
1187 1994 1248 2068 sub
1275 1995 1372 2088 lege,
1401 1996 1559 2068 damnare
1584 2008 1756 2090 peccatum
1790 2000 1822 2066 in
1850 2022 1968 2088 carne3

602 2134 668 2208 quo
694 2134 756 2186 nos
783 2117 839 2208 qui
868 2136 931 2209 per
956 2113 1120 2185 Adamom
1153 2118 1270 2184 mortui
1298 2136 1446 2200 eramus,
1479 2118 1672 2186 viveremus
1704 2136 1765 2209 per
1792 2114 1967 2186 Christum.

602 2229 751 2325 Cumque
778 2240 919 2301 aetatem
946 2234 1123 2321 ageretin
1149 2228 1371 2318 boemundo,
1398 2234 1554 2302 instruxit
1587 2253 1650 2303 nos
1685 2235 1874 2326 praeceptis
1902 2254 1967 2303 sa-

599 2346 771 2434 lutaribus,
798 2349 1007 2440 removitque
1034 2343 1075 2415 ab
1093 2344 1257 2417 idolorum
1273 2348 1372 2433 cultu,
1401 2357 1500 2441 atque
1518 2345 1655 2417 deduxit
1680 2349 1713 2417 in
1741 2350 1967 2439 cognitionem

600 2466 663 2548 tui,
697 2463 762 2533 Dei
795 2466 869 2533 veri
902 2473 936 2533 et
972 2462 1098 2532 Patris:
1135 2483 1400 2557 comparansque
1438 2486 1501 2536 nos
1542 2460 1606 2534 sibi
1643 2465 1675 2535 in
1712 2464 1867 2558 populum
1900 2487 1967 2559 pe-

602 2577 771 2665 culiarem,
797 2600 936 2669 regnum
964 2598 1106 2664 sacrum,
1133 2588 1263 2649 coetum
1282 2580 1453 2667 selectum,
1481 2588 1580 2673 atque
1607 2579 1767 2650 mundans
1783 2602 1845 2652 nos
1861 2582 1967 2674 aquis,

602 2700 636 2763 et
660 2693 870 2765 sanctificans
896 2713 960 2764 nos
986 2714 1047 2788 per
1073 2692 1242 2787 Spiritum,
1270 2694 1359 2766 dedit
1391 2698 1465 2790 ipse
1497 2717 1536 2767 sc
1567 2699 1706 2788 pretium
1739 2693 1824 2766 illius
1851 2699 1967 2768 mortis

600 2810 634 2879 in
669 2831 732 2903 qua
767 2806 1012 2895 detinebamur,
1040 2831 1113 2880 cum
1140 2811 1329 2881 venumdati
1358 2832 1508 2882 essemus
1535 2832 1597 2905 per
1622 2820 1807 2906 peccatum.
1860 2813 1967 2883 Porro

599 2934 774 3020 postquam
801 2926 1031 2998 descendisset
1057 2925 1110 2997 de
1125 2949 1226 2997 cruce
1253 2926 1295 2997 ad
1322 2925 1467 3012 inieras,
1503 2937 1538 2996 ut
1564 2925 1717 3021 expleret
1743 2930 1816 3022 ipse
1845 2928 1965 3012 omnia,
1995 3001 1997 3004 ,

601 3044 746 3113 surrexit
771 3046 866 3112 tertia
895 3042 960 3129 die,
986 3041 1130 3137 lecitque
1162 3045 1252 3113 viam
1278 3045 1457 3113 universae
1489 3044 1582 3113 carni
1609 3064 1655 3112 ex
1681 3046 1818 3115 mortuis
1846 3064 1967 3115 resur-

600 3156 710 3250 gendi.
764 3157 849 3242 Oraia
876 3157 971 3229 nefas
998 3169 1071 3229 erat
1104 3168 1138 3227 ut
1172 3162 1201 3227 is
1235 3160 1288 3252 qui
1317 3167 1389 3228 erat
1421 3160 1615 3252 principium
1651 3161 1742 3229 vitae
1768 3160 1967 3230 retineretur

599 3295 662 3368 per
695 3276 959 3367 corruptionem3
992 3274 1114 3344 factum
1149 3283 1201 3344 est
1233 3272 1288 3343 ille
1324 3277 1378 3368 qui
1412 3284 1485 3344 erat
1522 3276 1684 3368 primitiae
1725 3274 1966 3360 dormientium,

599 3392 839 3482 primogenitus
872 3399 1093 3475 mortuorum,
1130 3412 1196 3483 quo
1231 3399 1321 3460 esset
1346 3391 1419 3482 ipse
1446 3392 1621 3485 primarius
1648 3394 1681 3459 in
1709 3388 1868 3460 omnibns.
1922 3385 1967 3458 Ut

600 3513 708 3576 autem
744 3504 895 3576 ascendit
927 3508 961 3574 in
994 3502 1124 3575 coelum
1157 3504 1309 3576 consedit
1342 3505 1383 3575 ad
1411 3505 1583 3576 dexteram
1618 3508 1798 3595 majestatis
1835 3508 1868 3575 in
1896 3526 1965 3573 ex-

601 3617 718 3691 celsis:
744 3624 774 3692 is
802 3625 856 3714 qui
884 3624 982 3692 etiam
1009 3629 1168 3692 venturus
1196 3632 1248 3692 εει
1265 3619 1418 3692 tributum
1437 3623 1612 3715 unicuique
1638 3620 1759 3691 bomini
1787 3619 1967 3693 secundum

602 3756 704 3831 opera
732 3740 814 3828 ejus.
868 3736 1014 3831 Reliquit
1039 3757 1123 3807 vero
1151 3738 1245 3810 nobis
1272 3739 1466 3808 memoriam
1501 3739 1666 3832 passionis
1694 3760 1775 3810 suae
1802 3737 1966 3825 salutaris,

602 3874 642 3923 ea
670 3874 756 3947 quae
783 3856 1016 3949 proposuimus
1044 3853 1222 3923 secundum
1250 3856 1354 3947 ipsius
1381 3852 1577 3924 mandatum.

703 3969 752 4039 Et
783 3968 840 4038 bic
872 3968 1046 4039 Sacerdos
1079 3968 1213 4038 emollit
1238 3991 1354 4039 ccccm
1370 3992 1488 4039 acam.
1542 3967 1626 4040 Cum
1653 3971 1738 4039 enim
1766 3979 1857 4040 esset
1883 3972 1964 4040 exi-
2001 4033 2003 4036 ,

547 4162 553 4176 ,
599 4094 692 4157 turus
719 4083 761 4154 ad
787 4106 919 4156 crucem
948 4108 1041 4156 suam
1068 4085 1309 4172 voluntariam,
1341 4107 1381 4154 ac
1415 4084 1611 4171 salutarem,
1646 4088 1679 4154 in
1706 4106 1747 4156 ea
1774 4094 1873 4155 nocte
1900 4106 1964 4177 qua

600 4200 791 4273 tradebatur
817 4223 879 4294 pro
906 4203 976 4272 vita
1005 4210 1039 4270 et
1064 4199 1291 4294 redemptione
1318 4199 1447 4288 mundi,
1475 4209 1615 4293 accepto
1646 4221 1733 4294 pane
1760 4204 1793 4271 in
1820 4208 1964 4286 sanctas,

600 4319 886 4404 incontaminatas,
913 4338 1014 4411 puras
1042 4326 1075 4386 et
1101 4315 1242 4387 illibatas
1270 4338 1385 4387 manus
1413 4337 1502 4403 suas,
1529 4318 1655 4407 gratias
1676 4319 1755 4407 egit,
1782 4314 1963 4401 benedixit,

600 4432 838 4518 sanctificavit,
865 4432 967 4523 fregit
993 4442 1026 4503 ct
1053 4432 1140 4503 dedit
1167 4430 1335 4526 discipulis
1363 4434 1448 4518 suis,
1476 4442 1509 4502 et
1535 4431 1707 4526 Apostolis
1735 4434 1803 4504 suis
1830 4435 1965 4522 sanctis,

601 4537 733 4621 dicens:
761 4549 923 4643 Accipite,
951 4546 1114 4618 comedite
1141 4548 1182 4618 de
1209 4550 1298 4642 ipso:
1327 4547 1399 4617 Hoc
1426 4557 1479 4617 est
1504 4569 1625 4641 corpus
1652 4570 1770 4635 meum,
1798 4547 1886 4641 quod
1901 4570 1962 4641 pro

600 4664 712 4754 vobis,
740 4674 773 4735 ει
798 4686 859 4759 pro
887 4662 995 4734 multis
1028 4662 1189 4754 frangitur
1221 4674 1255 4734 ει
1291 4644 1444 4733 dividitur
1470 4666 1503 4733 in
1537 4666 1760 4757 expiationem
1793 4662 1963 4757 culparum

600 4782 897 4874 rermssionemque
923 4789 1136 4875 peccatorum
1163 4803 1203 4850 ac
1231 4781 1392 4850 invitam
1420 4782 1662 4874 sempiternam.
1779 4800 1788 4816 ‘

703 4896 865 4989 Populus.
918 4895 1036 4967 Amen.

703 4998 887 5070 Sacerdos.
939 4998 1096 5070 Similiter
1123 5007 1230 5069 autem
1259 5008 1293 5068 ει
1318 4996 1456 5068 calicem
1476 4999 1545 5069 vini
1570 4999 1640 5068 nati
1666 4999 1782 5083 avite,
1810 5006 1844 5067 et
1861 5008 1961 5093 post-

602 5135 699 5210 quam
727 5124 964 5199 coenaverunt,
991 5118 1132 5208 accepit,
1158 5117 1352 5207 miscuitque
1379 5116 1493 5206 aquis,
1520 5114 1647 5204 gratias
1674 5115 1753 5204 egit,
1779 5113 1961 5205 benedixit,

600 5230 830 5318 sanctificavit,
858 5255 898 5302 ac
925 5234 1084 5321 gustavit,
1111 5238 1144 5301 ει
1171 5229 1282 5301 divisit
1307 5227 1476 5323 discipulis
1503 5230 1584 5314 suis,
1617 5235 1650 5297 ει
1675 5228 1846 5322 Apostolis
1873 5254 1959 5302 san-

602 5350 674 5435 ctis,
702 5346 833 5420 dicens:
861 5348 1015 5441 Accipite
1041 5344 1142 5418 bibite
1170 5367 1216 5417 ex
1242 5366 1284 5416 eo
1304 5365 1369 5417 vos
1383 5363 1517 5416 omues:
1543 5343 1612 5415 Istc
1632 5353 1685 5415 est
1710 5349 1846 5438 sanguis
1865 5366 1959 5418 meus

640 5486 727 5528 tomus
742 5485 767 5527 lt·
1722 5461 1770 5536 72
