5150 6534
472 978 475 983 st
584 867 663 942 410
1090 864 1451 943 annuncia

584 1065 676 1129 tores
704 1064 738 1126 et
763 1056 933 1127 ministros
959 1058 1195 1149 mysteriorum
1220 1065 1354 1129 tuorum
1379 1053 1574 1127 terribilium
1601 1062 1638 1127 et
1650 1051 1850 1127 coelestium
1867 1076 1962 1129 con-

584 1174 737 1243 stituere:
763 1191 808 1241 ne
833 1172 995 1266 respicias
1022 1173 1212 1243 tenuitatem
1239 1181 1401 1259 nostram,
1427 1191 1492 1241 nec
1507 1172 1596 1241 enim
1612 1168 1706 1262 digni
1721 1188 1837 1247 samus
1852 1192 1960 1244 acca-

584 1285 681 1358 dendi
708 1295 743 1357 et
769 1284 1034 1358 communicandi
1061 1286 1157 1359 donis
1185 1288 1248 1358 tuis
1263 1285 1403 1374 divinis3
1429 1284 1491 1357 scd
1508 1307 1571 1379 per
1588 1288 1732 1377 gratiam
1750 1294 1844 1359 nram
1860 1288 1961 1358 visita

582 1422 663 1487 nos,
690 1404 723 1472 in
751 1401 980 1474 misericordia
1007 1409 1041 1472 et
1066 1404 1297 1474 miseratione:
1323 1400 1430 1473 libera
1456 1422 1520 1472 nos
1546 1398 1589 1473 ab
1617 1403 1707 1474 omni
1732 1398 1815 1475 dolo
1840 1410 1876 1474 et
1899 1404 1960 1473 in-

583 1516 691 1588 vidia:
719 1526 753 1588 et
779 1516 930 1590 concede
955 1516 1054 1599 nobis
1080 1516 1238 1612 Spiritum
1265 1527 1355 1588 tuum
1381 1523 1548 1605 sanctum,
1583 1514 1742 1611 Spiritum
1773 1516 1980 1612 septenum

585 1640 619 1701 et
644 1632 896 1725 intelligentiae,
924 1633 1083 1728 Spiritum
1109 1635 1268 1705 scientiae
1295 1642 1329 1704 et
1354 1631 1571 1721 fortitudinis,
1598 1654 1665 1726 quo
1690 1653 1754 1727 per
1768 1628 1855 1704 mee
1870 1630 1960 1705 dona
1974 1692 1995 1701 .,

582 1745 756 1836 illustrati,
781 1770 970 1821 mereamur
995 1745 1098 1820 corde
1130 1768 1215 1842 puro
1249 1756 1340 1820 stare
1374 1769 1490 1820 coram
1522 1757 1556 1819 te
1589 1756 1625 1819 et
1654 1748 1847 1819 minisnare
1878 1744 1988 1837 tihi,

583 1863 771 1957 offerreque
797 1862 856 1935 tibi
883 1863 1079 1935 sacrificium
1105 1861 1169 1936 hoc
1196 1863 1366 1958 spirituale
1392 1874 1427 1935 et
1451 1864 1677 1950 incruentam,
1707 1860 1751 1933 ad
1774 1864 1978 1936 remissio-

584 2000 661 2048 nem
687 1987 902 2073 peccatomm
928 1990 1133 2066 nostrorum,
1160 1981 1420 2073 memoriamque
1446 1979 1593 2050 omnium
1617 1976 1764 2050 bdelium
1779 1975 1957 2058 Orlltodo-

581 2115 721 2181 xornrn,
748 2104 782 2166 et
807 2093 950 2186 gloriam
977 2105 1084 2184 tuam,
1110 2093 1205 2167 Deus
1231 2087 1348 2181 Pater,
1374 2115 1532 2166 necnon
1558 2094 1720 2187 unigeniti
1745 2089 1898 2181 Filiitai,
1923 2102 1958 2165 et

581 2207 723 2303 Spiritus
750 2214 797 2282 tui
823 2214 946 2297 sancti,
972 2232 1060 2281 nunc
1088 2222 1121 2283 et
1149 2232 1300 2306 semper,
1327 2220 1391 2281 etc.

687 2322 849 2417 Populus.
901 2326 1022 2396 Arnen.

290 2440 379 2495 Jacohi
396 2442 494 2495 Fratris
512 2443 567 2496 Do·
683 2439 872 2511 Dimum,
926 2440 1059 2527 Stemus
1087 2439 1254 2513 decenter,
1984 2516 1989 2521 ἦ

283 2528 324 2579 ³¹¹³·
684 2555 870 2627 Sacerdos.
925 2555 1057 2630 Caritas
1092 2558 1218 2644 Patris,
1245 2559 1355 2648 gratia
1370 2554 1474 2651 Filii,
1509 2566 1543 2627 et
1575 2556 1833 2629 communicatio
1867 2554 1956 2653 Spi-

579 2673 662 2742 ritus
690 2674 797 2743 sancti
823 2675 889 2744 sint
915 2694 991 2744 cum
1018 2672 1170 2745 omnibus
1197 2670 1308 2744 vobis.

684 2784 847 2878 Populos.
898 2789 1019 2860 Amen.

681 2899 867 2973 Sacerdos.
920 2903 1060 2976 Sursum
1087 2902 1201 2975 corda.

682 3016 844 3109 Populus.
897 3017 1067 3091 Habemus
1095 3018 1138 3090 ad
1164 3002 1370 3096 nonnum(

682 3133 868 3204 Sacerdos.
923 3133 1056 3206 Gratias
1084 3156 1224 3226 agamus
1250 3134 1408 3207 Domino.

682 3247 845 3340 Populus.
899 3251 1043 3341 Dignum
1071 3258 1105 3321 et
1127 3253 1251 3342 justum
1280 3259 1341 3321 est

324 3376 420 3447 cyrum
680 3361 858 3435 Sacerdos
882 3364 1076 3437 inclinatus.
1129 3365 1221 3437 Vere
1248 3365 1383 3457 dignum
1410 3374 1444 3435 et
1453 3365 1579 3456 Justum
1599 3374 1663 3454 est,
1691 3365 1818 3439 decens
1835 3373 1873 3438 et
1889 3364 1956 3437 dc-

577 3475 699 3567 bitum,
733 3490 768 3551 ut
802 3487 835 3550 te
870 3479 1060 3579 laudemus,
1096 3490 1129 3552 te
1163 3480 1359 3567 adoremus,
1396 3479 1454 3551 tibi
1489 3481 1616 3571 gratias
1651 3501 1811 3573 agamus,
1845 3482 1956 3579 opifici

576 3596 758 3668 universae
784 3604 976 3685 creaturae,
1003 3595 1143 3668 visibilis
1172 3606 1228 3666 aut
1253 3595 1438 3668 invisibilis.
1889 3673 1891 3676 ,

680 3709 831 3781 Elceuns
863 3733 988 3782 accen.
1042 3711 1093 3783 Te
1118 3710 1246 3797 laudat,
1274 3712 1439 3799 Domine,
1466 3710 1613 3799 coelum,
1642 3711 1733 3806 quod
1765 3723 1818 3785 est
1853 3712 1951 3788 thro·

573 3846 636 3896 nus
663 3828 845 3916 majestatis
872 3835 969 3916 tuae,
996 3838 1030 3897 et
1056 3838 1145 3898 terra
1174 3850 1259 3921 quae
1279 3838 1332 3899 est
1350 3824 1532 3899 scabellum
1549 3826 1672 3921 pedum
1688 3839 1836 3902 tuorum:
1864 3838 1953 3902 terra

574 3961 660 4032 quae
688 3940 805 4012 adorat
831 3953 865 4012 et
891 3940 1032 4013 honorat
1056 3964 1178 4014 nornen
1206 3953 1295 4014 tuum
1322 3953 1485 4032 sananim,
1512 3945 1545 4012 in
1571 3939 1728 4015 Ecclesia
1754 3942 1839 4034 bac,
1866 3967 1953 4039 quae

572 4058 661 4125 canit
687 4056 744 4128 tibi
770 4057 913 4152 hymnos
941 4078 1001 4128 ore
1027 4056 1167 4130 filiorum
1195 4080 1349 4145 snorum,
1377 4062 1410 4128 in
1437 4079 1602 4130 consessu
1627 4057 1890 4154 Prophetarum,
1917 4064 1951 4133 in

571 4179 670 4242 coetu
695 4172 954 4267 Apostolorum,
981 4176 1015 4243 in
1042 4172 1253 4267 passionibus
1281 4174 1487 4269 Martyrum,
1514 4175 1547 4243 in
1570 4172 1741 4248 ordinibus
1757 4173 1951 4251 confesso-

570 4307 661 4373 rum,
689 4290 722 4357 in
749 4288 937 4380 Theologia
965 4288 1161 4375 Doctorum,
1189 4288 1348 4361 inchoris
1375 4288 1570 4379 Virginum,
1597 4292 1631 4359 in
1657 4290 1835 4384 praeclara
1863 4314 1951 4363 con-

572 4405 768 4476 versatione
808 4405 1070 4496 Religiosorum:
1109 4407 1143 4475 in
1183 4407 1343 4499 patientia
1382 4403 1651 4489 Nanaraeornm,
1687 4407 1722 4475 in
1755 4404 1951 4479 habitaculis

570 4520 718 4609 plomm,
757 4522 789 4591 in
825 4518 1144 4611 congregationibus
1180 4523 1363 4611 justorum,
1405 4524 1440 4591 in
1473 4523 1728 4616 perseverantia
1763 4530 1951 4617 temperata

570 4629 728 4734 fidelium:
756 4635 888 4707 coelum
914 4646 1043 4723 autern,
1070 4638 1103 4707 in
1129 4635 1284 4709 Ecclesia
1311 4636 1367 4707 illa
1386 4634 1533 4724 sublimi,
1560 4638 1594 4706 in
1609 4617 1674 4729 qua
1692 4634 1854 4731 descripti
1874 4644 1951 4709 sunt

569 4750 781 4840 primogeniti
807 4754 871 4837 tui,
899 4754 932 4821 in
959 4750 1051 4821 libris
1079 4755 1143 4824 tuis
1171 4755 1306 4825 sanctis.
1359 4752 1396 4822 ln
1424 4774 1466 4822 ea
1494 4754 1579 4822 enirn
1599 4748 1783 4838 celebraris
1796 4749 1949 4824 cantibus

568 4861 789 4953 Angelorum,
811 4865 1062 4957 jubilationibus
1088 4866 1396 4959 Archangelorum,
1425 4869 1563 4939 canticis
1591 4863 1784 4954 Ohembim,
1811 4865 1948 4952 clamo-

568 4975 660 5049 ribus
687 4977 950 5073 Principatuum,
979 4981 1139 5072 dignitate
1165 4983 1388 5070 Potestatum,
1417 4981 1597 5076 splendore
1623 4979 1859 5068 Thronorum‚
1885 4981 1951 5051 vi-

569 5091 704 5183 gilantia
731 5094 939 5186 Legionum,
975 5099 1009 5167 in
1036 5097 1187 5170 coetibus
1221 5102 1404 5186 victorum,
1438 5102 1472 5168 in
1507 5096 1828 5190 congregationibus
1860 5116 1950 5191 per-

569 5205 754 5297 lectorum,
781 5214 813 5280 ia
841 5210 952 5283 choris
980 5222 1014 5282 et
1041 5210 1171 5287 choreis
1199 5214 1418 5307 Sanctorum,
1445 5224 1479 5286 et
1495 5217 1527 5285 in
1545 5210 1864 5288 sanctificationibus
1879 5209 1950 5283 de-
