5150 6534
754 844 803 917 14
1141 843 1319 920 otoo
1374 841 1752 920 CdblblUlllS

750 1031 854 1102 altare
890 1030 979 1125 quod
1005 1052 1135 1104 sursum
1163 1039 1233 1101 est:
1260 1030 1429 1123 simusque
1455 1028 1515 1101 tibi
1542 1050 1628 1100 oves
1654 1028 1852 1123 praeclarae
1888 1025 2016 1122 absque
2050 1050 2132 1100 ma-

750 1145 841 1217 cula:
869 1157 904 1217 ut
930 1170 991 1242 per
1025 1139 1330 1218 transmutationem
1364 1166 1490 1216 novam
1532 1152 1807 1233 transmutemur3
1854 1153 1888 1215 et
1922 1147 2003 1217 novi
2037 1142 2132 1233 iacti,

751 1261 795 1332 ad
830 1262 999 1333 saeculum
1033 1283 1161 1333 novum
1193 1263 1375 1349 mittamur,
1415 1282 1491 1330 cum
1522 1258 1694 1331 animabus
1736 1257 1951 1331 rationalibus
1991 1269 2026 1330 et
2066 1282 2132 1333 sa-

749 1376 928 1473 pientibus,
955 1377 1118 1471 simulque
1143 1398 1217 1446 cunr
1244 1375 1428 1470 praeclaris
1463 1374 1670 1469 lampadibus
1696 1373 1792 1465 ndei,
1828 1374 1919 1465 digni
1951 1375 2132 1447 efficiamur

751 1515 868 1565 omnes
894 1493 1078 1588 intemplo
1105 1503 1161 1564 tuo
1190 1491 1319 1563 dicere:
1348 1489 1463 1562 Gloria
1481 1489 1571 1560 Patri
1598 1500 1632 1561 et
1657 1488 1757 1581 Filio,
1783 1500 1817 1561 et
1832 1489 1970 1585 Spiritui
1997 1500 2129 1583 sancto,

749 1629 850 1699 nunc,
877 1620 940 1680 etc.

862 1723 993 1796 Versae.
1020 1724 1075 1797 Ad
1103 1727 1223 1795 ostium
1249 1732 1339 1793 tuum
1365 1722 1509 1793 Domine
1542 1720 1661 1817 pulso:
1699 1721 1742 1792 ad
1778 1724 1899 1793 ostium
1935 1719 2024 1815 quod
2049 1718 2131 1815 pul-

751 1862 829 1913 sare
857 1839 965 1928 debet,
994 1843 1190 1934 quicumque
1218 1838 1260 1910 ad
1286 1838 1364 1909 illud
1392 1838 1475 1925 adit,
1503 1839 1621 1929 Pater,
1649 1837 1732 1927 Fui,
1762 1849 1795 1910 et
1829 1837 1972 1933 Spiritus
1999 1845 2128 1907 sancte.

1254 2005 1432 2076 lucensem
1457 2005 1624 2076 odolelor.

855 2143 906 2216 Sit
926 2135 1075 2215 Domine
1101 2163 1177 2213 vox
1202 2143 1372 2213 ministerii
1399 2145 1504 2213 nostri
1531 2144 1701 2214 incensum
1730 2143 1863 2232 (coram
1889 2143 1953 2232 te).
1999 2139 2126 2212 Suavis

750 2259 810 2332 tibi
836 2263 879 2331 sit
904 2258 1048 2330 Domine
1075 2256 1160 2329 odor
1188 2260 1374 2329 orationum
1400 2266 1610 2346 nostrarum,
1646 2262 1735 2329 omni
1763 2268 1932 2353 tempore:
1960 2265 1993 2328 et
2018 2254 2128 2329 firmus

751 2378 880 2448 incensi
906 2375 1029 2463 nostri,
1063 2376 1105 2444 sit
1131 2371 1173 2443 ad
1206 2371 1430 2467 placationem
1465 2383 1570 2445 tuam:
1607 2383 1640 2444 et
1665 2373 1803 2469 placare
1839 2383 2015 2445 creaturae
2049 2380 2127 2443 tuae
2228 2415 2232 2426 ·

750 2501 889 2587 propter
914 2488 1176 2561 misericordiam
1203 2499 1301 2559 tuam.
1328 2488 1391 2575 Sit,
1419 2498 1480 2559 etc.

855 2607 964 2676 Finis.
992 2602 1124 2678 Christe
1151 2606 1205 2697 qui
1233 2606 1411 2698 suscepisti
1437 2603 1631 2676 sacrificium
1658 2602 1906 2678 Melchisedech
1930 2605 2126 2679 Sacerdotis

751 2724 839 2817 puri:
867 2722 1000 2814 suscipe
1026 2720 1168 2791 Domine
1195 2721 1379 2790 orationem
1415 2723 1596 2806 servitui,
1633 2730 1666 2790 et
1701 2723 1861 2815 propitius
1895 2730 1968 2793 esto
1997 2721 2126 2795 delictis

751 2841 868 2930 gregis
898 2839 952 2907 tui.

856 2951 1002 3042 Perficil
1029 2952 1179 3043 ospicium
1205 2949 1382 3042 (primum)
1410 2949 1556 3019 et'rlicit
1581 2954 1772 3021 orationem
1798 2952 1954 3022 nltimam.

856 3065 1026 3138 Sacrificio
1053 3065 1159 3136 laudis
1187 3068 1219 3135 in
1247 3063 1449 3137 sacerdotali
1475 3069 1658 3138 ministerio
1687 3068 1808 3137 ollerre
1841 3066 1898 3138 tibi
1930 3067 2022 3160 digni
2048 3068 2125 3141 elli-

751 3187 877 3256 ciamur
901 3181 1056 3270 Domine,
1084 3183 1117 3251 in
1144 3179 1284 3252 odorem
1311 3184 1495 3253 suavitatis.
1524 3180 1753 3273 Cogitationes
1781 3193 1926 3269 nostrae,
1954 3181 2063 3255 verba
2091 3192 2126 3253 et
2193 3233 2200 3245 .

752 3322 876 3395 opera,
909 3302 974 3371 sint
1004 3296 1197 3369 holocausta
1232 3295 1359 3388 absquo
1391 3295 1539 3367 macula:
1574 3308 1609 3367 ut
1646 3296 1817 3391 placentes
1853 3297 2013 3370 divinitati
2049 3308 2126 3370 tuae

752 3437 971 3509 appareamus
999 3436 1112 3484 coram
1140 3423 1194 3501 te⁷
1222 3410 1373 3481 omnibus
1400 3408 1515 3484 diebus
1542 3415 1634 3484 vitae
1666 3423 1822 3503 nostrae,
1848 3413 1965 3502 Pater,
2000 3413 2065 3486 Fili
2092 3424 2126 3486 et

752 3528 895 3622 Spiritus
922 3539 1049 3617 sancte,
1075 3528 1218 3598 Domine
1245 3535 1370 3597 noster.

1071 3730 1198 3824 incipit
1225 3732 1382 3826 Officium
1407 3733 1588 3802 secondum
1614 3732 1832 3804 oblationis

1264 3865 1424 3937 Primam.
1478 3870 1609 3940 Oratio.

855 4005 995 4076 Praesta
1022 4001 1140 4089 nobis,
1167 4004 1311 4074 Domine
1338 4003 1452 4095 Deus,
1484 4015 1520 4075 ut
1554 4004 1712 4077 cordibus
1746 4007 1870 4077 nostris
1907 4009 2055 4101 aspersis
2090 4017 2125 4079 et

750 4119 880 4191 mundis
907 4117 948 4189 ab
977 4121 1065 4189 onrni
1092 4122 1297 4191 conscientia
1325 4119 1424 4208 mala,
1452 4119 1542 4211 digni
1569 4122 1746 4193 efficiamur
1768 4120 1952 4193 ascendere
1979 4122 2021 4193 ad
2038 4145 2124 4196 san-

752 4244 839 4306 ctum
865 4243 1056 4306 sanctorum
1082 4244 1171 4303 tuum
1198 4232 1338 4305 sublime
1365 4245 1400 4306 et
1426 4236 1616 4327 excelsum,
1650 4246 1809 4331 casteque
1837 4247 1870 4307 et
1904 4248 2020 4308 sancte
2047 4248 2123 4310 ste-

750 4370 823 4420 mus
850 4371 964 4419 coram
991 4349 1086 4421 altari
1111 4360 1168 4420 tuo
1196 4359 1326 4437 sancto,
1354 4360 1388 4421 et
1414 4352 1605 4424 sacerdotio
1632 4352 1829 4444 fungentes,
1861 4351 2038 4423 offeramus
2065 4354 2123 4426 tibi

646 4501 650 4514 ‚
751 4464 915 4536 sacrificia
935 4463 1166 4556 ,ratIonabilia,
1202 4473 1236 4534 et
1270 4465 1474 4560 spiritualia,
1507 4490 1581 4538 cum
1614 4467 1678 4538 lide
1709 4490 1809 4553 vera,
1842 4467 1960 4554 Pater,
1995 4467 2058 4539 Fili
2089 4481 2124 4541 et

750 4579 892 4674 Spiritus
920 4591 1044 4651 sancte.

852 4695 1040 4786 Depooeos
1064 4702 1175 4767 costes
1201 4698 1401 4768 ordinarios
1426 4722 1506 4771 suos
1532 4698 1624 4769 dicit.

853 4827 946 4900 Erue
972 4851 1038 4918 me,
1065 4828 1208 4901 Domine
1234 4832 1328 4904 Deus
1355 4842 1483 4922 noster,
1508 4834 1715 4904 vestimentis
1743 4832 1885 4905 sordidis
1919 4831 2037 4927 quibus
2064 4834 2122 4902 in-

751 4943 819 5015 duit
850 4966 905 5016 me
942 4942 1063 5032 Satan,
1096 4969 1158 5041 per
1194 4945 1444 5020 dissolutionem
1481 4971 1618 5044 operum
1651 4947 1824 5036 malorum,
1860 4958 1894 5020 et
1933 4948 2032 5020 indue
2067 4969 2122 5019 me
2187 5020 2191 5026 .

749 5060 955 5133 vestimentis
982 5059 1108 5148 electis,
1137 5084 1223 5156 quae
1249 5067 1453 5136 conveniant
1477 5066 1659 5137 ministerio
1686 5064 1822 5138 honoris
1849 5067 1905 5154 tui,
1933 5075 1967 5136 et
1992 5062 2122 5156 gloriae

750 5176 892 5247 nominis
919 5178 966 5246 tui
992 5179 1109 5267 sancti,
1135 5176 1286 5250 Domine.

857 5289 1001 5364 Calceos
1026 5296 1166 5386 occipit,
1194 5301 1229 5365 et
1249 5299 1362 5388 primo
1388 5299 1559 5369 sinistram
1585 5297 1719 5369 dicens:
