5150 6534
1047 889 1213 968 SEVERI
1245 889 1544 970 introeunti.
1908 893 1985 967 327

615 1096 693 1148 num
719 1080 854 1169 generis
881 1079 936 1172 qui
960 1077 995 1147 in
1022 1073 1154 1150 cunno
1181 1076 1334 1150 obierunt
1359 1090 1393 1150 et
1417 1101 1479 1175 pro
1508 1080 1625 1175 quibus
1650 1080 1734 1152 haec
1754 1078 1867 1153 oblatu
1892 1092 1979 1172 sunt,

615 1204 791 1266 momento.
1009 1202 1012 1205 ’

719 1308 870 1381 Eleouns
895 1331 1021 1380 nocem
1076 1306 1227 1379 Omnium
1255 1307 1385 1380 illorum
1412 1310 1466 1402 qui
1493 1331 1538 1379 ex
1564 1332 1666 1382 carne
1693 1321 1727 1382 et
1751 1316 1913 1404 sauguine
1940 1314 1983 1385 ad

615 1433 649 1496 te
673 1425 816 1497 Domine
842 1428 1021 1498 universae
1047 1426 1176 1511 carnis,
1203 1423 1345 1517 proiecti
1370 1437 1614 1518 pervenerunt,
1640 1425 1825 1515 animabus,
1851 1451 1982 1524 corpo-

615 1537 707 1613 ribus
735 1551 769 1612 et
794 1538 963 1636 spiritibus
990 1551 1125 1635 praesta
1153 1543 1295 1633 quietern
1322 1543 1356 1610 in
1382 1544 1456 1612 sinu
1481 1539 1648 1629 Abraam‚
1683 1543 1778 1614 lsaae
1806 1553 1839 1614 et
1863 1544 1983 1633 Jacob,

615 1656 649 1726 iu
674 1656 830 1752 paradiso
864 1655 1065 1750 voluptatis,
1099 1658 1132 1726 in
1164 1655 1241 1727 loeo
1276 1657 1411 1749 quietis,
1453 1666 1487 1725 et
1521 1656 1745 1729 tabernaculis
1781 1669 1983 1749 sanctorum,

613 1769 671 1843 ubi
698 1781 750 1842 est
774 1771 943 1843 multitudo
971 1793 1085 1843 eorum
1112 1773 1166 1864 qui
1192 1770 1311 1842 festum
1339 1781 1441 1863 agunt
1457 1770 1724 1845 celeberrimum:
1751 1772 1807 1846 ubi
1830 1785 1882 1847 est
1895 1798 1982 1871 per-

614 1883 715 1958 lectio
750 1891 841 1960 vitae
882 1893 954 1962 sine
980 1885 1160 1975 molestiis,
1196 1896 1230 1957 et
1261 1889 1426 1981 primitiae
1461 1890 1718 1982 promissionum
1752 1888 1982 1962 ineffabilium:

616 2025 754 2097 quarum
781 2007 1064 2076 consummatione
1091 2002 1211 2094 dignos
1247 2001 1323 2074 illos
1350 2002 1460 2091 effice,
1496 2024 1562 2073 uon
1589 2015 1747 2099 reputans
1775 2006 1838 2077 illis
1872 2011 1980 2078 omnia

614 2120 733 2192 delicta
760 2144 894 2210 eorum,
920 2144 1028 2216 neque
1055 2123 1180 2192 intrans
1207 2124 1240 2191 in
1263 2120 1420 2213 judicium
1448 2142 1520 2191 cum
1549 2124 1658 2192 servis
1686 2125 1768 2210 tuiS,
1804 2127 1880 2218 quia
1913 2146 1981 2195 nou

609 2235 805 2329 justificatur
831 2260 944 2309 coram
971 2248 1004 2309 te
1031 2239 1138 2309 omnis
1166 2258 1256 2308 caro.
1311 2234 1402 2306 Unus
1431 2238 1518 2306 enim
1545 2248 1579 2306 et
1605 2237 1697 2309 solus
1724 2260 1825 2332 super
1856 2249 1979 2311 terram

613 2351 740 2449 absque
765 2365 906 2449 peccato
928 2356 1191 2426 communicavit
1216 2354 1320 2440 carni,
1348 2360 1382 2422 et
1400 2354 1554 2445 impetum
1582 2352 1820 2427 desideriorum
1836 2358 1978 2451 peccati,

611 2470 667 2563 qui
693 2490 739 2539 ex
766 2490 867 2540 carne
894 2473 1007 2555 oritur,
1034 2468 1136 2564 plane
1162 2467 1361 2553 eradicavit‚
1394 2469 1438 2537 ita
1465 2477 1499 2537 ut
1525 2467 1632 2539 nullus
1654 2471 1688 2539 in
1703 2490 1745 2539 eo
1763 2469 1826 2542 illis
1843 2474 1978 2543 omnino

609 2583 705 2655 locus
733 2594 834 2672 esset,
861 2586 1022 2657 Dominus
1050 2607 1089 2655 ae
1116 2584 1208 2656 Deus
1235 2594 1350 2654 noster
1375 2582 1475 2653 Jesus
1503 2580 1654 2656 Christus
1680 2587 1867 2676 unigenitus
1893 2586 1978 2659 lilius

608 2708 702 2792 turus,
729 2721 789 2794 per
817 2723 912 2794 quem
940 2711 974 2772 et
1000 2724 1062 2773 nos
1091 2721 1273 2795 speramus.
1302 2709 1366 2770 etc.

712 2814 886 2888 Sacerdos
919 2817 1109 2888 inclinatus.
1161 2814 1205 2888 Et
1244 2816 1345 2885 vitam
1382 2823 1529 2886 nostram
1568 2816 1782 2910 temporalem
1822 2817 1977 2906 Domine,

609 2929 759 3021 gubema
786 2944 820 3004 et
844 2955 1010 3028 praepara
1036 2935 1069 3002 in
1097 2951 1270 3003 occursum
1296 2930 1457 3020 unigeniti
1482 2928 1556 2999 Filii
1585 2933 1648 3020 tui,
1681 2940 1716 3003 ut
1743 2932 1872 3026 quando
1906 2954 1976 3004 ve-

557 3126 563 3129 „
607 3050 693 3118 nerit
719 3069 793 3120 oum
820 3047 960 3141 Angelis
987 3047 1117 3119 Sanctis
1143 3048 1176 3116 in
1203 3043 1311 3136 gloria
1340 3055 1410 3131 tua,
1438 3068 1459 3116 ο
1486 3043 1606 3134 Pater,
1642 3047 1684 3117 ad
1717 3048 1975 3139 congregandos

608 3172 744 3235 sanctos
772 3186 870 3251 suos,
898 3186 964 3235 non
992 3162 1183 3234 deficiamus
1211 3159 1252 3232 ad
1280 3183 1455 3233 occursum
1490 3161 1700 3253 passionibus
1733 3163 1836 3249 affixi,
1871 3186 1975 3236 onere

606 3289 820 3373 peccatorum
854 3302 939 3375 quae
975 3281 1197 3350 commisimus
1230 3276 1537 3371 praeponderante,
1571 3300 1645 3349 eum
1678 3280 1775 3349 electi
1806 3282 1975 3373 rapientur

607 3393 743 3468 obviam
770 3399 804 3497 ei
828 3419 890 3491 per
916 3404 1006 3467 aera.
1058 3395 1199 3466 Praesta
1225 3403 1261 3464 ut
1287 3394 1385 3464 etiam
1412 3415 1474 3464 nos
1502 3392 1597 3465 simul
1629 3415 1703 3465 cum
1736 3392 1799 3466 illis
1832 3394 1974 3489 hymnos

607 3509 821 3605 triumphales
849 3532 1023 3598 canamus,
1051 3521 1184 3581 etcum
1212 3507 1319 3601 gloria
1347 3518 1380 3579 et
1397 3506 1495 3579 laude
1509 3510 1667 3596 dicamus
1694 3508 1893 3582 Benedictus
1917 3515 1972 3605 qui

606 3630 758 3697 venitin
783 3630 917 3698 nomine
943 3628 1093 3698 Domini:
1121 3635 1155 3697 ut
1181 3629 1214 3695 in
1240 3624 1304 3696 hoc
1337 3629 1423 3696 sieut
1455 3636 1489 3697 et
1519 3629 1552 3696 in
1585 3624 1737 3697 omuibus
1769 3626 1973 3717 glorificetur

608 3749 643 3811 et
667 3738 818 3814 laudetur
844 3765 964 3814 nomen
992 3753 1090 3813 tuum.
1118 3750 1179 3811 etc.

710 3855 885 3929 Sacerdos
908 3862 1041 3951 sucepit
1068 3863 1102 3927 el
1127 3860 1249 3950 signal.

709 3972 897 4044 Diaconos.
951 3974 1070 4044 ltemm
1099 3982 1197 4066 atque
1224 3974 1349 4042 itemm.

708 4087 891 4160 Sacerdos.
944 4087 1086 4160 Domine
1113 4089 1338 4180 omnipotens,
1366 4090 1459 4178 eujus
1487 4109 1642 4178 magnum
1659 4108 1779 4157 nomen
1796 4098 1863 4159 est:
1891 4091 1970 4161 Do-

603 4206 692 4275 mine
720 4208 774 4300 qui
800 4204 906 4277 fecisti
934 4227 1031 4275 omne
1058 4187 1155 4297 quod
1172 4214 1241 4288 est,
1275 4213 1309 4274 et
1342 4206 1589 4295 cogitationem:
1625 4205 1678 4295 qui
1714 4225 1787 4273 cum
1819 4225 1973 4276 essemus

603 4323 771 4413 peregrini
799 4344 818 4391 a
845 4323 1049 4391 testamentis
1075 4322 1350 4413 promissionum,
1383 4329 1417 4390 et
1450 4317 1548 4389 alieni
1582 4317 1795 4411 erepublica
1822 4321 1968 4409 Israelis,

604 4433 771 4508 adduxisti
797 4458 859 4507 nos
888 4435 928 4506 ad
955 4433 1040 4507 bane
1074 4437 1314 4526 cognitionem:
1347 4446 1380 4505 et
1416 4436 1469 4527 qui
1505 4434 1639 4528 pulsare
1675 4434 1717 4504 ad
1751 4437 1869 4507 ostium
1903 4459 1969 4507 non

603 4560 815 4645 poteramuS‚
840 4574 903 4624 nos
930 4550 972 4623 ad
998 4550 1181 4645 penetralia
1209 4554 1387 4624 sanctuarii
1413 4549 1622 4622 introduxisti
1650 4553 1682 4620 in
1709 4573 1749 4622 ea
1784 4574 1870 4644 quae
1903 4552 1969 4623 de-

604 4665 751 4738 siderant
775 4668 899 4759 Augeli
924 4670 1138 4763 prospicere;
1164 4666 1319 4762 purifica,
1346 4676 1379 4737 et
1406 4665 1574 4737 sanctifica
1601 4675 1730 4738 mentes
1756 4676 1907 4754 nostras,
1935 4681 1969 4741 et

602 4792 737 4876 praesta
771 4793 806 4854 ut
844 4782 1046 4877 depellentes
1084 4805 1216 4854 omnem
1255 4780 1457 4853 materialem
1493 4784 1752 4873 cogitationem,
1789 4793 1822 4855 et
1855 4806 1968 4856 euram

600 4892 696 4989 buJ‘us
723 4897 864 4984 saeculi,
892 4918 1088 4991 quaeramus
1116 4897 1342 4971 tantummodo
1370 4919 1508 4989 regnum
1536 4908 1624 4969 tuum
1644 4909 1678 4970 et
1691 4900 1849 4992 justitiam
1869 4908 1968 4986 tuam,

601 5021 635 5082 ot
660 5014 745 5083 sicut
767 5016 852 5105 jussi
880 5034 1008 5098 sumus,
1037 5016 1221 5084 orationem
1248 5012 1332 5084 banc
1359 5012 1462 5086 corde
1487 5035 1571 5109 puro
1598 5017 1775 5086 recitemus
1809 5006 1844 5085 el
1870 5014 1969 5086 dica-

602 5148 686 5199 mus.
739 5127 850 5198 Pater
880 5135 1004 5199 noster.
1068 5128 1096 5199 0
1130 5128 1272 5201 Domine
1306 5132 1360 5224 qui
1396 5151 1462 5200 non
1505 5132 1667 5224 permittis
1708 5128 1808 5202 ullum
1849 5134 1968 5203 tentari

602 5262 704 5338 supra
731 5243 764 5314 id
791 5242 879 5338 quod
906 5253 1034 5338 potest,
1060 5243 1119 5315 sed
1138 5242 1261 5345 tribuis
1288 5248 1388 5317 etiam
1420 5245 1466 5316 illi
1495 5268 1569 5317 cum
1602 5248 1781 5318 tentatione
1813 5268 1969 5341 proven-

601 5367 690 5449 tum,
717 5371 753 5432 ut
777 5362 886 5456 possit
913 5363 1094 5451 sustinere,
1120 5359 1226 5433 libera
1251 5383 1314 5435 nos
1342 5361 1384 5435 ab
1412 5363 1501 5434 omni
1527 5364 1723 5453 nntadone,
1758 5363 1852 5455 eujus
1886 5362 1967 5456 luga
