5150 6534
595 765 670 849 586
1101 770 1463 852 utnonotn

697 961 935 1055 Prosequitur.
983 963 1126 1035 Domine
1152 963 1246 1034 Deus
1272 971 1389 1034 noster
1414 972 1550 1058 praesta
1576 957 1674 1034 nobis
1701 959 1970 1055 tranquillitatem

595 1086 630 1147 et
663 1099 782 1172 pacem
818 1088 925 1167 tuam,
965 1075 1118 1151 omnibus
1150 1075 1268 1151 diebus
1301 1078 1430 1153 saeculi
1461 1078 1574 1171 hujus:
1610 1086 1646 1148 ut
1687 1088 1904 1169 cognoscant
1940 1089 1972 1151 te

596 1215 713 1265 omnes
739 1190 945 1266 habitatores
973 1204 1100 1265 terrae:
1129 1196 1204 1289 quia
1231 1203 1266 1276 tu
1293 1216 1332 1267 es
1358 1195 1451 1267 Dens
1477 1192 1579 1266 Pater
1603 1214 1708 1265 vems
1734 1191 1851 1283 solns3
1880 1204 1914 1265 et
1938 1205 1971 1268 tu

595 1310 713 1379 misisti
737 1309 913 1380 Dominum
940 1317 1088 1382 nostrum
1115 1308 1231 1381 lesum
1267 1308 1433 1383 Christum
1466 1306 1584 1382 Filium
1618 1320 1709 1381 tuum
1745 1318 1783 1381 et
1818 1308 1970 1383 dilectum

596 1431 704 1512 tunm3
743 1433 777 1494 ot
803 1426 878 1518 ipse
904 1425 1068 1497 Dominus
1095 1432 1129 1495 et
1153 1426 1247 1497 Dens
1274 1436 1391 1499 noster
1415 1428 1509 1499 venit
1535 1436 1570 1496 et
1595 1424 1707 1497 docuit
1731 1446 1799 1498 nos
1839 1447 1969 1502 omnem

594 1542 770 1632 puritatem
796 1548 831 1610 et
857 1544 1082 1612 sanctitatem:
1118 1541 1313 1613 Memoriam
1339 1540 1395 1613 iac
1421 1540 1682 1638 Prophetamm,
1713 1540 1969 1636 Apostolorum,

593 1655 791 1749 Martyrum,
819 1651 1072 1742 confessorum,
1097 1654 1361 1755 Episcopornm,
1394 1658 1590 1748 Doctorum,
1617 1656 1857 1746 Sacerdotum,
1884 1659 1970 1731 Dia-

593 1792 767 1859 conornm,
795 1782 829 1842 et
856 1776 999 1845 omnium
1026 1773 1168 1845 liliorum
1193 1773 1369 1846 Ecclesiae
1399 1773 1550 1848 'sanctae'
1566 1772 1786 1862 Catholicae,
1819 1777 1877 1870 qui
1903 1773 1969 1847 ab-

594 1889 716 1979 signati
743 1896 819 1961 sunt
844 1890 942 1981 signo
970 1893 1074 1981 vitae,
1099 1890 1313 1987 Baptismatis
1340 1893 1455 1963 sancti.
1507 1890 1580 1963 Nos
1608 1912 1741 1987 quoqne
1770 1890 1929 1963 Domine

700 2038 936 2131 Prosequitur.
989 2038 1090 2110 Servi
1117 2039 1163 2110 tui
1196 2038 1335 2112 humiles
1368 2037 1553 2114 imbecilles
1579 2050 1613 2126 et
1639 2038 1760 2112 infirmi
1793 2043 1852 2135 qui
1884 2064 1970 2115 con-

595 2157 729 2245 gregati
754 2157 868 2226 su'mus
895 2156 1088 2227 innomine
1123 2164 1191 2243 tuo,
1218 2179 1373 2250 nuncque
1399 2168 1523 2230 snmus
1550 2178 1664 2229 coram
1693 2167 1739 2244 te,
1768 2165 1804 2230 et
1830 2162 1971 2254 accepi-

595 2292 668 2343 mus
696 2292 770 2340 cum
793 2268 899 2363 Jubilo
926 2268 1066 2343 sormam
1100 2293 1186 2366 quae
1219 2295 1239 2343 a
1272 2281 1306 2343 te
1343 2282 1413 2362 est,
1446 2270 1637 2360 laudantes,
1672 2272 1907 2365 glorificantes
1938 2282 1971 2344 et

597 2383 796 2474 exaltanteS,
824 2408 1133 2473 commemoramus,
1162 2396 1195 2457 et
1221 2385 1447 2474 celebramus,
1484 2392 1676 2485 mysterium
1709 2386 1777 2459 hoc
1812 2411 1971 2481 magnum

596 2511 629 2572 et
655 2500 872 2592 tremendum,
898 2495 1049 2603 sanctum
1076 2511 1110 2573 et
1136 2502 1300 2592 divinum,
1332 2507 1520 2599 passionis,
1547 2507 1681 2592 mortis,
1714 2503 1913 2600 sepulturae
1938 2513 1970 2575 et

594 2619 850 2689 resurrectionis
876 2616 1021 2706 Domini,
1048 2628 1082 2689 et
1108 2617 1297 2691 Salvatoris
1323 2623 1428 2694 nostri
1453 2622 1536 2692 lesu
1564 2617 1695 2692 Christi.

700 2763 745 2836 Et
770 2770 885 2839 veniat
915 2768 944 2805 ¹⁴
970 2769 1114 2840 Domine
1140 2769 1283 2866 Spiritus
1316 2777 1391 2839 tuns
1418 2775 1564 2853 sanctus,
1591 2775 1626 2836 et
1651 2768 1843 2874 requiescat
1871 2788 1969 2863 snper

595 2879 798 2956 oblationem
823 2882 909 2954 hanc
935 2905 1111 2955 servorum
1138 2893 1287 2973 tuomm,
1323 2906 1423 2978 quam
1450 2881 1603 2971 atterunt,
1630 2893 1664 2953 et
1689 2903 1766 2953 enm
1793 2877 1969 2955 benedicat

596 3006 629 3067 et
655 2998 850 3088 sanctificet,
877 3008 913 3070 ut
938 3003 981 3071 sit
1007 2999 1106 3073 nobis
1132 3000 1287 3089 Domine,
1315 3000 1357 3072 ad
1392 3002 1657 3096 propitiationem
1684 2997 1905 3087 delictorum,
1938 3009 1969 3071 et

594 3116 824 3185 remissionem
851 3125 1077 3209 peccatorum,
1104 3139 1264 3212 spemque
1297 3138 1454 3208 magnam
1485 3118 1740 3189 resurrectionis
1768 3118 1968 3203 amortuis,

596 3237 630 3298 et
663 3229 706 3300 ad
739 3232 841 3301 vitam
873 3247 996 3303 novam
1029 3236 1064 3303 in
1097 3254 1204 3323 regno
1244 3230 1434 3319 coelorum,
1474 3254 1548 3303 cum
1581 3231 1733 3304 omnibus
1768 3234 1825 3325 qni
1858 3230 1968 3327 placiti

594 3342 728 3416 lnemnt
753 3367 868 3417 coram
895 3369 948 3418 eo.
983 3347 1028 3419 Et
1052 3358 1190 3443 propter
1215 3352 1408 3421 nniversam
1436 3346 1716 3443 dispensationem
1743 3357 1834 3419 tuam
1862 3352 1967 3420 mua-

595 3457 695 3532 bilem
722 3483 806 3554 erga
832 3484 913 3550 nos,
940 3462 1169 3536 confitebimur
1194 3463 1272 3551 ttbt,
1306 3474 1339 3536 et
1371 3463 1628 3555 glorificabimus
1664 3473 1697 3534 te
1727 3462 1966 3551 indesinenter,

595 3578 629 3645 in
654 3574 807 3649 Ecclesia
834 3588 902 3665 tua,
929 3579 1078 3651 redemta
1104 3602 1166 3673 per
1192 3583 1387 3671 sanguinem
1415 3584 1595 3675 pretiosum
1616 3578 1738 3651 Christi
1766 3583 1825 3666 tui,
1854 3578 1966 3653 oribus

596 3696 733 3786 apertis,
760 3703 793 3763 et
818 3693 905 3765 lacie
930 3693 1051 3766 bbera:
1087 3695 1224 3767 Quen:
1258 3695 1444 3767 referentes
1479 3696 1648 3790 hymnum,
1674 3693 1852 3784 honorem,
1879 3718 1964 3767 con-

594 3806 776 3879 fessionem
805 3818 838 3881 et
865 3808 1091 3882 adorationem
1117 3814 1242 3884 nomini
1268 3822 1325 3883 tuo
1354 3822 1468 3883 sancto
1496 3815 1590 3884 vivo¹
1605 3820 1639 3883 et
1658 3811 1854 3899 vivificanti,
1881 3834 1964 3883 nnnc

596 3931 631 3993 et
656 3943 800 4018 semper,
828 3933 862 3995 et
887 3928 921 3997 in
948 3926 1082 3998 saecula
1110 3927 1329 4000 saeculorum.

699 4072 875 4144 Sacerdos
900 4079 1014 4171 siquat
1039 4098 1142 4146 eruce
1168 4082 1349 4167 mysteria:
1376 4083 1410 4148 et
1435 4078 1649 4170 respondent.
1702 4076 1827 4147 Amen.

699 4221 874 4294 Sacerdos
900 4225 1043 4295 inclinat
1068 4248 1106 4296 se
1134 4231 1168 4295 ol
1195 4228 1368 4298 oscttlatur
1389 4227 1512 4315 altare,
1534 4229 1679 4319 primum
1699 4227 1734 4294 r‘n
1748 4225 1873 4310 medio,
1900 4232 1964 4296 tun

596 4337 657 4433 ad¹
670 4337 736 4409 duo
763 4338 876 4410 latera
903 4341 1058 4411 deutrum
1085 4347 1119 4411 et
1145 4345 1327 4431 sinistrum,
1355 4343 1503 4437 dicitque
1529 4342 1619 4413 bone
1646 4340 1857 4411 Orationem.

699 4487 741 4558 ln
768 4489 839 4560 olio
867 4490 1004 4561 codice:
1034 4491 1120 4561 dicit
1144 4491 1323 4562 Psalmtuu.
1376 4494 1539 4566 Miserere
1565 4495 1629 4564 mei
1655 4493 1760 4578 Deus,
1786 4515 1895 4585 usque
1920 4493 1964 4562 ad

596 4604 685 4675 boec
711 4603 837 4692 uerba,
865 4615 899 4676 et
924 4608 1025 4700 iniqui
1052 4605 1093 4677 ad
1120 4617 1153 4677 te
1180 4619 1425 4682 convertentur.
1450 4609 1505 4681 Ad
1525 4618 1557 4679 te
1572 4608 1686 4680 levavi
1711 4605 1832 4678 oculos
1859 4630 1963 4696 meos,

597 4742 702 4814 usque
728 4719 775 4789 ud
799 4720 962 4793 Miserere
989 4724 1094 4795 nostri
1119 4723 1272 4811 Domina,
1300 4727 1461 4796 miserere
1487 4727 1602 4797 nostri.
1649 4722 1805 4795 Extende
1834 4746 1964 4796 manum

597 4844 697 4924 tuam,
724 4847 758 4908 et
783 4835 893 4911 salvet
918 4860 972 4909 me
1000 4837 1139 4911 dextera
1167 4851 1221 4911 tna
1247 4840 1408 4913 Domine:
1434 4847 1650 4934 permaneant
1675 4862 1779 4935 snper
1803 4863 1862 4911 me
1887 4840 1964 4913 Do-

597 4954 696 5035 mine,
723 4955 953 5028 miserationes
981 4964 1057 5027 tuae
1084 4958 1117 5026 in
1145 4955 1332 5048 saeculum,
1368 4965 1402 5027 et
1435 4978 1538 5053 opera
1573 4977 1726 5028 manuum
1760 4964 1891 5029 tuarum
1921 4978 1964 5028 na

597 5066 774 5165 despicias.
