5150 6534
941 842 1304 922 nnsuotlt
1734 841 1807 916 cst

1002 1082 1088 1155 Atta
1115 1084 1247 1155 Oratio.

544 1274 687 1349 Domine
712 1275 805 1347 Deus
831 1272 948 1362 fortis,
983 1274 1182 1368 suscipiatur
1213 1271 1298 1344 bace
1333 1271 1477 1358 oblatio,
1510 1280 1546 1343 ut
1580 1293 1622 1343 ea
1652 1269 1743 1344 Abel
1778 1280 1812 1341 et

441 1392 518 1463 Noe
543 1389 648 1462 beati:
683 1387 918 1484 Abrabamque
953 1398 987 1460 et
1012 1387 1076 1460 Job
1101 1392 1199 1481 justi:
1234 1389 1332 1460 lsaac
1365 1387 1421 1459 lilii
1452 1390 1692 1483 promissionis.
1758 1385 1810 1457 'l'u

442 1505 584 1579 benedic
609 1505 695 1578 hunc
719 1527 851 1601 panem,
879 1526 977 1599 quem
1003 1502 1192 1576 obtulerunt
1218 1502 1318 1574 bodie
1343 1506 1435 1577 servi
1461 1508 1508 1576 tui
1535 1502 1638 1575 corde
1664 1506 1810 1590 sincero,

443 1632 478 1695 et
502 1622 675 1694 voluntate
701 1619 744 1693 ab
771 1623 859 1692 omni
886 1619 987 1692 sorde
1021 1618 1139 1707 libera,
1166 1621 1251 1690 sicut
1274 1622 1448 1716 praecepit
1478 1626 1574 1691 autor
1604 1622 1714 1709 vitae,
1747 1641 1810 1714 per

443 1740 699 1833 promissionem
727 1758 819 1807 suam
846 1757 914 1809 non
939 1734 1114 1821 fallacem,
1145 1743 1181 1805 nt
1212 1732 1416 1807 ambulemus
1444 1757 1555 1808 coram
1592 1757 1635 1808 eo
1671 1757 1717 1806 ex
1749 1733 1812 1806 bac

445 1850 510 1939 dic,
536 1860 690 1944 tanquam
717 1850 851 1924 lucerna
878 1855 911 1923 in
939 1850 1124 1943 caliginoso
1150 1849 1246 1939 loco,
1286 1860 1321 1921 et
1345 1855 1526 1946 pervenire
1551 1870 1615 1923 nos
1641 1849 1750 1923 iaciat«
1768 1849 1811 1922 ad

443 1967 532 2039 illam
559 1968 764 2039 mansionem
790 1966 930 2040 lucidam
957 1977 992 2039 et
1016 1965 1160 2055 beatam,
1187 1989 1249 2060 per
1276 1969 1461 2038 orationem
1489 1966 1584 2057 bujus
1611 1988 1810 2059 congrega-
1895 1969 1897 1974 '

444 2085 560 2155 tionis:
593 2103 680 2153 nunc
714 2092 748 2154 et
773 2104 915 2179 semper.
969 2084 1109 2155 Mensae
1134 2090 1271 2155 vestrae
1296 2080 1552 2169 benedicantur,
1587 2086 1706 2155 mortui
1741 2105 1811 2153 ve-

444 2202 504 2271 stri
531 2201 741 2285 suscitentur,
768 2208 801 2269 et
826 2197 924 2271 bonis
951 2198 1106 2270 coelestis
1139 2200 1236 2289 regni
1263 2196 1355 2291 digni
1381 2197 1571 2271 efficiantur.
1627 2198 1742 2270 Gloria
1768 2200 1812 2267 sit

443 2313 490 2386 illi
516 2318 571 2409 qui
599 2318 708 2386 omnia
736 2313 923 2410 suppeditat
948 2337 1011 2411 per
1040 2317 1181 2407 gratiam
1217 2321 1251 2386 et
1283 2317 1515 2386 miserationes
1549 2336 1628 2387 suas
1659 2336 1745 2386 nunc
1777 2322 1812 2386 et

446 2452 588 2527 semper,
615 2431 707 2502 etin
734 2429 902 2502 saeculum
928 2439 1112 2502 venturum.

1009 2702 1094 2776 Atia
1122 2705 1254 2776 Oratio.

520 2907 522 2912 ’
549 2893 719 2966 Laudetur
745 2914 866 2965 nomen
891 2893 956 2965 Dei
992 2895 1135 2965 omnium
1161 2892 1294 2965 Domini
1320 2897 1506 2982 internos,
1534 2896 1654 2988 quiquo
1682 2893 1812 2967 ordinat

445 3020 596 3105 tempora
625 3020 658 3081 et
685 3013 894 3099 occasiones,
922 3017 956 3080 et
990 3026 1179 3104 supernos
1213 3010 1360 3083 infirmos
1396 3019 1429 3081 et
1463 3019 1676 3104 peccatores:
1712 3032 1815 3106 super

446 3125 632 3197 Ecclesiam
660 3134 807 3196 sanctam
835 3134 869 3195 ct
894 3122 979 3197 filios
1007 3127 1098 3216 ejus,
1125 3147 1226 3220 super
1252 3134 1366 3221 patres
1392 3133 1539 3214 nostros,
1565 3124 1699 3213 fratres,
1726 3125 1813 3198 lilios
1923 3207 1925 3211 ,

447 3253 482 3311 et
497 3241 654 3312 doctores
680 3250 826 3328 nostros,
853 3250 887 3311 et
913 3261 1014 3335 super
1040 3238 1226 3326 defunctos,
1253 3245 1309 3336 qui
1336 3263 1356 3311 e
1383 3240 1492 3313 medio
1518 3245 1623 3313 nostri
1650 3241 1812 3328 abierunt,

447 3367 481 3428 et
516 3377 617 3451 super
642 3378 773 3428 omnem
799 3354 1038 3427 fraternitatem
1071 3365 1218 3427 nostram
1243 3360 1276 3428 in
1305 3355 1450 3445 Christo,
1477 3355 1715 3444 misericordia,
1741 3353 1809 3426 be-

446 3472 664 3561 nedictiones
691 3482 725 3542 et
750 3475 859 3563 gratia
879 3472 944 3542 Dei
970 3473 1075 3543 nostri
1090 3470 1259 3560 adorandi,
1273 3476 1422 3561 veniant,
1447 3482 1673 3567 permaneant,
1700 3470 1811 3542 ellan-

448 3587 577 3674 dantur,
608 3585 814 3674 etinlluant,
841 3590 971 3681 sintque
997 3608 1186 3683 supernos
1221 3598 1383 3683 perpetuo
1418 3610 1503 3660 nunc
1531 3598 1565 3659 et
1590 3608 1744 3683 semper,
1779 3598 1813 3658 et

447 3706 481 3773 in
508 3703 643 3775 saecula
671 3702 889 3775 saeculorum.

552 3818 646 3888 Atta.
698 3820 765 3891 Per
791 3818 964 3890 dexteram
990 3828 1080 3890 tuam
1106 3819 1207 3890 Pater
1237 3829 1353 3892 noster
1388 3822 1443 3915 qui
1469 3841 1507 3891 es
1542 3822 1574 3891 in
1600 3819 1717 3909 coelis,
1743 3820 1812 3892 be-

448 3932 546 4003 nedic
564 3934 707 4005 Domine
732 3933 831 4007 nobis
858 3933 1026 4006 omnibus:
1053 3955 1220 4007 conserva
1247 3945 1280 4006 et
1307 3935 1430 4029 adjuva
1456 3958 1519 4008 nos
1552 3959 1686 4008 omnes:
1724 3957 1813 4031 pro-

449 4069 567 4145 speras
594 4047 649 4120 lac
689 4052 839 4121 actiones
883 4053 1027 4121 omnium
1060 4059 1225 4122 nostrum:
1264 4050 1420 4123 alimenta
1455 4051 1583 4149 praebe
1623 4054 1813 4123 necessitati

449 4168 592 4238 omnium
618 4175 779 4252 nostrum,
806 4175 840 4236 ct
865 4164 951 4252 laus,
976 4163 1095 4252 honor,
1122 4168 1413 4257 gratiarumactio
1440 4176 1474 4239 et
1501 4167 1650 4240 adoratio
1676 4165 1812 4237 relere-

448 4288 500 4349 tur
527 4279 582 4352 tibi
610 4303 656 4353 ex
683 4303 743 4353 ore
769 4284 911 4354 omnium
928 4291 1089 4369 nostrum,
1116 4292 1151 4353 et
1167 4283 1397 4355 miserationes
1425 4293 1459 4354 et
1484 4287 1592 4376 gratia
1618 4293 1674 4370 tua
1701 4280 1812 4352 cilun-

448 4395 567 4467 dantur
592 4418 694 4491 super
720 4401 842 4485 omnia,
868 4400 900 4468 in
927 4394 1024 4469 nobis
1052 4398 1215 4486 omnibus,
1241 4420 1329 4469 nunc
1354 4409 1389 4470 et
1413 4421 1556 4496 semper.

550 4511 645 4582 Atia.
672 4514 880 4608 Suscipiatur
907 4513 1049 4586 Domine
1075 4512 1168 4585 Deus
1203 4524 1319 4585 noster
1345 4519 1452 4589 oratio
1478 4536 1653 4589 servorum
1682 4523 1812 4586 tuorum

447 4624 625 4699 imbellium
652 4651 766 4700 comm
794 4627 880 4701 solio
901 4628 1078 4702 divinitatis
1106 4638 1194 4716 tuac,
1221 4640 1255 4702 et
1281 4634 1324 4703 sit
1348 4636 1568 4724 congregatio
1588 4630 1671 4702 baec
1686 4639 1811 4717 nostra,

448 4742 568 4835 placita
600 4744 762 4816 voluntati
796 4748 978 4837 majestatis
1012 4754 1106 4832 tuae,
1146 4744 1189 4818 ad
1224 4748 1450 4842 accipiendam
1484 4769 1530 4818 ex
1561 4745 1724 4818 beneficio
1756 4756 1812 4817 tuo

447 4856 702 4929 incolumitatem
731 4864 893 4955 corporis,
920 4869 953 4931 et
979 4863 1183 4934 sanationem
1210 4865 1358 4951 animae,
1393 4862 1657 4956 tranquillitatem
1683 4884 1813 4957 perpe-

447 4983 550 5059 tuam,
577 4981 612 5043 et
635 4995 753 5068 pacem
779 4976 944 5072 prolixam
970 5000 1046 5058 oum
1080 4975 1279 5050 abundantia
1306 5000 1416 5050 rerum
1443 4977 1614 5050 advitam
1646 4999 1814 5051 necessa·

447 5091 585 5159 riamm:
614 5098 646 5159 et
673 5091 851 5165 concordia
883 5095 1029 5165 caritatis
1065 5092 1274 5165 immutabilis
1307 5104 1341 5165 et
1375 5093 1627 5181 indissolubilis,
1661 5093 1813 5166 omnibus

449 5201 566 5275 diebus
594 5204 712 5299 quibus
739 5207 897 5281 subsistet
923 5207 1072 5296 mundus,
1100 5230 1187 5281 nunc
1217 5219 1251 5281 et
1277 5231 1422 5306 semper,
1448 5214 1540 5283 etin
1568 5209 1702 5282 saecula
1729 5230 1816 5280 sae-

448 5318 608 5394 culomm.
