5150 6534
602 826 678 902 202
1108 830 1469 909 irrorato

508 1094 514 1103 ,
599 1017 657 1103 tui,
683 1038 745 1111 per
772 1039 868 1111 quem
897 1029 931 1090 et
957 1040 1031 1089 oum
1059 1039 1123 1112 quo
1151 1026 1185 1088 te
1211 1015 1309 1090 decet
1334 1016 1453 1110 gloria,
1484 1016 1592 1093 bonor
1618 1032 1652 1094 et
1677 1021 1864 1117 imperium,
1890 1040 1964 1091 cnm

600 1132 722 1228 Spiritu
750 1142 806 1205 tuo
833 1137 1053 1206 sanctissimo.

703 1249 863 1340 Populos.
915 1252 1036 1321 Amen.

701 1363 886 1435 Sacerdos.
938 1365 1022 1440 Pax,

701 1480 863 1574 Populos.
914 1479 1059 1553 Etcum
1085 1467 1200 1576 spiritu
1226 1491 1295 1553 tuo.

702 1597 889 1668 Diaconos.
943 1597 1010 1670 Det
1034 1619 1152 1693 pacem
1178 1600 1412 1692 uuusquisque.

701 1714 863 1807 Populos.
917 1714 1052 1785 Omnes.

701 1829 889 1902 Diaconos.
942 1831 1034 1902 Post.

700 1945 862 2040 Populus.
915 1945 1038 2019 Coram
1065 1955 1098 2016 te
1124 1944 1275 2017 Domine.

699 2060 881 2133 Sacerdos.
934 2064 1040 2135 Dator
1078 2064 1260 2134 sanctitatis
1300 2070 1334 2131 et
1373 2058 1515 2153 largitor
1547 2064 1653 2134 omnis
1691 2059 1772 2134 boui
1805 2062 1960 2154 Domine,

597 2179 651 2269 qui
678 2200 809 2269 omnem
842 2190 1029 2250 creaturam
1061 2177 1258 2250 rationalem
1294 2180 1468 2249 sanctitate
1495 2199 1580 2270 quae
1613 2201 1632 2249 a
1666 2188 1700 2250 te
1730 2188 1800 2266 est,
1833 2183 1962 2252 sancti-

595 2292 693 2365 ficas:
729 2295 897 2366 sanctifica
924 2316 985 2389 per
1010 2293 1167 2387 Spiritum
1201 2302 1291 2399 tupm
1324 2303 1494 2382 sanctam,
1526 2314 1588 2365 nos
1625 2294 1747 2368 servos
1783 2307 1879 2384 tuos,
1911 2298 1962 2391 qui

595 2409 789 2480 inclinamur
820 2432 935 2481 coram
969 2420 1018 2480 te:
1052 2409 1158 2482 libera
1184 2430 1247 2480 nos
1275 2408 1317 2480 ab
1352 2407 1503 2480 omnihus
1532 2410 1748 2503 passionibus
1782 2410 1959 2484 servilibus

595 2527 736 2619 peccati,
764 2522 805 2595 ab
832 2525 968 2615 invidia,
996 2526 1084 2613 dolo,
1113 2526 1322 2619 deceptione,
1350 2522 1444 2611 odio,
1472 2528 1664 2613 inimicitiis,
1700 2536 1733 2597 et
1768 2524 1809 2596 ab
1838 2549 1881 2598 eo
1908 2528 1959 2621 qui

595 2638 712 2713 eadem
739 2651 911 2736 operatur,
947 2652 983 2712 nt
1013 2663 1200 2713 mereamur
1235 2649 1352 2714 sancte
1390 2641 1574 2736 perticere.
1593 2645 1804 2714 ministerium
1844 2641 1958 2714 horum

595 2754 886 2828 Sacramentorum
911 2757 1165 2845 vivificantium,
1191 2778 1253 2851 per
1279 2756 1468 2851 pontificem
1500 2757 1681 2828 coelestem
1714 2758 1830 2830 Jesum
1858 2757 1959 2831 Clui-

594 2880 678 2946 stum
704 2875 906 2964 unigenitum
930 2872 1048 2944 Filium
1074 2884 1182 2962 marn,
1216 2894 1278 2968 per
1305 2895 1402 2968 quem
1429 2882 1462 2943 et
1487 2895 1561 2943 eum
1584 2894 1649 2967 quo
1672 2883 1705 2944 te
1732 2872 1828 2947 decet
1855 2873 1960 2965 gloria

594 2998 628 3059 et
652 2984 769 3061 honor.

696 3104 856 3197 Populos.
909 3107 1028 3178 Amen.

698 3220 881 3293 Sacerdos.
934 3221 1093 3294 Existens
1127 3220 1348 3293 essentialiter
1380 3230 1414 3291 et
1448 3218 1488 3290 ab
1526 3227 1682 3308 aeterno,
1717 3222 1812 3312 cujus
1844 3233 1958 3293 natura
2017 3209 2019 3211 ’

592 3336 931 3435 incomprehensibilis
959 3350 1029 3429 est,
1064 3341 1119 3432 qui
1145 3358 1251 3433 prope
1278 3359 1336 3425 es,
1370 3346 1403 3407 et
1437 3357 1600 3431 praesens
1627 3334 1797 3425 omnibus,
1834 3334 1958 3432 absquo

592 3452 658 3525 ulla
686 3452 890 3526 sublimitatis
919 3466 995 3526 tuae
1021 3457 1216 3526 mutatione:
1244 3455 1338 3544 cujus
1366 3452 1546 3525 bonitatem
1573 3456 1697 3547 appetit
1729 3461 1762 3521 et
1794 3451 1958 3524 desiderat

595 3568 820 3664 quodcumque
848 3572 976 3659 existit3
1002 3568 1224 3661 intelligibiles
1250 3568 1380 3663 quidem
1409 3578 1443 3638 et
1469 3566 1636 3638 intellectu
1657 3565 1828 3662 praeditae
1855 3590 1956 3640 crea-

593 3694 706 3775 turae,
737 3685 1003 3777 intelligibiliter,
1036 3708 1138 3758 sensu
1173 3707 1258 3757 vero
1291 3683 1482 3780 praeditae,
1517 3680 1726 3754 sensibiliter.
1780 3683 1845 3770 Qui
1885 3707 1957 3756 cum

593 3821 676 3871 unus
712 3803 758 3873 sis
794 3801 1034 3891 essentialiter,
1070 3795 1178 3872 tamen
1215 3799 1296 3873 ades
1328 3800 1502 3872 nobiscum
1535 3810 1569 3870 et
1604 3802 1689 3869 inter
1721 3820 1801 3887 nos,
1837 3805 1871 3872 iu
1896 3800 1957 3873 hac

592 3914 687 4003 bora,
715 3941 778 4010 qua
805 3918 846 3988 ad
873 3916 957 3989 haec
984 3920 1144 4013 mysteria
1171 3928 1225 3988 tua
1253 3926 1369 3987 sancta
1396 3916 1527 3987 vocasti
1561 3924 1594 3985 et
1621 3914 1786 3987 adduxisti
1813 3938 1892 3990 nos:
1926 3925 1958 3987 et

592 4032 698 4103 standi
733 4055 845 4103 coram
878 4034 1007 4107 sublimi
1041 4034 1177 4105 Throno
1212 4034 1394 4123 majestatis
1431 4040 1507 4101 tuae
1542 4030 1662 4120 dignos
1693 4029 1820 4120 fecisti,
1860 4040 1956 4125 atque

591 4148 754 4219 tractandi
780 4172 866 4220 vasa
893 4161 1007 4222 sancta
1034 4152 1206 4221 ministerii
1243 4152 1287 4219 tui
1313 4146 1464 4218 manibus
1500 4148 1621 4216 nostris
1653 4148 1799 4239 impuris.
1852 4144 1957 4217 Aufer

592 4276 701 4335 autem
729 4289 748 4335 a
774 4265 883 4355 nobis,
909 4269 1064 4356 Domine,
1090 4275 1220 4337 vestem
1248 4267 1427 4357 iniquitatis
1460 4285 1523 4356 qua
1558 4264 1666 4332 amicti
1700 4281 1830 4344 sumus,
1864 4274 1901 4333 ut
1938 4283 1956 4331 a

591 4379 673 4451 Jesu
699 4379 784 4453 Filio
818 4381 968 4453 Josedelr
1000 4381 1186 4453 Sacerdote
1218 4401 1341 4471 magno
1377 4382 1575 4451 vestimenta
1612 4377 1746 4449 sordida
1780 4376 1956 4450 abstulisti:

594 4505 627 4567 et
652 4499 776 4591 pietate
803 4507 901 4591 atque
924 4500 1049 4589 justitia
1083 4520 1212 4568 exorna
1239 4518 1319 4583 nos,
1356 4499 1439 4566 sieut
1471 4493 1560 4565 illum
1593 4497 1793 4565 vestimento
1829 4492 1957 4586 gloriae

461 4695 464 4699 ¹
594 4616 735 4700 ornasti3
762 4624 797 4683 ut
822 4624 855 4685 te
883 4613 956 4685 solo
985 4626 1137 4709 tanquam
1166 4622 1356 4705 tegumento
1385 4610 1498 4698 induti,
1526 4619 1559 4680 et
1586 4614 1669 4681 sicut
1696 4609 1816 4703 templa
1851 4630 1958 4681 coro-

594 4738 672 4799 nata
699 4727 808 4819 gloria
836 4735 1031 4818 existentes,
1058 4741 1091 4801 te
1119 4730 1245 4824 absque
1272 4728 1437 4801 velamine
1458 4727 1641 4812 videamus,
1668 4735 1778 4796 mente
1805 4726 1959 4798 divinitus

592 4843 766 4931 illustrata,
794 4855 827 4916 et
854 4845 895 4915 ad
922 4869 1069 4947 mensam
1097 4849 1192 4937 regni
1219 4850 1262 4917 tui
1290 4844 1476 4939 epulemur,
1508 4842 1583 4913 dum
1609 4841 1674 4914 hoc
1701 4840 1864 4915 sacrificio
1892 4863 1958 4913 co-

592 4982 663 5031 ram
698 4961 796 5033 nobis
830 4966 1002 5057 proposito
1043 4964 1321 5033 communicantes
1354 4957 1582 5055 perfruemur,
1616 4970 1650 5029 et
1676 4957 1861 5030 referemus
1902 4956 1959 5030 tibi

591 5075 731 5168 gloriam
759 5087 792 5148 et
817 5076 958 5148 laudem.

694 5194 854 5285 Populos.
907 5196 1026 5265 Amen.

695 5309 882 5382 Diaconos.
934 5310 1067 5384 Stemus
1095 5308 1259 5380 decenter.
