5150 6534
620 831 695 903 d'r'b
931 767 938 786 =
1101 827 1501 955 ottoboni:

620 1015 838 1107 Archangeli:
866 1015 997 1109 quando
1024 1014 1110 1086 solia
1135 1012 1312 1108 Apostolis
1345 1012 1615 1101 collocabuntur,
1649 1023 1684 1085 et
1710 1012 1882 1104 judicabis
1919 1037 1990 1086 eum

622 1136 787 1226 acquitate
815 1129 923 1203 bonos
950 1142 984 1202 et
1010 1131 1135 1218 malas,
1167 1151 1432 1223 unumquemque
1459 1128 1639 1202 secundum
1664 1133 1794 1202 merita.
1849 1131 1989 1216 Quando

619 1247 784 1319 carbones
819 1271 891 1318 cum
926 1249 1062 1340 strepitu
1095 1244 1275 1332 ardebunt,
1309 1255 1343 1316 et
1375 1243 1504 1316 llamma
1539 1267 1626 1341 quae
1658 1269 1724 1318 uon
1757 1250 1988 1340 extinguetur:

620 1364 750 1457 qrruurlo
778 1367 1036 1435 intercessiones
1063 1384 1128 1432 uon
1153 1365 1219 1453 jam
1247 1363 1485 1454 suscipientur,
1522 1372 1555 1432 et
1589 1361 1844 1456 deprecationes
1873 1363 1988 1458 repel-

619 1479 743 1549 lcntur:
772 1479 902 1572 quaudo
930 1481 1096 1550 cruciatus
1124 1476 1250 1571 absque
1276 1477 1503 1548 misericordia
1530 1488 1690 1550 statuetru
1717 1478 1884 1551 adversus
1911 1483 1987 1549 ina·

619 1593 686 1665 lus:
728 1594 858 1688 quando
893 1596 973 1689 ipsis
1007 1598 1149 1684 gemitus
1186 1603 1219 1663 et
1258 1592 1355 1664 dolor
1387 1596 1465 1664 erit:
1502 1591 1633 1686 quaudo
1663 1597 1743 1685 justi
1779 1592 1985 1690 voluptatem

619 1707 882 1796 lraercditabunt,
909 1720 944 1780 ct
969 1713 1058 1804 impii
1084 1713 1116 1779 in
1145 1708 1298 1799 gehenna
1326 1709 1579 1802 torquebuntur:
1608 1709 1737 1801 quando
1766 1709 1900 1782 occulta
1925 1732 1986 1782 re-

619 1825 827 1908 velabuntur,
855 1837 889 1895 et
915 1848 1018 1919 opera
1045 1823 1331 1909 examinabuntur,
1362 1835 1461 1919 atque
1488 1847 1605 1897 omues
1632 1825 1781 1898 homines
1808 1830 1844 1897 in
1870 1826 1986 1898 timore

621 1954 654 2012 ct
682 1954 826 2014 tremore
853 1962 974 2031 magno
1009 1943 1199 2012 consistent.
1261 1940 1297 2009 lu
1333 1938 1395 2010 hac
1432 1939 1514 2011 hora
1546 1939 1683 2011 terribili
1710 1939 1857 2014 Domine
1890 1939 1987 2035 plene

620 2056 858 2141 misericordia,
885 2078 927 2126 ne
954 2066 1088 2127 avertas
1114 2054 1234 2126 faciem
1263 2066 1350 2126 tuam
1378 2078 1398 2124 a
1427 2055 1541 2127 uobis:
1567 2077 1634 2128 non
1654 2058 1756 2129 intres
1777 2061 1810 2128 in
1831 2056 1987 2148 judicium

619 2173 811 2261 noliacum,
841 2194 907 2243 nou
936 2173 978 2243 ad
1005 2194 1146 2243 examen
1173 2171 1320 2243 adducas
1347 2193 1428 2260 uos,
1463 2195 1505 2242 ne
1533 2171 1760 2243 confusionem
1787 2170 1987 2245 inconsola-

619 2288 717 2360 bilem
744 2287 841 2361 nobis
867 2292 1021 2361 incutias:
1057 2312 1101 2359 ue
1133 2290 1267 2379 rejicias
1301 2310 1363 2359 nos
1398 2310 1443 2359 ex
1468 2309 1607 2359 numero
1634 2310 1810 2361 serromm
1840 2299 1987 2361 tuorum:

620 2427 662 2473 no
689 2402 833 2500 repellas
860 2426 922 2475 nos
950 2404 991 2476 ab
1021 2409 1107 2476 ostio
1142 2404 1272 2475 thalami
1308 2406 1370 2473 tui:
1405 2425 1448 2474 ne
1482 2404 1574 2475 dicas
1606 2401 1718 2488 nobis,
1753 2407 1873 2476 nescio
1907 2399 1986 2478 vo's:

619 2542 662 2590 no
695 2542 849 2592 nurnercs
882 2542 945 2591 nos
977 2524 1064 2592 inter
1095 2520 1330 2592 crucifixores:
1366 2541 1409 2589 ne
1444 2523 1628 2590 cruciemur
1660 2541 1733 2589 cum
1768 2518 1834 2589 illis
1868 2523 1923 2614 qui
1955 2529 1987 2591 te

621 2658 686 2705 non
714 2647 891 2722 novemnt„
918 2658 1026 2730 neque
1053 2636 1175 2732 perdas
1202 2657 1265 2707 nos
1293 2634 1456 2707 cumillis
1485 2639 1539 2728 qni
1566 2645 1599 2705 te
1622 2655 1686 2705 non
1705 2633 1904 2708 dilexerunt
1936 2635 1987 2710 Na

621 2751 731 2822 trudas
758 2773 820 2823 nos
847 2752 1015 2848 suppliciis
1048 2751 1214 2839 timendis,
1247 2774 1314 2822 nan
1348 2754 1380 2821 in
1413 2750 1555 2822 stridore
1587 2749 1730 2821 dentium
1764 2753 1887 2823 simus:
1920 2773 1985 2824 non

621 2866 771 2957 alnrcges
798 2888 859 2938 nus
886 2890 993 2963 neque
1021 2869 1112 2940 dicas
1139 2866 1247 2953 nubis,
1275 2871 1350 2960 qnia
1379 2889 1445 2938 non
1472 2869 1552 2937 novi
1572 2887 1647 2937 vos.
1680 2847 1772 2936 Vere
1794 2870 1884 2938 euim
1897 2890 1984 2963 pec-

620 2987 784 3069 cavimus,
817 3006 925 3077 neque
957 3008 1122 3056 meremur
1149 2983 1409 3054 misericordiam
1436 2984 1596 3075 consequi
1621 3002 1682 3075 per
1707 2984 1886 3076 passiones
1914 2993 1984 3054 tuas

620 3109 771 3186 sanctas,
801 3108 834 3168 et
859 3123 921 3195 per
947 3123 1080 3171 crucem
1107 3109 1195 3171 tuam
1223 3100 1409 3172 salutarem.
1461 3098 1514 3169 Ne
1539 3096 1705 3182 ‚retribuas
1731 3095 1830 3168 nobis
1858 3120 1983 3170 secuu-

619 3215 694 3286 dnrrr
722 3237 826 3309 opera
852 3226 966 3288 nostra
990 3217 1097 3304 mala3
1124 3216 1184 3287 scd
1210 3216 1369 3286 confitere
1395 3235 1470 3300 uos,
1496 3214 1589 3284 Dens
1615 3222 1730 3284 noster
1756 3210 1925 3305 henigne,
1953 3219 1983 3286 iu

619 3332 675 3401 illo
704 3341 862 3426 tempore.
915 3331 1079 3402 Miserere
1106 3329 1220 3416 nobis,
1255 3333 1445 3401 miserator:
1479 3339 1552 3401 esto
1579 3327 1675 3401 nobis
1702 3339 1839 3400 curator
1865 3329 1983 3418 bonus,

619 3448 718 3517 Pater
746 3446 891 3518 clemens
925 3457 959 3518 ct
992 3451 1201 3519 misericors:
1234 3450 1365 3538 respice
1401 3455 1627 3540 paupertatem
1660 3455 1829 3520 nostram:
1862 3446 1980 3539 adjma

619 3562 835 3632 infirmitatem
851 3574 1012 3633 nostram:
1039 3565 1199 3657 propitius
1216 3570 1288 3633 esto
1304 3572 1338 3632 et
1357 3565 1516 3632 miserere
1532 3561 1628 3634 nobis
1645 3559 1814 3633 omnibus:
1844 3566 1980 3654 ignosce

619 3676 863 3768 peccatoribus:
892 3678 1057 3748 sanctifica
1085 3680 1306 3772 poenitentes:
1334 3676 1457 3748 dimitte
1485 3699 1570 3770 quae
1590 3681 1783 3772 insipienter
1804 3682 1979 3750 commissa

620 3802 703 3859 snut.
750 3791 879 3862 Exaudi
907 3815 1025 3887 preces
1053 3795 1164 3889 populi
1197 3796 1260 3880 tui,
1286 3795 1447 3878 Domine,
1484 3796 1598 3888 aspice
1631 3796 1773 3884 gemitus
1808 3814 1977 3866 serromm

622 3915 767 3995 tuorum,
802 3911 934 4002 suscipe
966 3908 1220 4002 deprecationes
1240 3909 1457 3981 ‘adorantium
1484 3920 1533 3995 te,
1567 3909 1745 4003 adquiesce
1770 3907 1977 4003 petitionibus

623 4020 867 4114 deprecantinm
894 4034 936 4093 tc.
989 4024 1093 4095 Salva
1119 4048 1181 4098 uos
1209 4049 1228 4095 a
1261 4047 1377 4096 verme
1412 4025 1468 4097 illo
1502 4029 1556 4119 qui
1591 4048 1658 4097 non
1690 4028 1846 4096 moritur:
1878 4025 1986 4096 libera¹

622 4159 684 4206 nos
712 4161 731 4207 a
764 4141 847 4208 mari
883 4141 1058 4213 metuendo
1095 4144 1195 4232 ignis:
1229 4144 1322 4236 eripe
1355 4164 1416 4214 nus
1450 4166 1469 4212 a
1503 4151 1609 4212 morto
1644 4141 1808 4214 sccuuda:
1840 4153 1976 4235 protege

622 4275 684 4323 nus
712 4253 772 4325 sub
801 4252 860 4325 alis
888 4256 1135 4328 misericordiae
1163 4265 1248 4328 tuae.
1283 4257 1353 4329 Fac
1379 4279 1439 4329 nos
1469 4258 1587 4349 dignos
1613 4256 1735 4348 gaudio
1762 4255 1820 4327 illo
1848 4255 1976 4328 indele-

623 4369 744 4459 ctibili‚
772 4380 804 4441 ct
829 4383 966 4467 propter
991 4372 1091 4460 haec,
1118 4373 1270 4447 Ecclesia
1297 4384 1352 4444 tua
1379 4376 1551 4468 poenitens
1579 4371 1776 4469 deprecatur
1803 4383 1836 4444 tc
1863 4385 1897 4446 et
1922 4392 1976 4468 per

623 4497 671 4564 tc„
699 4496 797 4579 atque
824 4496 930 4557 tecum
957 4487 1088 4559 Patrem
1115 4500 1222 4577 tunm,
1250 4489 1373 4561 dicens,

723 4600 882 4693 Populus.
934 4603 1105 4676 Miserere.

725 4715 906 4790 Sacerdos.
959 4719 1030 4793 Nos
1059 4743 1200 4815 quoque.

724 4834 910 4907 Diaconum.
964 4836 1069 4921 Quam
1097 4836 1240 4908 timenda
1266 4848 1318 4909 est
1342 4836 1425 4908 baec
1451 4835 1543 4907 bora.

755 5057 929 5129 Sacerdos
953 5059 1134 5129 inclinatur
1160 5059 1243 5128 dicit
1269 5059 1523 5130 invocationem
1548 5057 1698 5150 Spiritus
1722 5062 1844 5130 nancti.

725 5207 792 5279 hlei
820 5214 916 5281 etiarn
944 5213 997 5303 qui
1024 5213 1068 5281 tui
1093 5221 1207 5307 typum
1235 5235 1331 5304 gero,
1357 5221 1515 5309 peccator
1539 5211 1617 5282 licet
1642 5223 1676 5283 et
1701 5212 1867 5298 infirmus,
1893 5234 1978 5308 pro-

623 5326 720 5418 pitius
748 5335 820 5396 esto
849 5326 1133 5422 deprecationibus
1161 5337 1193 5399 ct
1219 5326 1377 5426 lacrymis
1404 5328 1560 5416 Domine,
1587 5337 1622 5399 et
1646 5330 1827 5402 universae
1851 5327 1978 5401 baere-
