5150 6534
848 997 857 1006 ἢ
961 882 1214 961 raruoxnur
1251 846 1619 960 armorommur.
1807 929 1808 932 κ
1901 879 1976 957 sm

842 1203 1019 1278 Sacerdos
1044 1204 1130 1275 dicit
1158 1203 1354 1275 Orationem
1380 1211 1460 1276 acte
1486 1205 1587 1276 Pater
1613 1211 1740 1277 noster.

586 1494 590 1498 ,
708 1408 802 1482 Dens
827 1411 928 1482 Pater
954 1408 1166 1497 abscondite,
1194 1407 1534 1504 incompreheusibilis
1550 1418 1584 1480 et
1599 1407 1904 1500 ininvestigabilis:
1922 1412 1978 1504 qui

605 1520 802 1597 sublimitate
828 1527 861 1595 in
887 1545 995 1617 regno
1021 1537 1078 1597 tuo
1105 1523 1245 1597 excelso
1265 1523 1416 1597 elevatus
1438 1545 1497 1605 es:
1523 1524 1602 1596 Rex
1618 1523 1793 1612 coelestis,
1820 1527 1875 1619 qui
1894 1524 1975 1595 lau-

605 1636 701 1712 dibus
728 1639 951 1735 spiritualibus
978 1640 1159 1713 celebraris
1187 1662 1206 1710 a
1232 1639 1323 1712 mille
1350 1651 1383 1712 et
1409 1639 1522 1712 decies
1549 1639 1637 1711 mille
1656 1637 1813 1731 Angelis:
1841 1648 1975 1736 creatur

605 1755 766 1843 omnium,
793 1765 827 1826 et
853 1754 1033 1849 dispositor
1058 1755 1262 1848 linguarum:
1299 1740 1417 1828 doctor
1443 1754 1540 1827 verbi
1567 1756 1754 1843 rationalis,
1781 1764 1815 1825 et
1853 1753 1973 1850 perie-

604 1880 679 1943 ctor
703 1892 910 1945 sermonum:
938 1875 992 1966 qui
1020 1873 1161 1967 suscipis
1193 1874 1380 1960 orationes,
1417 1870 1510 1943 audis
1544 1893 1684 1967 preces,
1719 1879 1753 1940 et
1787 1869 1973 1964 respondes

602 1985 834 2082 petitionibus:
870 1989 924 2082 qui
959 2008 1021 2082 per
1047 1985 1227 2059 bonitatem
1253 1995 1341 2060 tuam
1367 1984 1551 2058 naturalem
1584 1996 1617 2057 et
1649 1987 1973 2058 commiserationem

603 2111 773 2174 aeternam
813 2112 919 2190 tuam,
961 2103 1077 2173 misisti
1109 2101 1209 2173 lilium
1243 2112 1332 2174 tuum
1367 2105 1400 2173 in
1433 2101 1605 2174 mundum:
1646 2111 1681 2173 et
1714 2099 1872 2172 liberavit
1912 2123 1975 2172 nos

603 2227 809 2314 apeccato,
847 2226 957 2289 morte
994 2227 1028 2288 et
1052 2216 1201 2289 Satana:
1235 2239 1299 2289 nos
1334 2220 1433 2290 etiam
1474 2217 1585 2289 docuit
1616 2219 1706 2288 nam
1740 2219 1832 2289 ritae
1859 2225 1893 2287 et
1912 2236 1974 2285 se-

604 2332 701 2403 mitas
727 2325 842 2405 salutis
868 2333 1002 2429 plenas:
1029 2336 1149 2427 quique
1177 2335 1364 2404 orationem
1390 2334 1595 2405 Dominicam
1610 2330 1836 2426 promulgavit
1854 2340 1888 2403 et
1908 2330 1974 2400 de-

602 2449 803 2519 monstravit
828 2447 937 2523 nobis.
989 2448 1129 2519 Praesta
1156 2446 1253 2519 nabis
1280 2450 1443 2537 Domine,
1470 2450 1690 2535 etiamnunc,
1716 2458 1753 2519 ut
1779 2444 1820 2517 ab
1848 2433 1979 2540 iniqui-v

601 2570 672 2634 tate
696 2559 811 2653 liberi,
837 2566 1023 2659 remotique
1051 2563 1093 2635 ab
1121 2566 1209 2634 omni
1235 2563 1331 2653 dolo,
1359 2563 1435 2636 odio
1463 2574 1497 2634 et
1530 2563 1667 2642 malitia,
1702 2564 1900 2660 purgatique
1932 2562 1974 2632 ab

603 2679 694 2750 omni
719 2676 954 2766 fraudulentia,
982 2687 1016 2751 et
1041 2677 1140 2752 soluti
1167 2701 1187 2749 a
1214 2679 1349 2753 vinculo
1375 2681 1525 2775 peccati,
1559 2678 1677 2774 repleti
1711 2680 1799 2749 omni
1834 2680 1976 2774 puritate

603 2801 639 2864 et
664 2798 857 2884 sanctitate,
886 2795 1066 2867 audeamus
1093 2797 1255 2866 invocare
1283 2805 1316 2866 te
1343 2797 1451 2867 Deum
1477 2794 1612 2866 Patrem
1638 2804 1786 2867 sanctum
1810 2803 1844 2864 et
1862 2797 1976 2865 omui-

600 2916 791 3005 palentem,
818 2933 918 2983 orare
945 2919 980 2982 et
1005 2910 1135 2983 dicere:
1161 2910 1262 2982 Pater
1287 2919 1404 2983 noster
1431 2913 1486 3005 qui
1514 2930 1552 2981 es
1579 2911 1612 2980 in
1639 2910 1751 2981 coelis.

705 3023 867 3118 Papulas.
921 3023 1152 3097 Sanctificetur
1178 3048 1301 3097 nomeu
1328 3036 1434 3112 tuum,
1463 3035 1526 3097 etc.

704 3137 890 3212 Sacerdos.
942 3141 1044 3212 Pater
1070 3141 1211 3227 Sancte,
1240 3150 1274 3211 et
1300 3141 1500 3213 Sanctorum
1532 3139 1772 3228 sanctificator,
1808 3163 1976 3213 conserua

600 3273 665 3327 nos
691 3256 726 3326 in
752 3276 793 3325 ca
820 3258 1012 3344 sanctitate,
1040 3277 1126 3350 quac
1153 3278 1172 3325 a
1200 3265 1233 3326 te
1259 3255 1393 3350 prolluit
1419 3266 1453 3327 et
1478 3258 1588 3345 venit,
1625 3265 1659 3326 et
1692 3253 1798 3326 bbera
1834 3278 1897 3328 uos
1932 3256 1974 3328 ab

602 3369 756 3442 omnibus
782 3368 908 3441 insidiis
935 3378 970 3442 et
994 3374 1153 3443 versutiis
1181 3371 1446 3445 calumniatoris:
1474 3371 1568 3443 aufer
1588 3371 1723 3444 anobis
1740 3372 1975 3467 inspirationes

601 3485 752 3582 peccati,
779 3491 812 3555 at
837 3484 970 3557 vmcula
1007 3486 1231 3557 delictorum:
1252 3497 1286 3557 et
1319 3498 1461 3583 protege
1494 3508 1612 3559 seusus
1648 3495 1784 3558 nostros
1820 3484 1880 3557 sub
1914 3485 1976 3557 alis

602 3586 735 3693 gratim
761 3610 846 3672 tuae.
899 3601 1018 3693 Dirige
1045 3622 1184 3693 gressus
1211 3612 1347 3675 nostros
1373 3607 1406 3673 iu
1433 3604 1560 3675 semitis
1579 3602 1809 3673 mandatorum
1828 3612 1975 3672 tuorum:

603 3712 680 3812 quia
705 3724 794 3787 hrum
822 3725 874 3787 cst
898 3737 1058 3808 regnum,
1084 3720 1190 3790 virtus
1218 3729 1251 3789 et
1277 3717 1398 3810 gloria,
1426 3728 1458 3789 et
1486 3719 1645 3809 unigeniti
1661 3715 1717 3788 filii
1744 3720 1803 3804 tui,
1831 3725 1865 3786 et
1891 3714 1975 3809 Spi-

601 3834 686 3903 ritus
712 3833 758 3902 tui
783 3833 1006 3920 sanctissimi,
1034 3843 1097 3904 etc.

646 3967 652 3983 ¹
707 3947 869 4043 Populus.
922 3952 1042 4022 Amen.

707 4062 890 4136 Sacerdos.
945 4064 1030 4137 Pax.

629 4178 631 4181 ’
708 4178 869 4274 Populus.
921 4181 965 4253 Et
991 4203 1065 4252 cum
1093 4184 1207 4276 spiritu
1234 4192 1300 4257 tuo.

707 4285 896 4365 Diaconos.
950 4297 1049 4367 Ante.

708 4407 870 4503 Populus.
924 4408 1049 4482 Coram
1077 4422 1119 4483 te.

604 4597 606 4599 ,
709 4523 885 4596 Sacerdos
911 4526 1049 4596 eleaaas
1074 4550 1199 4598 nocem.
1252 4525 1377 4608 luobus
1404 4522 1547 4594 Domine
1574 4543 1688 4592 aurem
1715 4527 1804 4589 tumn
1828 4516 1870 4588 ad
1889 4540 1976 4612 pre·-

606 4661 664 4713 ces
691 4648 726 4710 ct
752 4643 923 4712 orationes
950 4663 1127 4713 servorum
1154 4652 1301 4728 tuorum,
1331 4642 1385 4734 qui
1412 4660 1526 4709 coram
1553 4645 1617 4725 te,
1637 4635 1702 4707 hoc
1734 4645 1886 4727 tempore
1917 4635 1976 4701 iu·
2090 4661 2092 4665 ’

605 4753 841 4828 clinantcolla
868 4778 944 4828 sua:
972 4765 1105 4828 etcum
1142 4749 1448 4853 deprecationibus,
1485 4753 1645 4847 lacrymis
1678 4760 1711 4822 et
1747 4749 1897 4843 suspiriis
1934 4746 1977 4818 ad

605 4882 640 4943 te
666 4870 816 4943 clamant.
868 4870 1014 4966 Respice
1041 4871 1117 4944 illos
1144 4884 1177 4945 et
1203 4877 1294 4944 mitte
1320 4872 1383 4944 ibis
1416 4872 1559 4943 Domine
1592 4890 1634 4941 ea
1662 4890 1747 4964 quae
1778 4874 1872 4936 recte
1906 4884 1975 4956 pe-

606 4996 690 5059 tunt:
726 5008 871 5082 asperge
905 5009 1007 5083 super
1032 4991 1101 5062 'eus
1137 4986 1320 5084 hyssopum
1354 4998 1442 5059 tuum
1468 4993 1637 5075 sanctum,
1664 4992 1698 5056 et
1730 4978 1849 5052 dealba
1884 4974 1976 5048 illos:

605 5104 698 5173 mitte
725 5122 827 5197 super
852 5099 927 5173 illos
953 5104 1093 5176 imbrem
1119 5104 1326 5191 clementiae,
1353 5105 1600 5176 miserationum
1618 5109 1652 5172 et
1678 5096 1807 5171 salutis:
1834 5100 1978 5189 protege

606 5213 701 5306 illos,
728 5224 762 5286 et
789 5213 830 5286 ab
859 5220 956 5288 omni
974 5224 1129 5311 angustia
1156 5231 1254 5315 atque
1280 5219 1466 5292 rebelboue
1492 5239 1594 5291 serva
1621 5216 1711 5287 illos:
1738 5221 1773 5284 ut
1789 5209 1879 5301 digni
1897 5208 1978 5279 liant

607 5332 822 5428 susceptione
848 5338 1084 5428 mysteriorum
1111 5346 1238 5408 tuorum
1267 5348 1456 5411 sanctorum
1483 5344 1517 5405 et
1544 5332 1800 5415 vivificantium,
1827 5336 1862 5398 ut
1887 5345 1976 5396 cou-

1696 5445 1773 5521 43*
