5150 6534
596 813 672 890 312
1098 812 1456 890 LIlUllGlb

593 1001 798 1097 Baptismum
823 1010 913 1073 tuum
939 998 1112 1072 sublimem
1139 1010 1172 1071 et
1203 995 1446 1071 admirandum:
1478 996 1711 1072 miraculorum
1743 1007 1834 1073 tram
1868 1020 1961 1096 opo-

595 1119 770 1203 rationem,
797 1114 839 1186 ad
866 1136 963 1210 quam
997 1122 1126 1187 mentes
1159 1113 1412 1211 obstupescunt:
1448 1117 1647 1210 passionem·
1673 1126 1763 1189 mam
1794 1113 1963 1212 placidam

595 1241 630 1303 ct
657 1230 850 1303 salutarem:
876 1240 1016 1303 mortem
1042 1238 1129 1302 tuam
1154 1232 1268 1302 vivam
1301 1242 1335 1302 et
1367 1229 1610 1304 vivificantem:
1636 1230 1839 1327 sepulturam
1871 1240 1963 1304 tuam
2062 1271 2064 1276 ·

595 1345 726 1443 plenam
744 1368 806 1441 spe
820 1356 854 1418 et
867 1345 988 1419 salute:
1002 1348 1232 1418 ascensionem
1245 1355 1335 1419 tuam
1348 1346 1390 1418 de
1401 1357 1491 1418 terra
1506 1349 1540 1419 in
1554 1347 1701 1420 coelum:
1716 1350 1902 1422 sessionem
1916 1343 1963 1417 ad

595 1461 769 1533 dexteram
789 1463 855 1535 Dei
877 1463 1001 1534 Patris:
1032 1460 1209 1534 adventum
1232 1461 1321 1534 tuum
1342 1484 1362 1533 o
1384 1462 1494 1544 coelo,
1511 1461 1692 1536 secundum
1713 1472 1749 1534 et
1765 1460 1963 1547 terribilem,

597 1577 727 1672 quando
749 1600 862 1650 eoram
890 1589 924 1650 te
949 1576 1082 1649 ordines
1098 1575 1239 1649 flammei
1260 1574 1403 1665 stabunt,
1420 1587 1455 1650 et
1473 1580 1676 1673 principatus
1698 1577 1888 1673 spirituales
1902 1574 1966 1650 tibi

595 1695 807 1764 ministerium
826 1690 1043 1765 exhibebunt:
1069 1715 1144 1762 oum
1170 1696 1449 1765 resurrectionem
1475 1692 1641 1766 bominum
1665 1694 1809 1765 omniurn
1832 1691 1964 1766 facies:

597 1819 630 1880 et
656 1811 689 1879 in
711 1811 837 1899 justitia
852 1810 1029 1902 unicuique
1045 1806 1224 1880 secundum
1240 1829 1343 1901 opera
1369 1830 1429 1881 sua
1452 1808 1635 1881 retribues:
1656 1831 1729 1880 cum
1751 1830 1857 1905 opera
1881 1811 1965 1901 igne

597 1924 883 2011 examinabuntur,
904 1927 1080 2018 omniaque
1091 1933 1225 1996 secreta
1244 1934 1279 1995 et
1297 1922 1426 1995 occulta
1446 1927 1479 1995 in
1499 1935 1650 2019 apertum
1669 1923 1867 2020 prodibunt:
1884 1944 1965 1996 curn

594 2041 686 2133 impii
712 2049 747 2109 et
772 2040 874 2133 iniqui
900 2036 1055 2110 tenebras
1083 2041 1283 2126 exteriores,
1315 2050 1350 2111 ct
1381 2038 1554 2111 stridorem
1589 2039 1732 2112 dantium
1765 2036 1966 2111 baeredita-

594 2151 690 2225 bmnt:
717 2152 865 2245 maligni,
891 2175 1124 2250 oppressores,
1151 2162 1185 2225 et
1209 2152 1301 2226 fores
1326 2158 1360 2226 in
1385 2158 1498 2246 ignem
1522 2154 1648 2228 foveae
1678 2153 1848 2228 interioris
1872 2177 1965 2251 pro-

592 2273 763 2362 jicientur:
789 2274 823 2341 in
849 2270 1009 2359 vincrdis,
1043 2271 1199 2358 baratro,
1233 2274 1322 2342 tinea
1357 2281 1391 2341 et
1422 2293 1538 2343 verme
1573 2274 1607 2341 in
1640 2282 1808 2343 aeternum
1842 2270 1966 2345 futuri:

593 2408 668 2457 oum
694 2389 753 2481 pii,
775 2388 856 2477 justi
882 2394 916 2457 et
941 2389 1058 2469 sancti,
1084 2389 1118 2457 in
1145 2384 1367 2458 tabernaculis
1393 2384 1469 2458 luca
1491 2384 1670 2480 splendidis
1697 2384 1903 2476 babitabant,
1931 2398 1966 2461 et

594 2506 629 2574 in
655 2505 863 2574 vestimentis
889 2504 981 2596 puris
1008 2524 1109 2596 super
1134 2499 1256 2574 nubem
1281 2501 1422 2573 lucidam
1449 2500 1668 2573 extollentur:
1704 2512 1738 2574 et
1772 2502 1814 2573 ad
1849 2501 1967 2574 thalo-

596 2640 685 2689 mum
711 2616 834 2708 gaudio
860 2616 1005 2712 plenum,
1031 2620 1065 2688 in
1092 2616 1224 2689 domum
1249 2611 1346 2709 regni
1373 2616 1562 2690 ascendent.
1614 2618 1778 2690 Miserere
1803 2616 1966 2705 Domine,

596 2734 652 2805 illa
687 2732 769 2806 bora
802 2738 1036 2807 sententiarum
1068 2732 1299 2821 ferendarum,
1335 2754 1497 2825 agnorum
1530 2734 1629 2807 ovilis
1662 2737 1726 2821 tui,
1757 2735 1814 2827 qui
1840 2735 1966 2825 signati

597 2859 674 2922 sunt
698 2872 799 2922 cruce
825 2860 880 2922 tua
907 2850 1060 2923 salutari:
1092 2860 1127 2921 et
1153 2850 1284 2945 depelle
1308 2848 1471 2921 flammam
1500 2849 1741 2945 acorporibus
1775 2853 1810 2922 in
1842 2848 1964 2943 quibos

598 2963 826 3037 absconditum
853 2977 904 3038 est
929 2988 1051 3061 corpus
1078 2976 1167 3036 tuum
1194 2978 1362 3038 sanctum:
1389 2976 1423 3037 et
1447 2964 1587 3060 prohibe
1602 2987 1750 3037 vermem
1776 2973 1812 3036 et
1837 2968 1964 3037 tineam

598 3079 640 3153 ab
676 3080 796 3153 ovibus
833 3103 918 3175 quae
958 3080 1172 3153 comederunt
1203 3092 1237 3153 te
1269 3104 1344 3152 cum
1375 3080 1458 3152 fide:
1491 3091 1633 3175 protege
1665 3084 1764 3153 etiam
1802 3100 1963 3175 corpora,

598 3219 684 3291 quae
711 3199 873 3288 sanguine
901 3208 957 3268 tuo
984 3200 1085 3268 tincta
1112 3207 1198 3285 sum,
1225 3195 1407 3270 atenebris
1435 3200 1524 3268 omni
1541 3196 1616 3269 luce
1629 3194 1830 3268 carentibus.
1862 3194 1962 3269 Con·

597 3334 699 3384 serva
727 3334 859 3406 quoque
887 3314 1040 3408 captivos
1066 3321 1143 3386 tuos
1169 3312 1358 3385 avinculis
1393 3311 1609 3407 perditionis.-
1640 3322 1675 3384 et
1707 3322 1846 3408 propter
1877 3309 1963 3383 bace

598 3438 631 3499 et
665 3427 782 3501 similia
816 3426 971 3499 Ecclesia
1002 3436 1037 3498 et
1069 3449 1158 3520 grex
1189 3423 1264 3499 tuus
1301 3428 1498 3523 deprecatur
1530 3440 1583 3516 te,
1614 3438 1649 3499 et
1682 3429 1816 3500 Patrem
1858 3437 1961 3515 mom,

598 3543 720 3615 dicens.
1828 3530 1832 3537 ’

700 3657 861 3750 Papulae.
914 3655 1086 3729 Miserere.

700 3771 882 3843 Sacerdos.
935 3772 1008 3844 Nos
1035 3795 1175 3868 quoque.

701 3887 861 3979 Populus.
914 3887 965 3959 Te
990 3888 1172 3961 laudamus.

700 4003 887 4074 Diaconos.
941 4004 1045 4089 Quam
1072 4003 1216 4076 timenda
1243 4012 1295 4075 est
1319 4001 1404 4073 baec
1430 4002 1528 4090 bora,
1562 4015 1624 4076 ete.

700 4118 873 4189 Sacerdos
907 4120 1089 4191 inclinatus
1115 4121 1199 4192 dieit
1225 4120 1479 4190 lacerationem
1503 4118 1655 4211 Spiritus
1681 4121 1802 4189 saoetr'.

699 4233 863 4305 Miserere
904 4236 1007 4307 nostri
1041 4235 1200 4317 Domine,
1236 4235 1414 4308 secundum
1447 4235 1682 4306 multitudinem
1713 4236 1963 4306 miserationum

597 4358 741 4421 tuamm:
777 4359 917 4445 peccata
944 4354 1043 4422 etiam
1070 4362 1104 4421 et
1130 4351 1248 4422 delicta
1283 4373 1369 4445 quae
1404 4352 1624 4422 commisimus
1656 4372 1770 4423 coram
1803 4359 1854 4437 te,
1887 4348 1964 4421 dele

599 4475 633 4535 et
669 4464 805 4537 munda:
842 4463 999 4558 abstergo
1035 4489 1166 4561 quoque
1207 4467 1354 4539 maculas
1391 4476 1526 4538 nostras
1559 4465 1709 4561 hyssopo
1742 4476 1815 4552 tuo,
1850 4468 1965 4537 omnia

599 4578 789 4652 dealbante:
824 4591 857 4652 et
886 4584 978 4653 mitte
1009 4605 1110 4678 super
1145 4605 1207 4655 nos
1247 4592 1281 4654 ct
1314 4603 1415 4675 super
1450 4581 1637 4655 oblationes
1670 4585 1751 4654 istas
1785 4602 1874 4675 quae
1905 4578 1968 4653 tibi

600 4696 797 4784 offeruntur,
825 4701 971 4793 spiritum
1004 4710 1092 4771 tuum
1126 4709 1292 4785 sanctum,
1326 4708 1361 4770 et
1390 4697 1462 4770 illas
1496 4696 1681 4771 sanctifica:
1715 4696 1805 4769 illum
1836 4697 1967 4798 Domi-

598 4835 676 4884 num
702 4813 943 4900 vivificantem,
971 4813 1145 4909 aequalem
1170 4813 1228 4886 tibi
1259 4816 1419 4903 essentia,
1453 4812 1578 4905 gloria,
1613 4818 1734 4886 virtute
1767 4823 1801 4885 et
1833 4811 1968 4885 volun-

597 4938 683 5019 tate,
724 4938 759 5000 et
792 4933 961 5021 unigenito
994 4930 1078 5001 Filio
1114 4941 1170 5002 tuo
1203 4932 1310 5027 ipsum
1344 4932 1399 5023 qui
1431 4929 1561 5003 locutus
1596 4939 1648 5002 est
1679 4951 1739 5026 per
1763 4927 1971 5023 Prophetas,

599 5043 884 5140 sanctificavitque
904 5046 1072 5118 efficacem
1095 5050 1322 5140 operationem
1348 5066 1441 5119 suam
1468 5050 1501 5117 in
1528 5043 1731 5142 Martyribus
1759 5054 1794 5117 et
1818 5044 1972 5121 Sanctis.

702 5160 863 5253 Popula-e.
918 5162 1029 5234 Orate.
