5150 6534
954 862 1649 953 Jnconlnnn'nnnnt
1910 870 1987 945 339

716 1064 878 1159 Populus.
931 1061 975 1135 Et
1001 1084 1076 1135 cum
1103 1063 1219 1157 spiritu
1245 1070 1314 1133 tuo.

715 1180 896 1252 Diaconos
921 1178 1007 1249 dicit
1033 1176 1253 1248 catholicam.
1307 1176 1429 1249 ltemm
1457 1186 1557 1271 atque
1583 1180 1712 1263 iterum,
1740 1184 1804 1247 etc.

612 1486 791 1560 Sacerdos
815 1488 930 1578 sipaol
955 1491 990 1556 ct
1017 1489 1153 1578 frangit
1180 1486 1356 1573 Oblatum,
1392 1492 1426 1557 et
1457 1507 1539 1556 moa
1570 1485 1657 1554 dicit
1684 1446 1882 1553 &alicuem
1907 1487 1989 1552 aute

911 1627 915 1632 ·
1174 1603 1276 1676 Pater
1303 1611 1429 1675 noster.

720 1801 815 1875 Deus
853 1799 955 1874 Pater
990 1812 1127 1890 sancte,
1172 1812 1206 1873 et
1239 1807 1294 1906 qui
1333 1806 1542 1876 sanctitatem
1579 1799 1714 1893 largiris
1746 1799 1898 1888 Sanctis:
1935 1800 1991 1894 qui

617 1920 717 1992 etiam
743 1916 956 1991 sanctificasti
992 1941 1055 1991 uos
1089 1939 1150 2013 per
1177 1921 1384 1990 sanctitatem
1411 1941 1497 2012 quae
1524 1940 1544 1989 a
1570 1925 1604 1988 te
1633 1926 1703 2003 est,
1738 1937 1800 2011 per
1829 1916 1990 2007 unigeni-

616 2046 685 2107 tum
712 2044 873 2121 sanctum,
901 2036 956 2128 qui
984 2057 1003 2104 a
1031 2044 1064 2104 to
1091 2035 1223 2126 genitus
1251 2045 1304 2105 est
1337 2034 1379 2106 ab
1408 2043 1565 2121 aeterno,
1593 2041 1627 2103 et
1653 2053 1721 2105 uon
1747 2029 1990 2126 temporaliter:

619 2151 676 2244 qni
701 2159 810 2221 tecum
837 2147 1004 2236 adoratur,
1025 2158 1066 2219 et
1092 2147 1297 2240 glorificatur
1323 2147 1582 2221 substantialiter
1609 2145 1787 2219 amillibus
1814 2156 1848 2217 et
1874 2146 1992 2217 decem

617 2260 763 2350 millibus
797 2265 1023 2357 incorporeis:
1060 2268 1115 2357 qui
1148 2262 1248 2336 bomo
1283 2264 1393 2336 lactus
1425 2274 1477 2337 est
1510 2287 1555 2335 ex
1588 2265 1751 2355 genitrice
1784 2262 1850 2332 Dei
1883 2259 1991 2333 Maria

619 2378 768 2470 conjugii
795 2360 955 2472 experta,
988 2378 1180 2452 naturaliter
1211 2390 1245 2450 et
1276 2378 1515 2475 personaliter,
1550 2376 1677 2473 absque
1704 2377 1768 2450 ulla
1795 2378 1991 2448 mutatione:

595 2496 675 2589 ,qui
709 2505 918 2567 sacramenta
952 2494 1036 2567 baec
1076 2495 1246 2568 adoranda
1287 2505 1321 2566 et
1353 2496 1490 2568 vivilica
1527 2493 1626 2566 uobis
1660 2493 1923 2582 commendavit,
1958 2499 1993 2561 et

619 2612 804 2683 orationem
829 2608 915 2682 bano
941 2621 1112 2705 paternam
1140 2611 1184 2683 ad
1210 2622 1255 2700 te,
1283 2610 1395 2684 docuit
1419 2633 1492 2683 nos.
1547 2610 1600 2681 'lu
1626 2613 1725 2702 igitur
1743 2619 1897 2703 tanquam
1917 2607 1991 2678 Pa-

618 2734 673 2795 ter
697 2723 837 2796 liliorum
870 2748 1004 2816 amans,
1038 2738 1173 2821 praesta
1206 2726 1305 2798 nobis
1338 2737 1373 2798 ut
1408 2729 1510 2798 simus
1546 2723 1604 2797 tibi
1636 2724 1709 2811 libi,
1744 2723 1834 2815 digni
1860 2727 1992 2796 nomine

618 2846 678 2912 tuo
705 2850 838 2914 sancto:
865 2840 921 2913 lilii
947 2840 1089 2937 perlecti
1116 2841 1334 2938 adimplentes
1362 2842 1568 2913 voluntatem
1595 2851 1681 2912 tuam
1710 2849 1744 2910 et
1770 2838 1992 2912 observantes

620 2965 802 3050 praecepta
829 2966 900 3029 tua:
929 2966 963 3028 ut
990 2980 1065 3029 cum
1091 2957 1233 3030 revelati
1267 2956 1379 3029 vultus
1405 2957 1524 3029 fiducia
1551 2956 1656 3051 quabs
1682 2956 1767 3030 lilios
1796 2955 1908 3043 docet,
1935 2957 1992 3027 in-

621 3089 784 3142 vocemus
816 3080 868 3161 te,
903 3073 996 3144 Deus
1032 3071 1133 3144 Pater
1168 3070 1325 3145 coelestis
1359 3081 1393 3144 et
1425 3082 1560 3164 sancte,
1596 3094 1728 3144 oremus
1762 3081 1796 3143 et
1828 3072 1992 3144 dicamus:

619 3185 723 3257 Pater
748 3195 864 3258 noster
891 3192 946 3281 qui
973 3210 1010 3259 es
1039 3191 1071 3259 in
1098 3188 1214 3261 coelis.

725 3300 888 3395 Populos.
942 3301 1193 3393 Sanctificetur,
1222 3315 1284 3377 eto.

726 3415 911 3490 Sacerdos.
963 3415 1064 3490 Pater
1090 3429 1216 3508 sancte,
1244 3423 1300 3515 qui
1329 3420 1420 3493 bona
1446 3420 1619 3492 voluntate
1645 3429 1700 3491 tua
1730 3428 1762 3489 at
1787 3440 1850 3513 per
1876 3415 1994 3488 Filium

621 3530 806 3605 naturalem
833 3543 923 3604 tuum
948 3532 1088 3626 largitus
1115 3556 1153 3605 es
1180 3536 1291 3624 nobis,
1317 3546 1353 3606 ut
1378 3534 1434 3607 lilii
1461 3538 1507 3606 tui
1533 3557 1735 3607 vocaremur
1764 3536 1992 3629 pergratiam

623 3658 730 3719 tuam:
762 3648 888 3720 idcirco
917 3647 1135 3743 deprecamur
1162 3660 1195 3722 te
1227 3659 1263 3722 ut
1289 3649 1408 3743 dignos
1436 3651 1557 3723 efficias
1584 3673 1647 3722 nos
1675 3671 1792 3722 omnes
1819 3653 1994 3721 sanctitate

622 3766 764 3836 nominis
799 3767 845 3836 tui
878 3774 911 3835 et
942 3785 1050 3856 regno
1085 3774 1140 3835 tuo
1175 3775 1334 3853 aeterno,
1367 3765 1632 3861 bberationeque
1668 3765 1881 3863 amangus,
1914 3773 1994 3837 eta

623 3878 860 3951 tentationibus
886 3880 1061 3971 gravibus,
1089 3884 1164 3975 quia
1193 3892 1280 3952 tuum
1309 3892 1362 3954 est
1388 3905 1527 3975 regnum
1554 3892 1588 3954 et
1615 3881 1834 3968 excellentia,
1865 3873 1900 3951 ”et
1925 3904 1995 3975 po-

623 3997 725 4067 tentia
759 4004 793 4065 et
831 3994 920 4082 laus,
954 4005 989 4066 ut
1023 3998 1120 4066 etiam
1162 4000 1319 4089 unigeniti
1354 3999 1429 4070 Filii
1465 4003 1526 4088 tui,
1567 4009 1601 4071 et
1634 3999 1777 4094 Spiritus
1810 4000 1857 4068 tui
1890 3997 1997 4066 sancti

622 4130 722 4200 nunc,
750 4120 813 4181 etc.

728 4224 890 4318 Populos.
944 4226 1064 4297 Amen.

729 4339 913 4411 Sacerdos.
967 4338 1050 4411 Pax.

730 4454 891 4548 Populus.
946 4454 1091 4529 Etcum
1118 4459 1231 4552 spiritu
1258 4468 1325 4529 tuo.

731 4569 918 4642 Diaconos.
973 4569 1096 4643 Coram
1124 4571 1268 4644 Domino
1296 4584 1359 4645 eto.
1409 4662 1413 4665 η

731 4685 892 4779 Populus.
947 4685 1071 4759 Coram
1097 4699 1140 4760 te.
2018 4761 2024 4780 .,

731 4798 915 4872 Sacerdos.
970 4802 1094 4876 Coram
1127 4807 1274 4899 potentia
1310 4807 1492 4897 majestatis
1527 4814 1604 4877 tuae
1636 4804 1780 4876 Domine
1806 4802 1999 4875 incbnamus
2059 4873 2062 4880 .

626 4915 716 4987 eolla
742 4926 871 5005 nostra,
899 4927 933 4988 et
959 4939 1033 4990 cum
1059 4920 1218 5015 lacrymis
1246 4921 1464 5014 suspiriisque
1496 4918 1715 5014 deprecamur
1740 4927 1791 5005 te,
1818 4928 1853 4989 ut
1879 4918 2000 5010 dignos

627 5030 751 5103 efficias
778 5053 841 5105 nos
869 5037 1081 5128 susceptione
1108 5038 1343 5130 mysteriorum
1370 5037 1507 5106 istorum
1535 5042 1737 5124 sanctorum,
1764 5043 1799 5105 et
1818 5035 2001 5107 vivifican-

628 5148 722 5237 tium,
748 5151 901 5243 corporis
928 5158 961 5219 et
987 5153 1157 5243 sanguinis
1191 5153 1353 5244 unigeniti
1385 5149 1460 5222 Filii
1487 5153 1550 5238 tui,
1577 5160 1611 5221 et
1638 5152 1703 5221 sint
1730 5148 1773 5221 ad
1805 5146 1904 5221 nobis
1931 5170 2001 5218 ex-

628 5264 810 5358 piationem
838 5263 1048 5356 delictorum,
1082 5270 1314 5341 remissionom
1348 5275 1584 5363 peccatorum,
1617 5274 1651 5337 et
1681 5267 1785 5337 utam
1813 5275 2001 5337 aeternam:

676 5400 801 5446 Temseu.
1744 5382 1796 5456 46
