5150 6534
461 1023 500 1077 Do
515 1023 686 1094 Liturgiarum
702 1027 754 1092 Sy-

443 1111 569 1163 riacarmn
585 1127 679 1181 magno
702 1128 754 1165 nn-

443 1210 522 1248 mero·

767 823 802 895 X
1194 824 1700 904 DISSIIRTA'IIO

871 1009 946 1082 XV.
997 1011 1164 1108 Exposito
1191 1010 1321 1083 illarum
1348 1011 1564 1107 Syriacarum
1590 1012 1815 1106 liturgiarum
1840 1037 1999 1102 numero,
2027 1021 2137 1090 statim

766 1131 942 1224 unicuique
976 1131 1179 1199 inmeritam
1214 1129 1345 1213 veniet,
1382 1149 1447 1219 qua
1477 1131 1609 1199 ratione
1641 1127 1762 1200 factum
1798 1133 1858 1219 sit,
1892 1140 1928 1201 ut
1962 1139 2011 1201 tot
2050 1132 2138 1225 apud

765 1244 875 1341 Syros
900 1242 1074 1315 Jacobitas
1091 1251 1224 1332 extent,
1251 1264 1327 1313 cum
1341 1241 1534 1314 Nestoriani
1548 1252 1618 1315 tres
1636 1243 1812 1316 admodum
1827 1242 1987 1317 habeant:
2014 1245 2136 1341 Gopti-

764 1369 819 1431 tae
846 1363 901 1453 qui
928 1361 1025 1429 etiam
1053 1356 1229 1429 Jacobitas
1256 1366 1349 1446 sunt,
1375 1380 1444 1429 non
1469 1356 1599 1451 plures:
1627 1361 1691 1430 etsi
1709 1358 1933 1453 Aethiopicae
1960 1359 2136 1433 duodecim

762 1484 985 1545 numerentur.
1038 1471 1144 1562 Hujus
1169 1471 1394 1563 LiturgIarum
1421 1476 1501 1543 tanti
1528 1475 1655 1544 numeri
1682 1475 1768 1544 ratio
1794 1474 1889 1544 reddi
1908 1474 1997 1545 nulla
2012 1486 2136 1570 potest,

762 1593 827 1660 nisi
854 1612 900 1660 ex
926 1590 1136 1679 conjecturis.
1189 1586 1265 1657 Nou
1293 1589 1379 1656 enim
1407 1609 1453 1659 ex
1479 1590 1588 1677 gentis
1615 1591 1735 1678 genio,
1763 1588 1997 1684 scribendique
2029 1595 2136 1685 patria

762 1704 876 1795 lingua
902 1701 1079 1791 facilitate,
1106 1712 1204 1772 natae
1232 1712 1307 1773 sunt
1340 1711 1389 1773 tot
1421 1702 1578 1774 diversae
1612 1701 1803 1794 Litargiae,
1836 1726 1911 1774 cum
1943 1702 2136 1776 Nestoriani

762 1819 842 1915 Syri
868 1829 1000 1905 essent,
1035 1827 1068 1888 et
1093 1817 1228 1908 linguae
1263 1839 1346 1888 suae
1378 1816 1628 1889 studiosissimi:
1672 1839 1781 1910 neque
1818 1817 2005 1890 0rthodoxi
2038 1819 2136 1892 aliam

525 1930 527 1941 Ι
611 2034 615 2045 ,
660 1929 662 1933 ⁴
764 1957 862 2028 ‘luam
888 1931 1007 2004 limbi
1033 1931 1217 2022 Lburgiam
1243 1932 1419 2003 rideantur
1444 1936 1636 2024 agnovisse.
1689 1932 1780 2005 Solis
1806 1933 1840 2003 id
1856 1932 2018 2005 Jacobitis
2046 1957 2136 2007 con-

460 2510 550 2564 lacobi
563 2512 678 2581 Liturgia
696 2514 752 2580 pri-

443 2612 484 2649 ma
500 2606 527 2649 et
539 2602 678 2666 praecipua
688 2607 734 2654 est.

763 2049 856 2139 tigit,
895 2058 931 2119 ut
963 2058 1013 2120 tot
1047 2048 1202 2119 diversas
1240 2045 1410 2119 haberent
1469 2047 1604 2119 Illarum
1636 2070 1739 2142 porro
1776 2050 2000 2140 antiquitatem
2035 2054 2135 2122 certis

764 2166 967 2253 argumentis
995 2163 1228 2234 demonstrare
1253 2160 1354 2233 facile
1379 2184 1448 2234 non
1475 2173 1546 2251 est,
1574 2185 1649 2233 cum
1676 2162 1800 2247 Critica
1833 2166 1932 2234 etiam
1963 2168 1997 2233 in
2033 2164 2135 2236 rebus

762 2275 1010 2349 Ecclesiasticis
1038 2277 1129 2372 apud
1153 2276 1341 2348 Orientales
1367 2280 1483 2368 ignota
1510 2280 1561 2349 sit
1616 2277 1703 2363 Quid
1729 2277 1771 2347 de
1798 2277 1936 2369 singulis
1968 2278 2135 2374 probabi-

757 2390 839 2463 liter
862 2392 1075 2484 judicandum
1099 2392 1272 2481 videatur,
1290 2395 1414 2488 paucis
1442 2390 1692 2487 explicabimus.

867 2508 958 2579 XVI.
1014 2506 1134 2580 Jacobi
1161 2506 1292 2602 quidem
1318 2506 1501 2599 Liturgiam
1529 2530 1646 2578 omnes
1673 2518 1708 2578 ut
1733 2512 1992 2580 vetustissimam
2020 2532 2135 2600 agno-

764 2633 874 2710 scunt,
902 2634 937 2695 et
962 2646 1035 2695 eam
1061 2628 1095 2694 in
1122 2622 1306 2694 coenaculo
1332 2622 1415 2693 Sion
1452 2622 1493 2694 ab
1529 2621 1697 2717 Apostolo
1733 2626 1809 2716 ipso
1840 2627 1997 2717 scriptam
2031 2624 2136 2698 fuisse

764 2741 948 2810 communis
975 2738 1107 2809 traditio
1135 2748 1199 2823 est,
1229 2759 1328 2830 quam
1354 2735 1474 2824 refert,
1501 2747 1538 2808 ut
1564 2737 1652 2833 apud
1679 2759 1759 2809 suos
1786 2748 1966 2832 receptam,
1993 2741 2134 2835 Diony-

764 2857 833 2925 sius
859 2852 1031 2925 Barsahbi.
1084 2852 1136 2924 Ea
1163 2852 1290 2924 scilicet
1317 2853 1478 2952 ollerendi
1504 2853 1659 2925 sacrificii
1684 2852 1901 2925 Eucharistici
1928 2853 2037 2925 forma
2063 2855 2134 2942 luit,

765 2991 864 3062 quam
891 2967 1057 3041 'Ecclesia
1100 2965 1405 3063 Hierosolymitana
1442 2971 1618 3063 antiquitus
1659 2972 1776 3039 tenuit:
1812 2969 1925 3041 similis
1961 2972 1994 3038 in
2026 2969 2136 3043 multis

765 3081 933 3170 Graecae,
963 3106 1049 3177 quae
1075 3094 1168 3155 extat
1194 3082 1255 3155 sub
1283 3083 1403 3155 eodem
1431 3083 1541 3172 titulo,
1567 3093 1603 3154 ut
1628 3081 1685 3154 vel
1711 3083 1767 3152 ille
1789 3082 2135 3177 solnsDiptychorum

763 3198 858 3271 locus
886 3199 1059 3289 significat,
1087 3198 1143 3270 ubi
1171 3207 1286 3269 oratur
1312 3220 1374 3293 pro
1391 3208 1506 3269 sancta
1519 3198 1602 3269 Sion
1621 3195 1850 3269 Ecclesimum
1864 3199 2008 3268 omnium
2021 3207 2135 3269 matre.

867 3314 972 3385 XVII.
1026 3313 1125 3384 Aliae
1150 3316 1235 3384 inter
1269 3312 1342 3383 illas
1371 3335 1453 3404 quas
1488 3314 1774 3399 enumeravimus,
1808 3314 1958 3402 augustis
1984 3320 2136 3384 veterum

765 3439 955 3499 sanctorum
981 3427 1168 3499 nominibus
1193 3430 1390 3516 insignitae,
1417 3422 1581 3495 Melchitis
1609 3435 1763 3519 quantum
1800 3425 1938 3520 adipisci
1971 3432 2135 3520 potuimus

764 3545 902 3632 ignotae
929 3552 1025 3630 sunt,
1060 3551 1094 3610 et
1119 3540 1279 3613 Jacobitis
1315 3543 1481 3635 propriae.
1541 3541 1781 3635 Apostolorum
1816 3541 2007 3630 duodecim,
2033 3542 2136 3631 Petri,

764 3655 887 3744 Marci,
913 3655 1046 3744 Lucae,
1073 3655 1212 3727 Ioannis
1238 3653 1495 3746 Evangelistae,
1524 3654 1729 3749 aliorumque
1745 3655 2016 3749 Apostolicorum
2034 3660 2136 3728 viro-

762 3792 856 3859 rum,
883 3774 946 3842 etsi
973 3768 1014 3840 ab
1041 3769 1105 3841 illis
1133 3774 1277 3864 scriptae
1305 3770 1369 3841 dici
1400 3792 1468 3842 non
1502 3774 1648 3866 possint,
1677 3781 1785 3842 tamen
1812 3773 2040 3866 supposititiae
2067 3795 2136 3844 non

764 3898 858 3977 sunt,
890 3909 964 3957 cum
997 3890 1031 3957 in
1067 3888 1206 3979 antiquis
1239 3884 1488 3981 exemplaribus
1527 3887 1634 3958 multis
1670 3890 1888 3980 reperiantur.
1941 3885 2011 3956 Sed
2050 3910 2135 3980 quos

763 4001 841 4073 illae
868 4012 1002 4073 autores
1029 3999 1220 4087 habuerint,
1249 4012 1305 4072 aut
1330 4001 1461 4094 quando
1490 4005 1633 4095 scriptae
1660 4000 1798 4091 fuerint,
1831 4000 1954 4072 frustra
1986 4023 2136 4093 quaere-

762 4128 872 4207 retur,
899 4140 973 4188 cum
999 4138 1063 4186 nec
1090 4139 1136 4187 ex
1163 4116 1236 4188 aliis
1264 4115 1403 4188 Graecis
1431 4138 1617 4210 expressae
1643 4120 1726 4207 sint,
1759 4138 1822 4186 nec
1849 4126 2076 4205 agnoscantur
2102 4121 2137 4187 in

764 4232 835 4304 aliis
862 4232 1055 4303 Jacobiticis
1082 4226 1263 4320 Ecclesiis3
1296 4242 1352 4302 aut
1384 4236 1413 4304 si
1447 4230 1626 4302 nonnullae
1666 4230 1784 4302 iisdem
1818 4228 2006 4301 nominihus
2038 4228 2135 4301 desi-

763 4357 924 4435 gnantur,
963 4356 999 4417 ut
1038 4346 1125 4449 apud
1166 4346 1368 4440 AethIopes,
1413 4346 1553 4417 Ioannis
1598 4341 1848 4440 chrysostomi,
1889 4346 2061 4430 Dioscori,
2103 4356 2137 4414 et

764 4460 925 4553 quaedam
954 4459 1056 4546 aliae,
1090 4460 1164 4531 illas
1191 4464 1272 4531 ritus
1300 4482 1377 4532 esse
1411 4460 1555 4550 diversi,
1590 4459 1809 4533 Alexandrini
1846 4460 1991 4548 scilicet,
2026 4464 2136 4532 statim

764 4578 965 4665 agnoscitur.

867 4690 987 4761 XVIII.
1041 4688 1231 4783 Sequuntur
1264 4690 1351 4762 aliae
1391 4695 1521 4782 magnis
1556 4713 1689 4785 quoque
1726 4692 1827 4766 titulis
1869 4696 2066 4788 inscriptae,
2101 4701 2137 4761 ut

764 4803 945 4878 Clementis
972 4803 1133 4892 Romani,
1160 4805 1278 4900 Xysti,
1306 4802 1397 4893 Iulii,
1430 4807 1550 4897 Ignatii
1582 4805 1801 4897 Antiocheni,
1833 4810 1989 4903 Dionysii
2021 4805 2135 4878 Athe-

762 4924 904 5007 niensis,
933 4920 1110 5014 dequibus
1137 4919 1223 4991 idem
1248 4919 1391 5012 judicari
1418 4919 1532 4993 debet:
1559 4944 1628 4994 non
1655 4945 1733 4996 esse
1759 4923 1833 4995 Illas
1860 4922 1987 4994 scilicet
2005 4922 2046 4994 ab
2067 4944 2134 4993 eo-

762 5058 854 5126 rnm,
891 5058 1029 5130 quorum
1071 5034 1259 5107 nominibus
1298 5036 1524 5132 appellantur,
1557 5060 1672 5109 manu:
1709 5058 1788 5110 esse
1823 5048 1935 5108 tamen
1971 5039 2135 5129 antiquas,

763 5153 809 5220 ita
834 5158 871 5220 ut
898 5173 1012 5223 earum
1039 5152 1138 5242 origo
1172 5153 1256 5221 inter
1288 5150 1460 5224 Jacobitas
1495 5154 1686 5248 quaerenda
1722 5155 1783 5241 sit,
1816 5176 1890 5224 cum
1925 5151 2065 5223 Graecis
2101 5163 2136 5223 et

764 5262 838 5336 ahis
865 5261 1028 5342 Ecclesiis
1056 5269 1193 5359 ignotae
1220 5268 1301 5340 sint:
1327 5290 1437 5364 neque
1464 5290 1542 5343 esse
1569 5270 1814 5366 supposititias,
1849 5272 1925 5362 quia
1959 5277 2075 5339 extant
2101 5270 2136 5338 in
