5150 6534
603 823 681 897 ceo
851 902 858 939 Ι
1097 820 1459 899 urnunorl

602 1031 710 1081 meum
737 1009 875 1082 calicem
902 1007 1036 1097 salutis,
1063 1006 1183 1081 delicta
1209 1006 1295 1080 illius
1323 1010 1434 1082 omnia
1460 1008 1629 1099 dimittam,
1662 1018 1696 1081 et
1731 1021 1874 1106 peccata
1907 1015 1981 1105 ejus

603 1125 743 1214 delebo,
778 1125 820 1197 ad
846 1147 985 1218 regumn
1012 1122 1103 1197 illum
1130 1123 1283 1215 vocabo,
1318 1134 1352 1197 et
1381 1123 1480 1198 bonis
1512 1128 1595 1198 meis
1630 1124 1756 1221 perfrui
1786 1126 1840 1200 illi
1874 1128 1981 1203 dabo:

601 1244 676 1338 ipse
702 1264 763 1339 per
789 1245 931 1335 gratiam
959 1262 1053 1314 suam
1079 1239 1256 1314 benedicat
1279 1262 1357 1328 vos,
1384 1250 1419 1313 et
1437 1242 1577 1314 seminet
1595 1241 1865 1337 tranquillitatem
1883 1266 1981 1318 suam

598 1360 632 1429 in
659 1357 781 1430 vobis:
808 1381 829 1430 a
854 1361 1023 1454 pressuris
1048 1379 1115 1431 vos
1138 1357 1272 1445 liberet,
1300 1366 1334 1430 et
1358 1380 1379 1428 a
1407 1354 1574 1430 scandalis
1600 1356 1709 1430 sdvet
1737 1380 1816 1432 vos.
1858 1361 1979 1434 Beue-

603 1475 691 1547 dioat
723 1472 848 1546 fructus
882 1485 994 1547 terrae
1025 1482 1180 1561 vestrae,
1213 1471 1391 1546 benedicat
1422 1472 1550 1546 irucbm
1581 1471 1738 1551 athenam
1769 1484 1979 1565 vestrarum,

602 1574 832 1662 benedicendo
858 1589 1053 1686 multiplicet
1077 1591 1316 1686 possessiones
1342 1599 1493 1681 vestras:
1527 1599 1561 1660 et
1590 1588 1764 1664 benedicat
1790 1614 1855 1687 por
1882 1596 1979 1665 cari-

601 1714 701 1777 tatem
729 1727 822 1778 suam
849 1708 952 1778 vitam
978 1715 1139 1780 vestram.
1191 1705 1284 1779 Deus
1311 1703 1452 1778 hominis
1477 1707 1657 1796 Dominus,
1688 1705 1871 1782 benedicat
1896 1712 1978 1780 uui·

601 1843 737 1893 versam
772 1820 857 1894 banc
892 1824 1209 1915 congregationem:
1244 1822 1366 1917 detque
1397 1819 1620 1894 fortitudinem
1651 1821 1802 1912 infirmo,
1834 1824 1865 1894 is
1903 1824 1978 1919 ipse

602 1940 658 2031 qui
683 1936 869 2009 firmitatem
895 1947 1044 2034 praestat
1070 1937 1112 2012 ab
1139 1940 1232 2009 initio
1257 1960 1321 2033 per
1347 1940 1476 2029 signum
1498 1934 1619 2011 Christi
1635 1949 1670 2014 et
1689 1939 1873 2014 Simeonis.
1901 1938 1978 2012 Be·

600 2051 774 2124 nedicatur
800 2052 900 2125 sedes
921 2051 1084 2127 Catholici
1097 2054 1230 2127 Domini
1253 2052 1295 2126 N.
1314 2063 1348 2125 et
1371 2056 1495 2144 iustitia
1521 2055 1624 2126 inea
1651 2054 1837 2151 splendeat
1873 2054 1978 2126 Pater

599 2168 719 2263 plenus
745 2165 924 2260 dignitate.
957 2170 1079 2241 Pastor
1103 2178 1139 2240 et
1163 2153 1326 2242 Dominus
1353 2171 1469 2261 gregis
1495 2168 1537 2240 D.
1572 2168 1614 2241 N.
1645 2170 1762 2267 plenus
1796 2170 1977 2259 modestia,

600 2284 806 2357 custodiatur
832 2307 852 2356 a
878 2282 1011 2357 malitia.
1065 2284 1205 2358 Custodi
1230 2284 1435 2357 Sacerdotes
1462 2294 1617 2373 sanctos,
1653 2283 1806 2358 Clerioos
1840 2296 1878 2359 et
1905 2285 1977 2358 bli-

600 2402 735 2485 nistros,
761 2410 1023 2494 praeserventur
1050 2424 1069 2472 a
1098 2399 1375 2489 contentionibus,
1402 2423 1422 2471 a
1448 2400 1644 2488 daemoniis,
1670 2411 1704 2472 et
1720 2400 1763 2473 ab
1785 2400 1976 2475 hominibus

601 2514 764 2607 malignis.
789 2516 946 2611 Antiquis
976 2516 1102 2588 diemm
1130 2515 1266 2589 senibus
1302 2519 1425 2588 canitie
1457 2515 1658 2588 venerandis
1692 2528 1843 2612 praestet
1878 2519 1976 2591 finem

599 2632 736 2718 bonum,
763 2640 797 2701 et
821 2642 925 2703 vocet
950 2632 1025 2704 illos
1053 2632 1096 2704 ad
1122 2654 1271 2724 regnum.
1313 2634 1436 2704 Aetate
1461 2629 1598 2704 doridos
1630 2634 1725 2703 viros
1756 2637 1814 2728 qui
1851 2635 1975 2708 adole-

601 2750 728 2819 scentia
756 2745 861 2817 adhuc
886 2750 1016 2840 vigent,
1043 2758 1166 2841 augeat
1193 2746 1390 2842 splendore,
1427 2757 1461 2819 et
1487 2749 1702 2843 temperantia
1727 2746 1804 2821 illos
1830 2750 1974 2846 repleat.

599 2862 727 2935 Natura
754 2861 941 2935 imbecillae
966 2864 1142 2952 mulieres,
1167 2865 1326 2956 ‘virgines
1353 2873 1387 2935 et
1412 2874 1533 2959 nuptae
1568 2874 1832 2958 praeserventur
1866 2889 1888 2936 a
1920 2865 1974 2937 la-

600 2977 728 3075 psibus,
756 3001 776 3050 a
802 2978 942 3073 laqueis,
971 2990 1005 3052 et
1031 3005 1052 3054 a
1077 2976 1236 3076 peccatis.
1273 2977 1345 3051 Eos
1372 2982 1471 3052 etiam
1499 2982 1554 3075 qui
1580 2979 1666 3076 apud
1691 3002 1754 3052 nos
1782 2990 1863 3052 suut
1887 2981 1974 3052 alie-

599 3097 753 3186 nigenas,
781 3104 816 3166 et
841 3118 861 3166 a
886 3100 1031 3191 propriis
1059 3094 1231 3169 domiciliis
1257 3096 1361 3188 louge
1387 3099 1486 3192 positi
1512 3105 1598 3185 sunt,
1624 3095 1703 3169 Rex
1715 3106 1858 3168 aeterne
1872 3097 1974 3169 reduc

600 3210 643 3281 ad
671 3213 789 3283 suain
823 3234 918 3307 pace.
970 3213 1034 3299 Qui
1068 3213 1164 3284 sedet
1195 3215 1230 3284 in
1263 3212 1360 3284 coelo
1396 3211 1556 3285 Dominus
1588 3211 1644 3283 det
1675 3210 1773 3285 nobis
1805 3211 1973 3307 placidam

600 3326 880 3422 tranquillitatem,
906 3336 940 3399 et
964 3349 1084 3423 pacem
1110 3325 1232 3400 bonam
1260 3337 1295 3398 et
1320 3349 1472 3415 suavem,
1499 3335 1535 3399 ut
1551 3326 1713 3400 laetemur
1728 3328 1784 3401 die
1800 3351 1846 3400 ao
1863 3339 1972 3401 nocte.

600 3442 773 3514 Concedat
798 3442 897 3516 vobis
924 3454 1075 3539 tempora
1098 3446 1220 3537 quieta,
1248 3445 1386 3538 sitisque
1402 3447 1434 3514 iu
1457 3452 1649 3539 perpetuum
1675 3445 1882 3532 exultantes,
1907 3466 1973 3515 non

600 3558 730 3644 turbati,
759 3568 815 3629 aut
841 3561 973 3650 agitati,
1008 3559 1069 3630 sed
1103 3562 1136 3629 in
1172 3562 1308 3630 caritate
1334 3559 1529 3655 gaudentes.
1588 3559 1651 3630 Hic
1682 3559 1789 3634 festus
1823 3562 1899 3634 dies
1931 3565 1973 3633 sit

599 3674 699 3745 vobis
733 3672 861 3761 hilaris,
896 3673 1019 3769 popule
1054 3673 1200 3749 humilis:
1235 3673 1397 3746 Dominus
1433 3678 1476 3748 sit
1510 3685 1702 3771 protector,
1736 3684 1771 3747 et
1804 3675 1972 3752 tonorum

473 3795 476 3800 ’
598 3791 794 3884 promissor.
866 3788 996 3884 Quique
1035 3794 1233 3882 congregati
1268 3794 1349 3863 estis
1389 3790 1487 3863 bodie
1527 3790 1570 3861 ad
1608 3788 1847 3863 celebrandam
1889 3793 1971 3865 hanc

598 3902 818 3988 oblationem;
864 3928 948 3977 crux
983 3904 1089 3998 Regis
1130 3906 1252 3979 Christi
1287 3911 1361 4001 ipsa
1394 3912 1437 3979 sit
1470 3919 1583 3979 custos
1616 3916 1760 3988 vester.
1800 3908 1971 4003 Suscipiat

501 4084 503 4088 .
597 4022 760 4093 Dominus
788 4021 989 4094 oblationem
1019 4032 1186 4111 vestram,
1213 4025 1376 4095 sacrificia
1402 4035 1530 4112 vestra,
1557 4034 1591 4094 et
1617 4027 1787 4096 orationes
1816 4037 1970 4111 vestras3

598 4147 632 4208 et
659 4135 850 4230 adquiescat
876 4140 983 4207 anima
1020 4142 1092 4232 ejus
1120 4138 1346 4235 eleemosynis
1374 4144 1509 4228 vestris,
1537 4148 1570 4211 et
1596 4137 1755 4211 ascendat
1780 4162 1899 4213 coram
1927 4163 1970 4213 co

597 4252 790 4347 deprecatio
824 4264 948 4328 vestra.
1018 4255 1193 4327 Gloriosus
1233 4258 1266 4326 in
1301 4266 1399 4328 coetu
1434 4256 1630 4328 Sanctorum
1670 4255 1711 4326 D.
1743 4253 1786 4326 N.
1824 4257 1969 4328 Sanctus

596 4378 778 4439 conservet
804 4390 869 4440 vos
896 4366 937 4439 ab
966 4368 1111 4442 adversa
1144 4368 1287 4458 fortuna,
1315 4393 1335 4442 a
1362 4370 1577 4443 daemonibus
1612 4381 1647 4442 et
1677 4370 1868 4445 homiuibus
1901 4396 1970 4445 uc-

596 4505 710 4575 quam:
739 4484 822 4555 Oret
847 4488 945 4556 etiam
961 4507 1023 4578 pro
1040 4488 1307 4578 congregatione
1324 4488 1387 4558 ista
1401 4486 1540 4574 infirma,
1566 4508 1715 4581 paupere
1741 4498 1776 4560 et
1803 4488 1970 4586 improba,

531 4596 535 4603 '
573 4596 831 4693 ‘discipulorum
857 4609 967 4671 tamen
993 4599 1080 4673 illius
1114 4596 1231 4686 sancti,
1257 4612 1294 4671 ut
1327 4611 1587 4696 praeserventur
1621 4601 1663 4673 ab
1699 4607 1790 4676 omni
1827 4616 1971 4700 pertur-

593 4711 739 4784 batione.
791 4713 841 4785 llli
869 4735 1002 4810 quoque
1029 4718 1084 4826 qqi
1115 4714 1256 4789 honeste
1281 4717 1538 4805 laboraverunt,
1571 4728 1605 4789 et
1630 4723 1663 4810 iu
1689 4717 1907 4815 perfectione
1934 4745 1973 4794 se

594 4842 819 4902 exercuerunt
843 4834 877 4902 in
910 4831 974 4905 boc
1006 4830 1141 4922 mundo,
1168 4837 1202 4905 in
1228 4836 1352 4928 pietate
1378 4846 1619 4907 conserventur
1645 4858 1664 4906 a
1692 4834 1837 4909 malitia:
1872 4837 1974 4925 nuuc,

594 4952 628 5013 et
655 4942 914 5041 quibuscumque
939 4948 1164 5044 temporibus,
1201 4949 1320 5023 diebus
1354 4962 1388 5023 et
1418 4949 1590 5040 noctibus,
1622 4972 1728 5046 usque
1760 4954 1798 5025 in
1836 4954 1976 5027 saecuda

579 5057 812 5133 saeculorum.
