5150 6534
599 828 673 903 358
1097 831 1457 910 eironeia

596 1016 689 1087 lecti:
716 1015 790 1088 Filii
817 1020 862 1088 tui
889 1019 1038 1112 aequalis
1065 1015 1124 1089 tibi
1150 1020 1327 1111 unigeniti,
1354 1022 1408 1115 qui
1436 1030 1487 1092 εει
1513 1018 1627 1093 similis
1653 1017 1733 1109 tibi,
1759 1028 1794 1090 ει
1819 1041 1962 1115 persona

596 1153 643 1203 ex
679 1131 861 1206 substantia
895 1143 966 1206 tua:
999 1133 1103 1205 Filios
1136 1134 1336 1230 ‘praeclarus
1372 1137 1554 1227 majestatis
1594 1144 1688 1208 tuae:
1729 1137 1844 1208 oriens
1880 1136 1961 1209 lucia

595 1257 690 1335 tuae,
718 1259 752 1319 ει
777 1247 933 1343 splendor
959 1253 1046 1341 ignis
1073 1252 1137 1336 tui,
1164 1272 1303 1342 germen
1331 1249 1461 1343 gloriae
1487 1260 1581 1338 tuae,
1608 1261 1642 1323 et
1666 1252 1777 1344 imago
1801 1249 1962 1324 substan-

595 1367 662 1435 tiae
689 1372 784 1451 tuaea
812 1367 1019 1459 omnipotens
1046 1368 1168 1437 virtute
1194 1363 1291 1438 verbi
1318 1369 1379 1438 tui:
1407 1368 1461 1459 qui
1487 1363 1529 1438 ab
1557 1375 1693 1438 aeterno
1720 1388 1766 1437 ex
1800 1375 1835 1438 te
1860 1369 1962 1458 geni-

594 1490 648 1551 tus
675 1491 745 1567 est,
770 1490 804 1551 et
830 1481 957 1574 absque
983 1482 1091 1552 initio:
1118 1490 1236 1576 estque
1263 1493 1372 1554 tecum
1399 1481 1656 1554 substantialiter
1682 1491 1715 1554 ει
1730 1481 1862 1576 absque
1887 1481 1962 1572 bna,

594 1595 628 1663 in
655 1617 719 1687 quo
747 1604 781 1665 et
806 1617 867 1689 per
893 1619 990 1691 quem
1017 1598 1173 1669 creavisti
1201 1596 1355 1670 mundum
1380 1600 1607 1694 pergratiam
1640 1607 1738 1668 tuam
1790 1595 1866 1670 Nos
1892 1599 1962 1690 lgi-

595 1719 648 1780 tnr
673 1709 815 1782 Domine
841 1723 874 1784 te
900 1724 934 1784 et
967 1711 1057 1784 illum
1092 1722 1126 1784 et
1155 1713 1312 1807 Spiritum
1345 1724 1495 1786 sanctum
1531 1713 1726 1801 adoramus,
1757 1711 1961 1802 eonfitemur,

596 1835 629 1895 et
654 1824 898 1917 glorificam,
926 1830 1000 1922 quia
1028 1831 1062 1898 tu
1088 1851 1172 1899 unus
1199 1851 1237 1900 es
1264 1828 1435 1923 tripliciter
1462 1827 1589 1924 absque
1616 1827 1791 1901 divisione.

698 1940 872 2014 Sacerdos
906 1944 1043 2015 ete-ena
1077 1966 1202 2015 coccae.
1257 1944 1372 2018 Gloria
1408 1945 1465 2017 tibi
1502 1945 1645 2018 Domine
1680 1966 1741 2038 per
1773 1942 1961 2018 Ecclesiam

595 2068 704 2144 tuam,
740 2079 838 2149 quam
873 2056 1060 2131 illuminasti
1087 2060 1130 2130 ad
1164 2059 1398 2153 praestandam
1431 2057 1489 2132 tibi
1523 2060 1767 2134 adorationem:
1801 2060 1875 2133 laus
1908 2055 1963 2131 irbi

594 2172 750 2244 reddatur
776 2196 838 2267 per
866 2197 926 2246 ora
955 2198 1042 2269 quae
1067 2197 1190 2247 novam
1217 2198 1277 2270 par
1304 2174 1452 2248 Verbum
1479 2187 1568 2250 taum
1594 2174 1786 2265 dignitatem
1813 2197 1963 2271 accepe-

595 2299 684 2361 nmt:
712 2299 846 2363 sancms
874 2291 994 2362 dicaris
1022 2289 1063 2361 ab
1091 2290 1263 2362 immundis
1290 2290 1353 2365 illis
1381 2295 1437 2386 qni
1463 2290 1613 2388 hyssopo
1640 2301 1697 2363 tuo
1723 2293 1856 2386 purgati
1871 2300 1962 2374 sunt;

595 2428 663 2478 non
691 2404 778 2499 quod
803 2404 1044 2496 glorificatione
1060 2416 1174 2478 nostra
1190 2407 1426 2498 magnificaris,
1453 2417 1509 2480 aut
1523 2407 1611 2501 quod
1629 2409 1811 2497 gratiarum
1830 2407 1963 2476 actione

596 2545 658 2593 seu
684 2519 897 2593 conlessione
918 2531 1046 2607 nostm,
1073 2544 1227 2613 magnum
1255 2522 1376 2615 aliquid
1404 2521 1460 2593 tibi
1480 2523 1627 2596 accedat.
1680 2522 1763 2592 Sunt
1790 2522 1880 2591 enim
1908 2520 1963 2592 tibi

594 2640 629 2707 in
655 2633 758 2707 coelis
785 2637 955 2709 coelorum
981 2636 1169 2710 laudatores
1197 2636 1324 2731 absque
1350 2661 1503 2711 numero:
1527 2642 1685 2730 juventus
1711 2633 1819 2707 lucida
1845 2643 1884 2706 ct
1908 2638 1963 2706 in-

596 2751 764 2840 deficiens,
790 2755 958 2825 exercitus
984 2754 1151 2825 coelestes
1179 2757 1233 2846 qui
1259 2752 1435 2848 praeclare
1462 2757 1640 2828 essentiam
1655 2765 1743 2825 tuam
1756 2749 1963 2843 glorificant:

596 2870 727 2958 agmina
755 2866 862 2939 lucida
890 2891 976 2963 qnae
1003 2890 1123 2959 magna
1156 2889 1244 2940 voce
1277 2868 1420 2963 hymnos
1447 2870 1487 2942 ad
1524 2874 1666 2943 invicem
1692 2877 1828 2954 omrunt,
1863 2867 1965 2940 millia

597 2983 747 3072 millium,
773 2994 806 3055 ει
832 2984 1002 3079 mpriades
1028 2982 1230 3079 myriadum,
1258 3007 1344 3078 quae
1370 3009 1485 3059 coram
1512 2998 1545 3058 ιε
1572 2988 1754 3058 consistunt
1781 2991 1816 3054 et
1841 3005 1965 3055 nomen

596 3110 743 3172 sanctum
771 3110 858 3171 tuum
886 3100 1042 3173 adorant:
1070 3102 1175 3173 series
1202 3100 1419 3192 longissimae
1445 3106 1532 3196 ignis
1559 3102 1768 3175 devorantis:
1804 3101 1861 3193 qui
1894 3098 1965 3196 by-

595 3237 691 3287 mnos
728 3213 857 3307 gloriae
892 3219 1055 3308 majestati
1092 3226 1170 3288 tuae
1210 3215 1366 3307 ellerunt3
1405 3222 1546 3293 virtutes
1582 3213 1792 3290 admirabiles
1819 3214 1965 3310 Spiritum

595 3330 819 3421 vehementis,
846 3355 932 3426 quae
959 3331 1208 3405 benedictiones
1234 3336 1362 3405 mittunt
1388 3335 1463 3407 illoc
1489 3333 1544 3406 ubi
1577 3355 1634 3405 es:
1665 3332 1819 3422 legiones
1854 3352 1965 3402 exer-

594 3445 1253 3543 cituumllammantirm1‚quae.laudes
1289 3461 1410 3522 canunt
1444 3461 1584 3523 naturae
1616 3459 1693 3519 tuae
1724 3445 1965 3519 absconditae:

596 3566 751 3658 strepitus
779 3575 943 3652 rotarum,
970 3586 1143 3657 vocesque
1170 3562 1347 3637 Cherubim
1375 3570 1429 3660 qni
1456 3567 1596 3658 gloriam
1629 3575 1717 3636 tuam
1748 3560 1967 3635 benedictio-

595 3676 691 3749 nibus
725 3691 987 3773 prosequuntur:
1021 3690 1137 3751 coetus
1170 3679 1344 3776 Seraphim
1378 3687 1433 3776 qui
1472 3705 1557 3755 sono
1591 3679 1715 3750 alarum
1741 3699 1896 3763 suarum,
1934 3687 1968 3749 et

595 3793 712 3886 plausu
745 3798 841 3865 suavi
876 3794 1007 3868 volatus
1040 3798 1110 3882 sui,
1144 3800 1271 3868 cantica
1307 3798 1494 3869 dulcissima
1522 3797 1686 3870 sanctitati
1720 3803 1797 3865 tuae
1830 3803 1967 3882 canunt,

596 3907 709 3980 oribus
736 3915 835 4001 igneo
863 3910 1003 4000 ardore,
1029 3921 1064 3982 et
1088 3909 1186 3982 labiis
1213 3912 1393 3985 carbonum
1421 3918 1523 3986 instar
1555 3910 1781 3997 inflammatis,
1814 3908 1967 4005 triplices

596 4025 871 4098 sanctificationes
898 4026 1092 4114 inclamant,
1119 4025 1346 4099 vociferantur
1373 4041 1407 4101 et
1433 4030 1550 4100 dicunt.

699 4141 874 4234 Populea·
912 4141 1064 4214 Sanctus.

698 4257 873 4328 Sacerdos
899 4259 1089 4329 inclinatas.
1142 4258 1256 4330 Voces
1284 4258 1460 4332 Cherubim
1488 4257 1630 4330 Domine
1656 4256 1852 4328 Trinitatem
1876 4265 1967 4327 tuam

597 4373 779 4467 enplieant:
807 4384 841 4444 et
866 4377 1147 4465 congregationes
1174 4372 1347 4469 Seraphim
1367 4374 1594 4448 absconditam
1611 4384 1760 4444 naturam
1783 4383 1874 4444 tuam
1896 4372 1967 4444 he-

596 4486 766 4561 nedicunt:
794 4488 928 4562 ordines
953 4491 1162 4581 Angelorum
1183 4487 1401 4562 substantiam
1418 4501 1503 4561 tuam
1521 4487 1745 4561 admirabilem
1762 4487 1965 4578 glorificant.

597 4601 711 4676 Gloria
739 4603 813 4692 ribi,
841 4606 895 4698 qui
922 4627 1029 4696 genus
1058 4614 1207 4677 nostrum
1232 4609 1340 4697 gratia
1376 4616 1431 4676 tua
1467 4603 1678 4696 magnificas;
1713 4605 1815 4674 misce
1853 4624 1966 4674 voces

595 4729 728 4793 nostras
755 4729 907 4791 terrenas
933 4745 1008 4792 cum
1033 4720 1164 4817 hymnis
1199 4720 1393 4793 coelestium
1427 4720 1586 4792 ordinum.
1639 4719 1690 4791 'ln
1724 4720 1869 4790 Domhre
1902 4741 1967 4814 per

594 4838 825 4908 miserationes
853 4846 924 4909 tuas
952 4859 1110 4928 magnas,
1137 4838 1252 4909 misisti
1279 4836 1320 4908 ad
1347 4860 1409 4909 nos
1436 4836 1647 4908 Salvatorem
1675 4847 1708 4908 et
1733 4833 1966 4924 liberatorem,

597 4954 797 5042 unigenitmn
824 4950 941 5023 Filium
967 4964 1056 5023 tumn
1083 4953 1253 5025 dilectum:
1281 4955 1337 5046 qui
1363 4964 1455 5025 ortus
1482 4964 1534 5025 est
1559 4975 1605 5024 ex
1632 4963 1665 5023 te
1691 4951 1853 5042 oVirgo‚
1882 4961 1966 5022 tan-

596 5089 693 5158 quam
720 5065 831 5138 radius
858 5089 904 5137 ex
929 5067 1004 5138 lucc
1030 5071 1062 5138 in
1090 5068 1188 5140 oculo
1214 5089 1298 5163 puro
1326 5067 1496 5160 ellulgens.
1548 5067 1692 5162 Accepit
1718 5063 1966 5138 similitudinem

597 5183 689 5250 servi
715 5202 761 5251 ex
787 5189 880 5253 utero
908 5192 1043 5271 sancto,
1070 5206 1144 5254 cnm
1172 5205 1255 5255 vere
1281 5186 1324 5256 sit
1350 5183 1525 5255 similitudo
1541 5185 1724 5273 majestatis
1740 5191 1832 5254 tuae:
1862 5179 1965 5254 bomo

594 5293 699 5369 sactus
727 5304 779 5369 est
804 5299 889 5369 sicat
914 5301 987 5392 ipse
1013 5297 1134 5389 voluit,
1160 5309 1195 5370 ut
1220 5297 1347 5372 laceret
1372 5322 1435 5375 nos
1462 5300 1577 5388 Deos,
1603 5296 1880 5395 quemammodum
1898 5299 1966 5393 ipsi
