5150 6534
1109 880 1543 998 ansnonrr„
1896 883 1971 957 625

601 1066 676 1139 liter
708 1066 895 1138 Ecclesiam
934 1077 1020 1137 tuam
1054 1078 1203 1139 sanctam
1234 1067 1397 1140 illustrant
1432 1066 1588 1164 operibus
1624 1072 1780 1160 justitiae.
1833 1069 1877 1142 Et
1910 1093 1972 1167 pro

603 1183 764 1269 omnibus,
792 1186 847 1277 qui
873 1182 1073 1278 profundunt
1099 1184 1336 1279 eleemosynas
1362 1207 1441 1257 suas
1477 1207 1578 1281 super
1611 1209 1787 1282 pauperes.
1840 1185 1884 1256 Et
1909 1210 1972 1282 pro

602 1298 753 1373 omnibus
779 1299 932 1391 Regibus
954 1299 1117 1389 fidelibus,
1144 1311 1178 1371 ct
1204 1299 1384 1374 stabilitate
1397 1302 1493 1391 regni
1513 1299 1652 1372 illorum.
1704 1300 1748 1372 Et
1774 1324 1835 1395 pro
1858 1307 1972 1374 omni-

600 1412 663 1485 bus
690 1414 892 1511 principibus
921 1425 954 1486 ct
980 1414 1202 1512 potentatibus
1228 1415 1324 1507 hujus
1353 1415 1495 1487 saeculi:
1523 1413 1740 1487 obsecramus
1769 1427 1801 1488 tc
1827 1419 1971 1492 Domine

602 1539 636 1601 et
662 1529 880 1626 deprecamur
906 1541 951 1619 te,
977 1543 1013 1603 ut
1039 1536 1072 1603 in
1099 1531 1163 1603 illis
1190 1533 1366 1603 confirmes
1394 1534 1544 1603 timorem
1573 1543 1679 1617 tuum,
1714 1543 1747 1604 et
1781 1536 1910 1629 plantes
1938 1537 1972 1604 in

601 1644 665 1715 illis
692 1650 867 1720 veritatem
895 1658 994 1734 tuam,
1022 1659 1056 1719 ct
1083 1646 1239 1739 subjicias
1266 1648 1330 1719 illis
1358 1670 1473 1720 omnes
1499 1646 1662 1721 barbaras
1689 1653 1851 1723 nationes.
1891 1649 1970 1722 Ro-

601 1786 720 1856 gamus
748 1765 950 1835 diviuitatem
978 1774 1064 1835 tuam
1092 1766 1243 1851 Domine,
1271 1776 1307 1836 ut
1333 1768 1530 1860 comprimas
1548 1762 1676 1837 bellaa
1703 1767 1820 1838 linibus
1848 1775 1970 1855 terrae,

603 1891 636 1951 et
669 1881 810 1978 dissipes
843 1880 920 1951 inde
955 1890 1075 1972 gentes
1108 1902 1193 1974 quac
1225 1880 1348 1952 bellum
1374 1880 1507 1968 volunt,
1538 1891 1574 1951 ut
1607 1880 1840 1953 habitationem
1873 1892 1971 1952 tran-

603 1998 733 2091 quillam
768 2007 800 2068 et
835 2000 977 2091 quietam
1011 1995 1212 2084 habeamus,
1248 2001 1280 2066 in
1313 2000 1400 2066 omni
1434 2000 1649 2092 temperantia
1686 2008 1719 2068 et
1749 2002 1868 2069 timore
1895 1996 1971 2066 Dei.

601 2112 646 2184 Et
677 2138 739 2210 pro
772 2112 934 2184 fructibus
970 2124 1094 2199 terrae,
1128 2115 1282 2207 aerisque
1316 2114 1494 2206 temperie,
1531 2122 1568 2183 ut
1599 2113 1815 2185 benedicatur
1845 2134 1972 2185 corona

603 2234 679 2301 anni
713 2254 775 2326 per
810 2234 948 2321 gratiam
985 2239 1082 2299 tuam.
1136 2227 1180 2298 Et
1211 2250 1274 2322 pro
1310 2227 1374 2297 hoc
1413 2229 1490 2300 loco
1531 2237 1565 2299 et
1605 2227 1843 2303 habitatoribus
1884 2232 1970 2320 ejus,

603 2346 821 2440 omnibusque
848 2343 1040 2437 regionibus
1068 2354 1102 2416 et
1127 2342 1367 2416 habitatoribus
1395 2365 1520 2431 earum,
1548 2352 1581 2414 ut
1609 2342 1736 2417 illorum
1768 2348 1970 2432 miserearis,

602 2463 666 2534 illis
693 2461 885 2550 benedicas,
913 2460 1053 2553 illosque
1081 2461 1248 2532 custodias
1276 2470 1311 2530 et
1335 2470 1515 2553 protegas,
1547 2482 1609 2553 per
1640 2460 1845 2534 clementiam
1873 2472 1971 2533 tuam.

602 2577 646 2650 Et
671 2601 733 2673 pro
760 2576 911 2648 omnibus
940 2581 994 2671 qui
1021 2579 1053 2646 in
1083 2579 1201 2647 itincre
1229 2578 1362 2647 suntin
1391 2573 1535 2645 maribus
1569 2587 1624 2646 aut
1657 2580 1689 2647 in
1717 2580 1788 2648 viis.
1840 2577 1884 2649 Et
1909 2601 1970 2673 pro

604 2696 755 2766 omnihus
784 2696 837 2786 qui
865 2703 940 2764 sunt
966 2694 997 2762 in
1012 2691 1165 2778 vinculis,
1193 2695 1223 2761 in
1246 2694 1419 2781 angustiis,
1448 2700 1481 2761 et
1498 2692 1794 2784 persecutionibus,
1822 2716 1971 2789 oppres-

532 2817 535 2823 '
603 2811 752 2882 sionibus
781 2821 814 2880 et
842 2806 1029 2881 tumultibus
1055 2818 1192 2901 propter
1218 2828 1340 2877 nomen
1369 2815 1466 2876 tuum.
1519 2806 1563 2876 Et
1588 2829 1650 2901 pro
1678 2807 1829 2880 omnibus
1857 2813 1910 2903 qui
1939 2813 1972 2880 in

604 2925 738 2996 exilium
765 2927 877 3015 ejecti,
905 2934 938 2994 et
965 2927 1019 3018 qui
1046 2927 1078 2994 in
1105 2921 1370 2993 tribulationibus
1397 2932 1430 2992 et
1457 2922 1649 2994 carceribus
1685 2928 1718 2995 in
1752 2924 1875 2996 insulas
1909 2948 1973 2996 rc-

603 3054 712 3113 motas
747 3040 788 3111 ad
824 3050 1018 3134 perpetuum
1050 3039 1243 3134 supplicium
1277 3042 1417 3133 projecti
1451 3047 1543 3110 sunt:
1579 3050 1636 3111 aut
1678 3039 1780 3113 durae
1822 3045 1973 3113 servituti

604 3157 734 3228 addicti.
787 3157 831 3227 Et
862 3178 924 3252 pro
960 3154 1110 3227 omnibus
1141 3153 1300 3226 iratribus
1334 3158 1456 3227 nostris
1492 3158 1548 3250 qui
1583 3166 1659 3227 sunt
1697 3160 1728 3228 in
1763 3161 1973 3251 captivitate:

604 3277 810 3367 petimusque
838 3295 857 3343 a
884 3283 918 3342 te
944 3270 1109 3359 Domine,
1136 3280 1171 3340 ut
1197 3269 1336 3360 adjuves
1373 3273 1471 3341 ctiam
1505 3293 1621 3344 omncs
1656 3276 1710 3366 qui
1742 3271 1911 3343 doloribus
1940 3282 1974 3344 ct

606 3388 695 3460 diuis
718 3386 957 3459 infirmitatibus
979 3395 1156 3458 vexantur.
1184 3388 1414 3480 Deprecamur
1436 3409 1567 3480 quoquc
1590 3388 1850 3460 misericordiam
1871 3398 1971 3472 tuam,

605 3506 759 3590 Domine,
786 3507 1014 3597 pergratiam
1043 3512 1140 3586 tuam,
1168 3524 1229 3597 pro
1258 3500 1410 3573 omnihus
1437 3504 1575 3572 inimicis
1603 3507 1737 3588 nostris,
1766 3516 1799 3576 et
1826 3504 1888 3577 illis
1917 3509 1971 3599 qui

606 3620 746 3690 odcrunt
771 3642 853 3692 nos:
881 3632 915 3690 et
940 3643 1001 3715 pro
1038 3616 1189 3691 omnibus
1224 3620 1278 3711 qui
1315 3621 1462 3709 cogitant
1494 3616 1656 3690 advorsus
1684 3642 1746 3691 nos
1773 3621 1877 3691 mala:
1905 3642 1973 3692 non

606 3740 639 3806 in
662 3735 816 3826 judicium
844 3760 953 3830 nequo
979 3741 1011 3808 in
1037 3737 1236 3824 vindictam,
1270 3735 1413 3806 Domine
1438 3732 1531 3803 Deus
1558 3733 1672 3822 fortis,
1707 3734 1767 3808 scd
1795 3736 1836 3807 ad
1863 3740 1971 3809 mise-

605 3855 752 3922 rationes
781 3862 814 3921 et
841 3852 991 3938 salutem,
1019 3861 1117 3945 atque
1145 3851 1186 3921 ad
1220 3852 1446 3922 remissionem
1475 3861 1707 3944 peccatorum,
1741 3855 1816 3946 quia
1850 3857 1904 3924 vis
1939 3863 1974 3924 ut

607 3990 722 4039 omnes
748 3965 898 4038 homines
924 3971 1041 4039 vivant
1067 3978 1100 4038 et
1126 3976 1364 4038 convertantur
1396 3965 1437 4035 ad
1474 3969 1674 4058 agnitionem
1709 3973 1868 4041 veritatis.
1921 3970 1973 4041 'lu

606 4088 693 4155 enim
720 4086 920 4179 praecepisti
952 4081 1047 4153 nobis
1081 4106 1142 4177 per
1167 4083 1285 4153 Filium
1321 4091 1407 4152 tuum
1442 4082 1593 4152 dilectum
1621 4082 1795 4155 Dominum
1823 4095 1973 4157 nostrum

605 4200 719 4270 losum
748 4198 934 4287 Christum,
961 4210 997 4270 ut
1023 4222 1195 4271 oraremus
1228 4220 1291 4293 pro
1319 4200 1456 4268 inimicis
1484 4201 1625 4286 nostris,
1660 4208 1694 4268 ct
1725 4221 1787 4293 pro
1817 4201 1881 4272 illis
1918 4203 1972 4294 qui

606 4316 746 4386 oderunt
771 4338 845 4403 nos,
873 4327 907 4387 et
932 4339 995 4411 pro
1023 4316 1087 4387 illis
1114 4319 1168 4409 qui
1194 4312 1293 4386 nobis
1320 4317 1482 4407 imperant
1508 4313 1671 4385 violenter
1697 4326 1731 4386 et
1755 4317 1884 4405 injuste.

712 4431 838 4502 Conon.
891 4432 995 4523 lgitur
1030 4431 1190 4518 Domine,
1230 4428 1384 4523 quidquid
1429 4440 1583 4523 tanquam
1624 4429 1773 4502 homines
1815 4429 1972 4502 mortales

607 4549 842 4637 commisimus,
870 4557 903 4618 et
929 4551 1155 4642 peccavimus,
1183 4547 1290 4632 solve,
1319 4545 1463 4629 dimitte,
1491 4545 1645 4618 auferet
1676 4568 1778 4643 parce
1813 4556 1845 4616 tu
1872 4544 1971 4633 bono,

607 4666 661 4755 qui
688 4685 748 4756 por
775 4663 1034 4736 misericordiam
1066 4674 1153 4734 tuam
1186 4660 1355 4754 gubernas
1383 4665 1511 4748 omnia,
1547 4674 1582 4733 ut
1614 4685 1687 4732 cum
1724 4662 1903 4734 concordia
1931 4663 1973 4733 ad

606 4800 669 4848 nos
697 4782 852 4866 invicem,
880 4780 1063 4851 referamus
1090 4778 1147 4850 tibi
1175 4779 1318 4867 laudem,
1345 4777 1517 4865 honorem,
1544 4782 1722 4868 gratiarum
1751 4782 1915 4849 actionem
1940 4787 1974 4849 et

608 4893 846 4985 adorationem,
873 4918 960 4967 rinno
987 4908 1020 4967 et
1046 4918 1190 4989 sempor,
1218 4905 1251 4966 ct
1278 4898 1311 4965 in
1338 4894 1471 4966 saecula
1495 4894 1712 4966 saeculorum.

710 5009 884 5081 Sacerdos
909 5016 1023 5104 aiprcat
1048 5035 1085 5082 oc
1111 5016 1225 5103 ipsam.
1258 5011 1339 5081 Tunc
1365 5009 1542 5080 Diaconos
1567 5010 1659 5079 dicit.
1699 5007 1828 5080 chate
1855 5010 1973 5082 oculos

607 5136 743 5197 uestros
769 5128 800 5194 in
829 5128 967 5200 excelsa
995 5127 1156 5216 sublimia,
1185 5137 1218 5197 et
1244 5129 1382 5221 aspicito
1408 5122 1570 5195 montibus
1598 5124 1745 5195 cordium
1764 5135 1973 5197 vestrorum:

608 5255 726 5336 rogate
753 5246 852 5314 etiam
880 5255 913 5316 ct
940 5245 1160 5341 deprecamini
1195 5240 1358 5315 Christum
1391 5242 1783 5328 salvatorem'nostrum,
1819 5251 1853 5312 ut
1885 5263 1973 5336 pcr-
