5150 6534
618 831 694 906 sm
1065 828 1489 917 ,ιιιιιιιι
1573 784 1575 786 ’

616 1018 819 1090 domesticos
845 1016 918 1105 lac,
946 1029 1046 1115 atque
1072 1016 1115 1089 ad
1145 1017 1296 1088 timorem
1329 1025 1419 1088 mam
1445 1037 1509 1088 eos
1535 1013 1658 1103 adduc,
1693 1027 1728 1090 et
1760 1018 1904 1111 incende
1929 1041 1990 1094 eos

615 1133 690 1228 celo
717 1131 794 1204 fidei
821 1132 1055 1228 0rthodoxae:
1088 1142 1125 1204 ut
1159 1154 1234 1203 cum
1269 1131 1503 1227 tranquillitate
1535 1128 1708 1227 Ecclesiae
1744 1143 1818 1206 haas
1854 1142 1991 1225 regant:

615 1252 693 1343 quia
721 1257 756 1319 ta
780 1249 874 1321 Deus
901 1271 939 1323 es
965 1248 1087 1324 volens
1113 1246 1393 1320 misericordiam:
1420 1257 1455 1318 et
1480 1244 1539 1317 tihi
1566 1245 1708 1338 gloriam
1735 1247 1932 1322 referemus.

716 1364 892 1437 Sacerdos
918 1366 1110 1437 inclinatus.
1164 1362 1335 1436 Memento
1361 1365 1505 1436 Domine
1531 1371 1565 1434 et
1597 1361 1730 1436 illomm
1762 1367 1819 1460 qni
1843 1387 1866 1437 a
1890 1366 1988 1462 prin-

613 1482 701 1575 cipio
729 1503 843 1554 coram
869 1490 903 1553 te
928 1481 1074 1555 illustres
1101 1480 1251 1568 fuerumt,
1276 1481 1424 1568 Pataram,
1450 1478 1708 1573 Prophetarum,
1734 1479 1986 1575 Apostolorum,

613 1595 820 1692 Martymm,
848 1597 1107 1686 Confessorum,
1133 1597 1272 1670 loannis
1295 1596 1485 1691 Baptistae,
1510 1594 1671 1692 Stephani
1696 1597 1860 1690 Diacom,
1893 1595 1988 1670 San·

614 1723 689 1784 ctae
717 1714 895 1787 Genitricis
921 1714 1004 1800 Dei,
1032 1724 1067 1785 et
1093 1718 1238 1786 omnium
1264 1714 1393 1808 piorum
1419 1721 1454 1783 et
1476 1713 1651 1802 justorum.

717 1828 868 1900 Eleoaaa
893 1851 1020 1915 coeam.
1073 1830 1125 1901 Da
1151 1827 1250 1902 nohis
1275 1829 1419 1901 Domine
1444 1848 1557 1898 mores
1585 1831 1640 1922 qui
1666 1829 1869 1900 conveniant
1902 1850 1987 1903 san-

613 1948 690 2031 ctis,
728 1948 843 2018 amicis
867 1949 951 2033 tam,
992 1956 1028 2018 et
1062 1944 1192 2037 dignos
1217 1942 1312 2015 effice
1343 1963 1406 2014 nos
1437 1954 1533 2037 parte
1559 1942 1689 2016 illorum
1725 1943 1780 2037 qui
1813 1946 1985 2056 mysteriis

613 2063 677 2133 tuis
704 2058 826 2132 divinis
852 2063 968 2132 initiati
1002 2060 1142 2132 luerunt.
1195 2056 1315 2131 Profer
1341 2056 1439 2130 nohis
1464 2055 1606 2130 verbum
1630 2056 1861 2153 Apostolicam
1896 2058 1985 2153 qaod

613 2174 817 2271 spiritualem
832 2175 1020 2249 alimoniam
1046 2173 1187 2271 praebet
1211 2171 1374 2261 fidelihus,
1401 2176 1477 2267 qrria
1503 2184 1539 2246 tu
1564 2195 1603 2246 es
1623 2176 1756 2267 inopum
1769 2184 1983 2269 sustentator,

613 2301 649 2360 et
673 2290 890 2382 indigentium
916 2291 1076 2387 repletur,
1104 2292 1158 2385 qui
1185 2288 1343 2381 figmento
1370 2298 1427 2360 tuo
1452 2310 1515 2384 per
1541 2288 1735 2384 multiplices
1762 2289 1877 2361 salutis
1896 2289 1984 2361 elie-

613 2416 705 2494 ctus,
732 2404 793 2479 das
820 2429 939 2479 causas
965 2409 1071 2480 vitae:
1099 2405 1245 2501 quotidie
1272 2408 1358 2476 enim
1386 2408 1497 2499 aperis
1524 2414 1558 2475 tu
1582 2426 1715 2476 manum
1747 2414 1837 2475 tuam
1871 2408 1983 2477 omni-

611 2519 676 2593 hus
710 2523 940 2607 sufficientem,
968 2534 1017 2594 wet
1052 2522 1170 2619 imples
1205 2520 1435 2616 quodcumque
1467 2522 1552 2592 vivit
1589 2517 1678 2593 bona
1712 2520 1886 2593 voluntate
1919 2529 1984 2593 tara

611 2636 737 2711 Libera
763 2641 862 2710 etiam
888 2660 951 2710 nos
977 2639 1120 2710 Domine
1147 2638 1188 2711 ah
1218 2635 1370 2709 omnihus
1396 2634 1509 2724 malis,
1537 2644 1572 2707 et
1603 2634 1829 2707 communibus
1856 2634 1985 2709 saeculi

614 2752 780 2844 cladibus,
808 2766 842 2827 ct
868 2765 985 2827 averte
1011 2776 1140 2825 omnem
1167 2758 1251 2825 iram
1277 2763 1312 2825 et
1336 2749 1456 2848 plagas
1483 2750 1524 2823 ah
1552 2754 1641 2823 omni
1667 2762 1833 2841 creatura,
1859 2761 1896 2823 et
1920 2774 1983 2823 re-

614 2868 761 2942 feremus
787 2868 845 2942 tibi
872 2869 1101 2962 gloriametc.
1980 2931 1984 2946 ι

722 2983 897 3057 Sacerdos
928 2985 1119 3058 inclinatus.
1172 2987 1340 3058 Memento
1374 2985 1517 3056 Domine
1551 2985 1693 3056 omnium
1726 2983 1982 3080 Episcopornm,

614 3110 648 3173 et
673 3102 857 3173 Doctorum
885 3104 939 3194 qui
966 3111 1127 3173 steterunt
1156 3105 1191 3173 in
1216 3101 1370 3172 Ecclesia
1397 3111 1452 3172 tua
1479 3110 1514 3171 et
1538 3098 1696 3172 doctrinis
1722 3103 1791 3172 suis
1817 3091 2013 3194 paverunt¹

614 3238 700 3289 oves
726 3227 799 3288 tuas
833 3216 1035 3310 spirituales,
1068 3228 1102 3289 et
1134 3214 1339 3289 errabundas
1372 3214 1415 3286 ad
1449 3225 1481 3286 te
1516 3224 1766 3288 convertemnt:
1800 3219 1981 3312 praecipue

613 3355 699 3405 vero
726 3331 767 3402 D.
788 3330 908 3403 lacobi
934 3335 1092 3429 principis
1107 3332 1352 3429 Episcoporum
1365 3340 1400 3403 et
1413 3329 1614 3426 reliquorum
1629 3340 1819 3403 sanctorum
1836 3332 1980 3404 Petrum

538 3532 539 3535 Ἴ
717 3448 867 3519 Eteonos
892 3468 1018 3517 nocem.
1071 3448 1247 3542 Sapientes
1274 3459 1308 3520 et
1334 3449 1472 3518 nuncios
1499 3449 1732 3542 mysteriorum
1759 3468 1867 3519 verae
1893 3446 1979 3538 fidei,

612 3562 736 3635 lumina
771 3573 805 3634 et
839 3561 953 3635 stellas
988 3585 1074 3654 quae
1108 3563 1263 3657 populum
1299 3562 1446 3635 tenebris
1479 3561 1690 3634 obscuratum
1720 3562 1979 3651 illustraverunt,

614 3678 810 3750 laudatores
836 3675 1013 3749 Ecclesiae
1039 3688 1192 3767 sauctae,
1228 3678 1435 3773 Theologiae
1468 3678 1596 3749 electae
1628 3680 1844 3770 interpretum,
1876 3701 1977 3751 cara·

614 3806 707 3865 tores
734 3796 850 3885 gregis
877 3796 977 3887 empti
1003 3797 1164 3884 sanguine
1190 3798 1347 3886 unigeniti
1372 3792 1446 3865 Filii
1474 3797 1518 3865 tui
1537 3788 1703 3864 ⁷laetifiea
1730 3812 1792 3887 per
1813 3793 1975 3862 visionem

614 3907 726 3980 vultus
754 3911 817 3995 tui,
845 3931 865 3980 o
893 3918 1009 4004 pastor
1035 3917 1068 3978 et
1093 3908 1232 4001 largitor
1259 3913 1418 3982 scientiae
1445 3909 1586 3980 divinae.
1638 3906 1682 3980 Et
1706 3930 1769 3980 nos
1784 3910 1840 4000 qui
1868 3909 1975 3979 vesti-

614 4027 671 4115 gia
699 4045 813 4095 eorum
840 4026 1024 4118 sequimur,
1051 4035 1085 4095 et
1109 4030 1284 4119 passiones
1312 4048 1427 4098 eorum
1443 4025 1655 4112 aemulamur,
1682 4022 1811 4096 custodi
1833 4026 1868 4092 in
1893 4044 1975 4095 san-

614 4142 737 4210 ctitate.
789 4137 911 4212 Emitte
945 4139 1041 4212 nohis
1076 4142 1200 4212 iontem
1232 4164 1412 4236 pereanem
1448 4141 1616 4212 doctrinae
1651 4160 1780 4226 eorum,
1817 4147 1853 4209 et
1885 4136 1976 4210 effice
2049 4140 2052 4142 “

504 4279 511 4289 ’
612 4276 676 4325 nos
703 4254 822 4345 dignos
848 4258 1048 4342 vocatione,
1075 4257 1116 4329 ad
1147 4281 1244 4352 quam
1270 4263 1383 4330 vocati
1409 4279 1530 4330 snmus.
1582 4254 1687 4327 Salva
1714 4276 1775 4326 nos
1810 4252 1852 4326 ab
1888 4257 1975 4327 omni

613 4391 730 4440 errore
756 4368 937 4458 haeretico,
964 4383 998 4443 et
1024 4373 1065 4446 ah
1093 4377 1181 4445 omni
1207 4373 1311 4446 lovea
1338 4386 1373 4447 et
1387 4353 1506 4467 laqueo
1530 4371 1710 4443 alienorum
1727 4394 1747 4441 a
1766 4372 1884 4443 timore
1902 4382 1974 4459 tuo;

582 4494 647 4559 „ut
673 4485 707 4552 in
739 4482 792 4555 die
827 4483 883 4557 illo
917 4487 1028 4561 ultimo
1064 4492 1296 4561 sententiarum
1331 4488 1558 4572 ferendarum,
1592 4489 1626 4557 in
1661 4485 1810 4558 coetibus
1845 4498 1974 4582 patmm

611 4610 800 4672 nostrorum
826 4600 934 4674 locum
960 4603 1159 4693 habeamus,
1186 4615 1220 4676 et
1245 4607 1330 4676 inter
1363 4608 1495 4697 agmina
1531 4625 1646 4675 eorum
1679 4623 1908 4690 numeremur,
1942 4613 1976 4675 et

609 4713 794 4787 referemus
820 4714 876 4788 titi
901 4719 1051 4811 gloriam.

715 4829 888 4904 Sacerdos
911 4835 1102 4907 inclinatos.
1155 4836 1323 4914 Memento
1349 4836 1491 4907 Domine
1525 4833 1760 4921 Sacerdotem,
1795 4836 1975 4926 Diacono-

610 4970 701 5039 rum,
727 4946 1254 5040 Sunuaconomm,tectorum,
1280 4950 1482 5040 Psaltarum,
1514 4950 1751 5047 Interprebrm,
1779 4947 1975 5023 Conlesso-

610 5086 703 5151 rum,
743 5064 1003 5158 Monachorum,
1046 5069 1269 5159 virginitatem
1308 5075 1500 5162 perpebram
1520 5151 1523 5156 ..
1544 5067 1773 5161 profitentium.
1836 5066 1976 5140 Fortem

610 5181 769 5272 animuum
797 5193 830 5254 et
856 5184 1050 5257 modestiam
1076 5204 1162 5278 quae
1189 5182 1252 5255 illis
1280 5185 1436 5256 convenit
1462 5182 1589 5274 albae,
1624 5191 1658 5254 et
1690 5183 1832 5253 omnium
1860 5180 1975 5255 honri-
