5150 6534
506 919 511 929 ¹
604 812 679 894 ree
941 817 1629 907 urruaornrnuurtt

704 1002 856 1095 Εἱευᾳιιι
880 1025 1006 1075 rocem.
1060 1003 1294 1093 Orationibus,
1326 1014 1361 1077 et
1387 1003 1678 1101 deprecationibus
1704 1027 1822 1079 eoram
1847 1005 1976 1101 aotam

600 1138 663 1190 nos
689 1117 851 1209 Domine,
885 1128 919 1192 et
944 1141 1047 1214 parce
1072 1118 1185 1195 nobis:
1212 1129 1372 1215 sorteque
1397 1142 1514 1195 eorum
1540 1121 1661 1215 dignm
1695 1141 1760 1195 nos
1789 1121 1903 1214 soca,
1937 1133 1975 1197 ut

594 1256 676 1306 cum
702 1235 784 1325 illis,
811 1244 847 1307 et
871 1237 958 1307 inter
982 1234 1058 1308 illos
1083 1235 1269 1309 referamus
1295 1236 1373 1326 tibi,
1400 1246 1464 1309 etc.

704 1352 866 1445 Populus.
918 1352 1037 1426 Amen.
1105 1368 1106 1371 ’

702 1466 879 1539 Sacerdos
903 1466 1095 1538 inclinatos.
1147 1465 1317 1541 blemento
1343 1467 1487 1540 Domine
1512 1477 1548 1540 et
1572 1466 1717 1560 illonrm,
1742 1472 1799 1565 qai
1822 1473 1860 1547 in
1885 1496 1973 1548 san-

599 1590 728 1655 otorum
755 1582 854 1655 domo
877 1586 947 1674 jam
981 1582 1248 1671 obdormierunt,
1283 1591 1318 1655 et
1348 1587 1570 1678 quieverunt,
1601 1596 1791 1660 munorum
1821 1590 1972 1683 Palm,

599 1706 634 1769 et
658 1700 868 1787 Doctorum;
895 1706 931 1769 ut
956 1698 1181 1780 orationihus,
1218 1709 1252 1769 et
1277 1698 1572 1773 intercessionibus
1598 1723 1735 1793 eoram,
1768 1703 1812 1777 ab
1839 1705 1971 1779 advo·-

598 1818 679 1885 sarii
705 1815 789 1886 dolis
816 1817 1012 1910 eripiamur,
1037 1837 1102 1886 nec
1128 1835 1195 1885 non
1223 1815 1265 1887 ab
1293 1814 1479 1888 hominihus
1505 1820 1688 1911 perversis.

701 1929 852 2000 Derane
877 1952 1003 2000 vocem.
1029 1928 1073 2001 llt
1099 1952 1216 2002 eorum
1243 1932 1298 2024 qui
1324 1930 1440 2004 sedulo
1468 1929 1690 2024 Evangeliuuu
1715 1945 1806 2009 tunm
1826 1938 1862 2008 in
1879 1938 1971 2009 omni

598 2054 688 2117 terra
721 2045 1004 2132 circumtulerunt,
1042 2055 1076 2118 et
1107 2043 1295 2119 Ecclesiam
1329 2056 1418 2117 mam
1448 2057 1598 2119 sancum
1628 2050 1661 2119 in
1688 2048 1880 2124 ortbodoxa
1904 2049 1969 2123 lidc

598 2161 893 2234 confirmaverunt:
919 2184 981 2256 per
997 2161 1174 2234 Orationes
1201 2184 1318 2233 eorum
1344 2182 1457 2256 paras,
1484 2184 1601 2234 omnes
1628 2162 1763 2256 adjuva,
1788 2176 1825 2242 et
1848 2169 1884 2239 in
1900 2168 1968 2238 mi-

597 2276 780 2350 sericordia
807 2287 863 2348 tua
889 2277 1068 2368 confirma,
1103 2288 1139 2349 ut
1172 2300 1247 2349 cum
1278 2276 1362 2369 illis,
1396 2288 1430 2350 et
1463 2280 1550 2350 inter
1582 2277 1658 2351 illos
1692 2280 1880 2355 retem
1912 2280 1969 2354 obt
2008 2286 2010 2289 ’

597 2393 759 2484 gloriam,
785 2402 849 2464 etc.
1950 2395 1953 2400 ’

700 2508 862 2601 Populus.
914 2508 1034 2581 Amen.

697 2622 874 2695 Sacerdos
899 2623 1091 2695 inclinatae.
1118 2625 1270 2713 Praesta,
1296 2624 1452 2715 Domine,
1478 2646 1540 2718 per
1565 2624 1762 2697 sacrificium
1787 2622 1855 2697 boo
1879 2624 1967 2720 quod

594 2739 836 2834 peccatricibus
864 2742 948 2811 meis
974 2738 1125 2811 manibus
1151 2739 1211 2811 tibi
1237 2739 1393 2827 ollertor,
1427 2742 1620 2811 memoriam
1655 2738 1778 2814 bonum
1802 2738 1966 2837 patribm,

592 2854 768 2948 fratribus,
796 2865 830 2927 et
855 2859 1024 2947 magistris
1050 2860 1195 2945 nostris,
1228 2865 1263 2927 et
1289 2853 1442 2928 omnibus
1474 2852 1625 2928 fidelibus
1658 2855 1822 2929 defunctis
1853 2858 1967 2943 istium

594 2980 630 3043 et
655 2974 893 3065 cujuscumque
918 2970 994 3043 loci.

639 3172 645 3184 ι
699 3088 851 3159 Derane
882 3108 1008 3159 uocem.
1061 3088 1224 3176 Domine,
1259 3086 1402 3159 Domine
1436 3084 1600 3158 hominum
1639 3096 1789 3178 amator,
1825 3091 1860 3189 in
1893 3088 1966 3162 s'u

594 3201 832 3277 Abrahamaeo
859 3202 989 3275 colloca
1017 3224 1077 3274 eos
1104 3205 1159 3296 qui
1185 3206 1219 3274 in
1245 3224 1329 3274 vera
1355 3201 1420 3273 tide
1445 3204 1547 3273 vitam
1573 3224 1668 3274 suam
1687 3212 1965 3288 comummorunt,

595 3318 752 3393 auferens
779 3320 1153 3415 dimittensqae‚omnes
1179 3316 1403 3414 iniquitates,
1422 3327 1457 3389 et
1489 3321 1799 3413 praevaricationes
1824 3314 1965 3404 filorum,

596 3446 631 3506 et
655 3444 806 3507 nostras:
834 3436 1044 3529 quianullus
1071 3444 1124 3507 est
1149 3456 1169 3504 a
1195 3437 1344 3529 peccatis
1371 3436 1544 3522 immunis,
1575 3435 1640 3506 n'mi
1664 3436 1829 3506 Dominus
1860 3433 1966 3521 Dum,

591 3560 631 3649 ⁸et
657 3550 815 3623 Salvator
841 3560 956 3623 noster
981 3552 1081 3621 lesus
1110 3548 1278 3636 Christus,
1304 3572 1365 3643 per
1392 3571 1502 3643 quem,
1531 3558 1566 3620 et
1589 3545 1854 3624 misericordiam
1875 3532 1968 3620 'oon-

596 3668 712 3760 sequi,
740 3676 774 3737 et
799 3668 1031 3739 remissionem
1059 3673 1275 3759 peccatorum
1301 3665 1417 3755 nobis,
1444 3674 1479 3736 et
1503 3664 1585 3758 ipsis
1611 3683 1799 3759 speramus,
1827 3672 1967 3759 propter

595 3802 681 3854 emn.

700 3898 861 3990 Populus.
915 3895 1060 3967 Dimitte.

699 4013 884 4085 Sacerdos.
937 4014 1100 4104 Ignosce,
1125 4013 1280 4101 Domine,
1308 4020 1342 4080 et
1368 4008 1492 4080 dimitte
1519 4030 1675 4095 errores,
1701 4015 1736 4079 et
1760 4008 1967 4105 mopteamr

596 4151 774 4201 servorum
801 4127 1059 4222 ancillarumque
1087 4138 1236 4213 tuamm,
1270 4137 1337 4197 tam
1373 4124 1520 4196 occrdtm
1556 4146 1655 4218 quam
1686 4120 1899 4211 manifestas,
1933 4134 1970 4197 et

595 4266 659 4316 uos
686 4247 779 4339 eripe
806 4267 826 4316 a
852 4243 1048 4317 confusione
1074 4265 1188 4316 coram
1214 4252 1258 4329 te,
1285 4252 1321 4312 ut
1346 4243 1380 4312 in
1405 4240 1504 4312 nobis
1529 4251 1667 4334 propter
1691 4258 1768 4327 uos,
1798 4247 1835 4309 et
1860 4246 1970 4313 nostri

597 4383 699 4432 causa
725 4360 949 4453 glorificetur,
976 4370 1011 4431 et
1036 4358 1186 4431 laudetur
1212 4380 1334 4430 nomen
1361 4365 1451 4427 tuum
1483 4354 1709 4442 benedictum,
1743 4362 1778 4425 et
1809 4354 1889 4428 Filii
1919 4360 1971 4431 tui

594 4478 729 4548 Domini
755 4480 859 4549 nostri
885 4478 968 4548 lesu
995 4473 1128 4563 Christi,
1155 4487 1189 4547 et
1215 4475 1357 4570 Spiritus
1383 4474 1539 4561 anaim,
1566 4481 1600 4543 et
1625 4472 1745 4559 sancti,
1774 4492 1875 4563 nuuc,
1903 4480 1970 4545 eto.

698 4592 861 4686 Populos.
914 4592 1016 4664 Sicut

698 4709 883 4780 Sacerdos
936 4707 1019 4779 Pax.

698 4823 860 4917 Populos.
912 4821 1055 4893 Etcum
1082 4826 1198 4918 spiritu
1225 4832 1292 4894 tuo.

698 4938 882 5011 Sacerdos.
935 4937 1197 5009 Misericordiae.

697 5054 885 5128 Diaconos.
934 5052 1119 5126 Credimus.
