5150 6534
907 878 967 955 DE
1000 876 1394 956 NESTORIANORUM
1425 876 1672 954 LITURGllS.
1890 874 1965 949 575

600 1061 687 1135 idem
715 1065 913 1157 significant.
965 1064 1032 1136 Ubi
1059 1068 1297 1136 miserationes
1323 1065 1506 1159 posuimus,
1533 1066 1589 1159 qui
1614 1063 1752 1135 Missam
1778 1061 1965 1134 Melabari-

599 1201 672 1251 cam
699 1184 902 1277 interpretati
930 1189 1022 1270 sunt,
1050 1204 1184 1253 rumores
1213 1190 1401 1279 nerterunt,
1436 1178 1574 1252 ridicule
1601 1201 1758 1275 prorsus,
1784 1202 1894 1274 neque
1922 1202 1969 1250 ex

600 1296 675 1368 stilo
702 1293 962 1385 Ecclesiastico,
990 1320 1010 1367 a
1038 1320 1103 1390 quo
1131 1319 1235 1392 saepe
1261 1305 1493 1384 recesserunt,
1521 1299 1584 1366 etsi
1610 1318 1815 1391 magnopere
1842 1294 1968 1365 viden-

599 1420 653 1482 tur
680 1413 711 1482 in
739 1416 850 1483 animo
877 1411 1054 1502 habuisse,
1086 1423 1121 1484 ut
1148 1411 1287 1484 verbum
1315 1410 1422 1484 verbo
1449 1411 1636 1482 redderent.
1689 1411 1757 1483 Sed
1785 1412 1860 1483 illos
1888 1417 1968 1506 qui-

601 1550 742 1622 cumque
768 1528 901 1616 suerint,
928 1528 1091 1623 Syriacae
1117 1526 1251 1620 linguae
1277 1551 1393 1624 parum
1419 1530 1545 1622 peritos
1562 1527 1678 1617 fuisse,
1705 1528 1812 1601 multis
1840 1529 1968 1599 indiciis

602 1647 810 1734 agnoscitur:
842 1644 929 1716 unde
963 1642 1005 1714 ab
1038 1643 1168 1715 illorum
1195 1648 1358 1718 sententia
1384 1643 1544 1715 recedere
1571 1648 1705 1739 saepius
1732 1666 1874 1717 necesse
1900 1643 2000 1740 luit..

601 1758 725 1831 Versio
751 1781 835 1831 vero
863 1783 960 1856 quam
981 1760 1107 1849 damus,
1134 1760 1211 1833 talis
1231 1771 1295 1849 est,
1322 1768 1357 1831 ut
1378 1761 1617 1855 simplicissima
1637 1763 1680 1832 sit
1694 1770 1727 1832 et
1743 1761 1942 1834 fidelissima.

704 1875 843 1947 XXVll.
895 1876 1069 1971 Reliquum
1108 1886 1160 1948 est
1202 1886 1238 1947 ut
1281 1876 1323 1947 de
1352 1875 1627 1948 Nestoriauorum
1667 1876 1839 1972 disciplina
1878 1879 1968 1947 circa
2033 1871 2179 1970 desertam
2197 1870 2292 1942 umque

602 2014 699 2065 usum
726 1994 860 2063 istarum
888 1992 1109 2084 liturgiarum
1137 1992 1264 2063 dicatur
1291 1992 1428 2086 aliquid:
1456 2014 1531 2062 nam
1558 1995 1644 2063 inter
1671 2013 1730 2063 eos
1757 2003 1969 2064 numerantur
1999 1959 2203 2097 {ffiffffl
2220 1957 2292 2011 ⁰⁰¹*

603 2107 930 2198 aProtestantibus,
958 2111 1011 2202 qui
1038 2131 1111 2178 cum
1139 2108 1219 2203 Syri
1249 2111 1329 2195 sint,
1364 2116 1397 2178 et
1432 2108 1575 2203 Sqriace
1606 2130 1703 2180 sacra
1729 2108 1871 2197 iaciant,
1907 2132 1968 2182 suo

603 2224 759 2318 exemplo
792 2224 946 2295 damnant
977 2222 1165 2294 Ecclesiam
1199 2222 1424 2312 Catholicam,
1457 2223 1546 2317 quod
1577 2223 1758 2294 vernacula
1792 2225 1903 2317 lingua
1936 2229 1968 2296 in

602 2340 670 2412 suis
698 2340 811 2412 officiis
838 2362 904 2412 non
931 2348 1048 2410 utatur.
1101 2337 1232 2409 Nullum
1259 2348 1370 2410 tamen
1397 2348 1469 2409 erat
1495 2361 1560 2434 quo
1584 2340 1697 2430 juvari
1723 2342 1828 2412 minus
1854 2352 1971 2436 posset

597 2471 704 2525 'causa
731 2455 1002 2542 Protestantium,
1030 2478 1126 2548 quam
1155 2475 1294 2549 prorsus
1321 2452 1516 2547 labefactat,
1544 2453 1816 2550 disciplinamque
1841 2455 1969 2528 Eccle-

604 2573 676 2641 siae
702 2569 876 2641 Romanae
902 2569 1037 2641 mirilice
1064 2570 1243 2642 confirmat.
1296 2569 1382 2642 Num
1414 2593 1460 2641 ex
1491 2593 1556 2665 quo
1583 2569 1776 2643 Nestoriani
1801 2570 1970 2668 Mesopo-

603 2688 725 2757 tamiae
751 2684 922 2757 Ecclesias
943 2707 1049 2781 prope
1076 2707 1191 2757 omnes
1220 2695 1481 2781 occupaverunt,
1509 2689 1632 2758 amisso
1661 2684 1812 2758 Graecae
1839 2688 1971 2780 linguae

604 2824 679 2891 usu,
705 2800 793 2872 illam
822 2823 953 2895 quoque
981 2805 1013 2872 in
1041 2806 1147 2875 sacris
1169 2802 1291 2874 Officiis
1319 2801 1528 2874 celebrandis
1544 2805 1736 2890 omiserunt,
1763 2804 1971 2898 Syriacaque

605 2914 679 2990 sola
713 2919 758 2986 uti
791 2927 981 3011 coeperunt.
1036 2916 1119 2990 Cum
1151 2941 1236 2991 vero
1268 2916 1414 2990 Arabica
1450 2916 1570 3012 ubique
1601 2921 1725 3014 passim
1766 2919 1971 3006 obtinuisset,

604 3034 649 3104 ita
676 3042 712 3103 ut
738 3032 802 3104 soli
829 3034 945 3105 eruditi
972 3033 1114 3129 Syrisce
1147 3036 1287 3121 scirent,
1323 3031 1419 3129 plebs
1451 3032 1620 3121 illiterata,
1652 3036 1717 3107 imo
1744 3033 1972 3107 Ecclesiastici

604 3151 686 3242 ipsi,
720 3170 787 3219 non
822 3152 885 3219 nisi
917 3149 1024 3220 studio
1067 3149 1229 3239 adhibito,
1267 3148 1442 3245 Syriacam
1475 3149 1621 3242 linguam
1654 3147 1890 3241 intelligerent,
1931 3172 1972 3221 ea

604 3271 714 3334 tamen
741 3267 825 3335 ratio
854 3268 932 3335 tanti
959 3268 1033 3335 visa
1060 3287 1128 3336 non
1156 3265 1226 3355 luit,
1253 3274 1289 3335 ut
1315 3268 1446 3359 antiqua
1473 3264 1677 3338 consuetudo
1706 3265 1912 3352 aboleretur,
1940 3275 1974 3336 et

516 3385 524 3394 ‘
604 3381 787 3451 vernacule
813 3404 909 3451 sacra
937 3379 1063 3451 luerent.
1091 3380 1187 3452 Unde
1214 3379 1277 3451 huc
1304 3403 1409 3475 usque
1436 3381 1522 3477 apud
1548 3379 1720 3453 Ecclesias
1754 3403 1869 3452 omnes
1895 3381 1972 3453 Ne-

605 3498 790 3583 storianas,
824 3519 891 3568 non
927 3497 1022 3569 aliter
1055 3521 1151 3592 quam
1188 3496 1332 3593 Syriaco
1364 3498 1474 3570 solent
1499 3495 1679 3586 celebrari,
1715 3497 1793 3568 licet
1822 3497 1972 3593 plerique

607 3610 811 3684 Sacerdotes
843 3636 918 3684 eam
953 3612 1099 3706 linguam
1132 3636 1200 3685 non
1231 3612 1423 3706 intelligant.
1477 3613 1594 3708 Neque
1625 3614 1658 3683 in
1688 3635 1730 3684 eo
1758 3617 1974 3685 constiterunt

605 3725 814 3798 Nestoriani:
847 3751 922 3799 nam
954 3752 1027 3800 cum
1064 3730 1182 3801 multas
1220 3732 1253 3799 in
1288 3730 1427 3801 Perside
1463 3729 1635 3800 Ecclesias
1669 3728 1878 3817 fundassent,
1918 3729 1974 3801 ubi

609 3842 775 3937 Syriacae
800 3845 934 3936 linguae
960 3867 1040 3916 usus
1073 3845 1180 3916 nullus
1215 3856 1301 3934 erat,
1335 3868 1410 3917 eam
1441 3856 1550 3917 tanren
1576 3844 1642 3916 illic
1669 3846 1701 3914 in
1734 3847 1839 3916 sacris
1875 3845 1972 3916 cele-

608 3955 743 4029 brandis
777 3963 991 4031 retinuerunt.
1044 3959 1138 4031 Plebi
1171 3964 1215 4031 ita
1258 3962 1512 4050 consuluerunt,
1547 3971 1582 4032 ut
1611 3959 1822 4032 Lectionaria
1855 3961 1972 4056 quibus

607 4072 780 4167 Epistolae
814 4087 846 4146 et
878 4073 1065 4167 Evangelia
1099 4076 1140 4147 de
1174 4075 1299 4147 circulo
1335 4079 1411 4148 anni
1443 4076 1712 4167 continebantur,
1753 4080 1889 4151 Persice
1915 4080 1972 4149 in-

607 4198 786 4283 terpretata
822 4200 953 4279 essent,
980 4202 1013 4262 et
1041 4192 1106 4262 tale
1133 4188 1306 4283 eleganter
1332 4202 1366 4264 et
1392 4203 1547 4264 accurate
1574 4197 1730 4288 scriptum
1756 4192 1853 4266 nobis
1886 4217 1973 4290 sup-

542 4331 546 4338 ·
606 4303 768 4398 peditavit
785 4303 987 4377 Bibliotheca
1015 4306 1217 4380 Colbertina.
1249 4309 1305 4380 An
1331 4331 1446 4404 porro,
1473 4319 1508 4380 ut
1534 4309 1619 4405 apud
1637 4309 1787 4404 Coptitas
1813 4310 1972 4398 Arabica,

606 4421 652 4490 ita
676 4421 811 4492 Persica
840 4425 1074 4518 scripturarum
1107 4428 1221 4496 versio
1254 4427 1339 4495 inter
1373 4424 1552 4498 lllissarum
1591 4426 1752 4500 solemnia
1791 4428 1973 4520 legeretur:

608 4558 651 4606 an
686 4536 729 4607 ad
768 4539 918 4631 privatos
951 4561 1031 4610 usus
1070 4549 1192 4610 tantum
1223 4543 1367 4611 instituta
1404 4541 1519 4636 luerit;
1562 4547 1624 4615 etsi
1658 4544 1758 4615 valde
1793 4544 1975 4617 verisimile

607 4648 759 4737 videtur,
797 4654 987 4749 exemplum
1038 4655 1237 4749 reliquorum
1278 4657 1491 4729 Orientalium
1541 4657 1800 4733 Christianorum
1841 4672 1975 4734 secutos

608 4787 687 4837 esse
722 4766 962 4840 Nestorianos:
1003 4780 1129 4859 tamen,
1168 4771 1255 4842 unde
1295 4782 1387 4844 certo
1428 4774 1607 4869 probetur,
1651 4774 1714 4846 buc
1756 4799 1863 4871 usque
1897 4778 1975 4850 nibil

608 4879 706 4952 nobis
739 4888 891 4954 occurrit.
944 4885 980 4957 ln
1009 4898 1160 4957 extrema
1196 4887 1350 4959 'lactaria
1390 4898 1424 4961 et
1454 4890 1696 4985 Turquestania
1730 4892 1848 4964 multas
1885 4916 1975 4987 quo-

609 5020 674 5092 que
707 4996 881 5070 Ecclesias
913 4999 1114 5091 habuerunt,
1150 5011 1250 5098 atque
1284 5004 1350 5076 illic
1382 5003 1602 5101 Episcopales
1635 5016 1669 5078 et
1700 5008 1975 5102 llletropolitanas

609 5113 709 5184 sedes
737 5135 847 5185 novas
874 5130 1074 5208 erexerunt,
1105 5117 1161 5189 ubi
1192 5141 1259 5191 non
1293 5120 1388 5192 aliter
1419 5144 1551 5216 quoque
1584 5145 1680 5217 mam
1708 5124 1851 5219 Syriace
1878 5145 1975 5194 sacra

608 5229 714 5300 officia
755 5230 1037 5322 celebrabuntur3
1085 5234 1172 5329 quod
1215 5235 1257 5306 de
1297 5236 1430 5309 Sinensi
1472 5237 1601 5309 illorum
1640 5238 1795 5311 Ecclesia
1834 5240 1976 5330 judicari

607 5366 675 5418 non
702 5349 774 5419 sine
807 5350 936 5423 ratione
969 5361 1091 5448 potest.
1136 5351 1222 5425 Nam
1250 5351 1333 5449 lapis
1360 5352 1502 5429 eliossus
1534 5376 1621 5428 anno
1653 5353 1860 5428 MDGXXV.
1913 5357 1975 5432 Si-
