5150 6534
782 849 812 925 S.
847 846 1012 925 Jttosst
1046 845 1268 925 misceri
1300 844 1638 943 BOTNANENSIS,
1666 863 1718 925 uc.
1866 845 1942 921 359

525 1011 529 1022 ¹
578 1036 734 1131 optimum
759 1037 869 1107 visum
895 1044 962 1107 est:
989 1047 1153 1128 natosque
1180 1045 1232 1105 est
1267 1056 1314 1105 ex
1345 1041 1441 1105 utero
1476 1033 1620 1122 carnali,
1655 1047 1691 1108 ut
1724 1043 1944 1128 regeneraret

576 1172 639 1223 nos
666 1173 730 1223 cn⁸
744 1151 903 1246 spirituali
936 1160 1041 1222 utero.
1095 1151 1218 1222 Factus
1252 1158 1305 1223 est
1336 1147 1435 1221 nobis
1466 1147 1587 1238 frater,
1621 1161 1657 1222 ut
1682 1173 1745 1226 nos
1771 1152 1857 1225 tilios
1884 1151 1943 1223 tibi

576 1265 720 1340 iaceret':
747 1266 865 1339 extulit
890 1289 952 1340 nos
980 1289 1025 1337 ex
1051 1265 1162 1337 humili
1189 1286 1364 1337 servorum
1390 1263 1593 1353 conditione,
1620 1275 1654 1337 et
1671 1267 1761 1338 dedit
1783 1265 1880 1338 nobis
1907 1275 1943 1337 ut

576 1382 619 1456 ad
644 1382 822 1455 haeredum
850 1382 1041 1473 dignitatem
1068 1385 1336 1476 perveniremus:
1371 1377 1505 1450 abstulit
1532 1403 1552 1450 a
1579 1380 1675 1456 nobis
1708 1385 1941 1455 mercenario-

573 1519 647 1571 rum
674 1502 863 1584 servitium,
891 1509 925 1568 et
951 1499 1119 1590 constituit
1144 1518 1207 1567 nos
1234 1499 1267 1565 in
1294 1495 1399 1586 gradu
1435 1495 1575 1567 liliorum
1611 1497 1813 1569 dilectorum.
1865 1499 1943 1570 Dc-

573 1614 657 1708 pulit
682 1637 702 1684 a
735 1613 926 1708 pectoribus
957 1616 1081 1684 nostris
1117 1614 1262 1706 spiritum
1295 1613 1481 1696 servitutis,
1512 1621 1548 1680 ut
1574 1616 1645 1704 Jam
1678 1614 1765 1687 absit
1796 1638 1816 1686 a
1843 1614 1942 1686 nobis

572 1730 673 1800 timor
698 1732 922 1826 captivorum,
950 1719 1098 1800 et'dedit
1122 1727 1220 1799 nobis
1256 1728 1403 1822 spiritum
1440 1725 1645 1820 adoptionis,
1681 1750 1746 1823 quo
1779 1742 1813 1802 te
1850 1730 1941 1801 lidu-

574 1843 702 1916 cialiter
726 1866 926 1916 vocaremus
953 1846 1086 1916 Patrem
1113 1853 1271 1915 nostrum.
1720 1831 1725 1842 ’

678 1961 828 2032 Electrae
854 1982 977 2030 aecem.
1017 1959 1061 2030 Et
1092 1957 1106 1995 ²
1132 1982 1206 2030 cum
1233 1967 1369 2053 paratus
1397 1967 1489 2030 esset
1515 1956 1558 2028 ad
1583 1959 1783 2052 patiendum,
1810 1961 1942 2056 reliquit

574 2075 672 2150 nohis
699 2081 749 2149 sni
776 2079 1131 2149 commemorationem.
1181 2074 1232 2145 Ea
1259 2073 1387 2146 scilicet
1412 2094 1557 2169 vespera
1584 2097 1648 2168 qua
1675 2076 1840 2172 completa
1867 2087 1942 2151 sunt

576 2195 686 2264 omnia
712 2195 872 2287 mysteria
899 2195 981 2287 typi,
1009 2201 1043 2262 et
1067 2191 1243 2276 miracula,
1281 2212 1321 2260 ea
1347 2198 1447 2260 nocte
1474 2213 1538 2283 qua
1565 2190 1757 2263 tradebatur
1781 2215 1844 2287 pro
1871 2194 1941 2264 vita

576 2315 611 2379 et
636 2308 742 2379 salute
767 2309 894 2395 mundi,
929 2310 1096 2400 accipiens
1123 2328 1242 2401 panem
1270 2308 1303 2374 in
1330 2326 1447 2376 manus
1474 2325 1553 2376 suas
1579 2317 1712 2378 sanctas
1739 2310 1872 2402 aspexit
1898 2308 1941 2378 ad

557 2432 609 2494 te
635 2422 726 2496 Deus
753 2424 865 2510 Pater,
891 2427 1018 2514 gratias
1046 2426 1115 2512 egit
1140 2422 1168 2509 †
1194 2420 1367 2491 benedixit
1391 2421 1420 2507 †
1445 2420 1588 2511 iregit†
1606 2421 1760 2516 deditque
1787 2446 1940 2515 congre-

573 2542 700 2630 gationi
726 2538 971 2633 Discipulornm
1005 2559 1158 2627 suornm,
1192 2546 1226 2607 et
1254 2535 1337 2606 dixit
1363 2539 1431 2607 eis:
1462 2537 1634 2631 Accipite,
1667 2539 1864 2611 manducate
1896 2563 1942 2611 ex

574 2676 633 2726 eo:
660 2655 735 2726 lloo
761 2663 813 2725 est
839 2676 960 2748 corpus
987 2675 1095 2724 meum
1121 2652 1211 2747 quod
1237 2675 1301 2746 pro
1329 2649 1428 2724 vobis
1461 2662 1495 2722 et
1526 2673 1588 2747 pro
1622 2654 1729 2727 multis
1765 2655 1938 2747 frangitur,

573 2779 609 2841 et
634 2770 748 2859 datur,
775 2768 816 2840 ad
844 2772 1074 2841 remissionem
1100 2778 1325 2864 peccatorum,
1352 2778 1386 2839 et
1410 2770 1512 2839 vitam
1540 2779 1719 2840 aeternam.

678 2886 839 2977 Papulas.
891 2888 1011 2957 Amen.

677 3001 859 3072 Sacerdos.
903 3001 1059 3072 Similiter
1086 3005 1183 3071 etiam
1208 3008 1382 3094 postquam
1410 3011 1653 3087 coenaverunt,
1681 3001 1817 3071 calicem
1846 3024 1937 3094 quo-

574 3137 640 3211 qne
663 3121 755 3189 vitae
782 3121 912 3189 miscuit
938 3140 983 3187 ex
1009 3120 1089 3188 vino
1117 3125 1151 3186 et
1177 3138 1280 3209 aqua,
1313 3122 1334 3197 ι
1367 3126 1401 3185 et
1432 3122 1453 3197 †
1487 3117 1706 3188 sanctificavit
1735 3122 1756 3197 †
1784 3116 1937 3211 deditque

573 3236 826 3324 congregationi
853 3233 1097 3327 Discipulornm
1124 3253 1270 3318 suorum,
1298 3242 1333 3302 et
1349 3230 1443 3332 ¹diescit
1468 3235 1536 3303 eis:
1562 3233 1733 3325 Accipite,
1761 3230 1865 3303 bibite
1893 3255 1939 3301 ox

574 3370 617 3420 eo
644 3369 709 3419 vos
736 3369 871 3437 omnes3
898 3348 960 3419 llic
987 3358 1040 3420 est
1065 3348 1155 3419 calix
1180 3347 1272 3419 Novi
1298 3346 1501 3418 Testamenti
1528 3349 1560 3416 in
1587 3369 1662 3418 meo
1683 3350 1856 3437 sangnine,
1884 3350 1938 3440 qui

574 3485 638 3559 pro
665 3464 763 3536 vobis
791 3474 824 3534 et
850 3486 911 3559 pro
939 3465 1047 3536 multis
1074 3462 1258 3550 effunditur,
1286 3472 1321 3533 et
1347 3461 1442 3533 datur
1467 3465 1500 3532 in
1526 3465 1753 3534 remissionem
1771 3473 1938 3558 peccato-

573 3601 658 3668 mm,
686 3589 719 3650 et
744 3583 846 3650 vitam
873 3589 1050 3680 aeternam.

679 3692 840 3787 Populus.
892 3697 1011 3768 Amen.

677 3809 860 3882 Sacerdos.
915 3811 1194 3902 Quotiescumque
1222 3812 1309 3880 enim
1343 3805 1581 3879 manducabitis
1614 3831 1733 3903 panem
1768 3810 1872 3899 hunc,
1907 3823 1940 3883 et

574 3925 659 3997 hunc
685 3925 823 3997 calicem
850 3925 988 4015 bibetis,
1021 3935 1158 3999 mortem
1187 3934 1220 3994 et
1244 3927 1524 3995 resurrectionem
1551 3946 1660 3995 meam
1687 3927 1938 4013 annunciabitis,

575 4040 681 4114 donec
707 4046 849 4114 veniam.

679 4156 840 4249 Populus.
894 4159 1011 4229 Mortis
1040 4165 1114 4227 tuae
1140 4155 1282 4226 Domine
1307 4156 1503 4225 meritoriam
1529 4156 1669 4245 agimus,

678 4273 852 4345 Sacerdos
869 4275 1000 4363 junctis
1024 4271 1185 4343 manibrio.
1220 4272 1303 4357 Quis
1330 4272 1471 4340 inveniri
1497 4280 1609 4364 potest
1635 4274 1689 4363 qui
1716 4272 1938 4364 magnificen-

575 4390 653 4459 tiam
679 4398 768 4459 tuam
795 4386 966 4459 sublimem
1000 4398 1034 4459 et
1067 4398 1235 4459 aeternam
1271 4386 1372 4477 digne
1404 4396 1554 4473 enarret,
1588 4407 1609 4455 o
1645 4386 1793 4459 Verbum
1826 4391 1938 4460 Deus!

576 4513 632 4576 aut
649 4507 721 4598 quis
739 4502 996 4598 comprehendet
1011 4506 1268 4575 exinanitionem
1284 4512 1372 4572 tuam
1388 4499 1628 4589 voluntariam3
1652 4511 1708 4571 aut
1731 4507 1804 4595 quis
1822 4503 1937 4598 expli-

575 4641 654 4690 care
679 4622 803 4713 poterit
827 4621 1030 4689 nativitatem
1058 4630 1144 4691 tuam
1168 4616 1349 4688 mirabilem
1370 4637 1415 4686 ex
1431 4615 1591 4707 Virgine;
1618 4626 1674 4687 ant
1700 4618 1777 4711 quid
1803 4618 1937 4689 relere-

574 4756 649 4806 mus
674 4756 736 4828 pro
763 4735 973 4829 passionibus
999 4735 1206 4820 voluntariis,
1234 4743 1267 4803 et
1293 4733 1475 4821 immeritis,
1502 4755 1584 4825 quas
1604 4735 1709 4804 nostri
1730 4755 1832 4804 causa
1854 4757 1937 4808 sus·

574 4852 715 4937 tinuisti,
749 4859 783 4919 et
815 4849 1000 4944 pertulisti?
1050 4851 1131 4936 Quis
1166 4848 1303 4919 sufficiat
1341 4845 1383 4917 ad
1421 4846 1641 4937 adorandam,
1676 4856 1709 4918 et
1740 4847 1938 4922 laudandam

574 4969 765 5039 universam
800 4964 1081 5060 dispensationem
1115 4976 1201 5035 tuam
1236 4963 1413 5034 salutarem
1445 4985 1507 5058 pro
1539 4962 1663 5036 nobis?
1712 4963 1939 5059 Deprecamur

573 5081 674 5172 igitur
700 5090 734 5151 te
759 5081 920 5168 Domine,
957 5091 991 5151 ut
1021 5085 1066 5152 in·
1090 5079 1144 5150 die
1175 5079 1288 5150 ultimo
1322 5077 1485 5151 adventus
1512 5082 1574 5167 tui,
1610 5079 1740 5173 qnando
1775 5094 1937 5158 venturus

574 5216 613 5269 es
636 5195 789 5288 judicare
815 5198 915 5268 vivos
943 5205 976 5267 et
1001 5204 1161 5285 mortuos,
1189 5195 1320 5289 quando
1347 5192 1480 5266 sedebis
1507 5216 1608 5289 super
1626 5196 1743 5269 solium
1766 5199 1937 5273 excelsum

495 5401 498 5406 .
575 5320 610 5383 et
636 5310 812 5403 elevatum,
840 5311 971 5405 quantm
997 5311 1120 5406 Angeh
1147 5321 1181 5383 et
1205 5309 1412 5403 Archangeli
1438 5314 1621 5384 consistent
1640 5336 1754 5387 coram
1776 5326 1810 5389 te
1824 5316 1938 5409 judice
