5150 6534
800 878 809 883 ’·
941 855 1633 933 LITURGIAPETRlll.
1896 857 1969 932 lot
2060 954 2068 971 ·

710 1042 859 1113 Mores
883 1062 1010 1113 rocem.
1063 1041 1196 1114 Exaudi
1222 1063 1295 1128 me,
1322 1040 1474 1115 Domine.

708 1156 870 1249 Populus.
922 1155 1028 1251 llyrie
1055 1156 1204 1244 eleison,
1230 1155 1337 1250 Kyme
1364 1154 1507 1243 eleison,
1535 1156 1641 1251 llyrie
1668 1154 1807 1228 eleison.

709 1271 893 1343 Sacerdos.
946 1269 991 1341 Ut
1017 1270 1202 1346 adveniens
1231 1263 1247 1304 ³
1274 1271 1393 1341 efficiat
1423 1293 1544 1366 panem
1579 1269 1665 1342 huno
1698 1294 1821 1367 corpus
1854 1271 1976 1345 Christi

604 1389 669 1460 Dei
696 1390 808 1459 nostri.
1017 1386 1178 1477 Populos.
1230 1385 1351 1456 Amen.

707 1501 892 1574 Sacerdos.
945 1498 989 1571 Et
1014 1500 1153 1571 calicem
1178 1499 1274 1587 hunc,
1302 1502 1499 1593 sanguinem
1526 1498 1649 1573 Christi
1675 1500 1739 1574 Dei
1765 1509 1880 1577 nostri.

711 1617 873 1710 Papulas.
913 1615 1033 1687 Amen.

708 1732 892 1804 Sacerdos.
944 1730 989 1802 Ut
1014 1733 1079 1802 sint
1105 1731 1422 1805 communicantibus
1449 1731 1491 1801 ad
1519 1753 1699 1828 corporum
1732 1744 1766 1804 et
1793 1737 1974 1809 animarum

596 1848 869 1931 ,emundationem
895 1844 937 1917 ab
965 1845 1116 1919 omnibus
1142 1846 1298 1937 maculis,
1330 1847 1372 1917 ad
1407 1849 1640 1920 remissionem
1674 1860 1907 1944 peccatorum,
1941 1862 1975 1923 et

602 1967 708 2038 vitam
734 1976 914 2036 aeternam.

707 2080 868 2173 Populus.
920 2079 1040 2153 Amen.

705 2194 894 2265 Diaconos.
948 2193 1101 2265 Oramus.

706 2307 882 2381 Sacerdos
906 2308 1097 2379 inclinatas.
1149 2307 1292 2413 suscipe
1319 2307 1605 2402 deprecationem,
1639 2316 1673 2377 et
1699 2307 1972 2402 supplicationem

601 2435 769 2515 nostram,
795 2427 956 2511 Domine,
985 2432 1018 2494 et
1044 2424 1194 2495 concede
1221 2423 1487 2517 tranquillitatem
1519 2423 1644 2517 populo
1678 2434 1756 2512 tuo,
1790 2433 1824 2494 et
1855 2447 1973 2520 pacem

602 2544 701 2634 gregi
728 2553 798 2629 tuo,
824 2549 859 2611 et
885 2538 1013 2611 custodi
1038 2560 1142 2610 veros
1169 2550 1338 2634 pastores,
1364 2561 1438 2608 oum
1466 2536 1714 2625 Sacerdotibus,
1743 2549 1777 2610 et
1800 2540 1973 2632 Diaconis,

602 2678 801 2751 omnemque
828 2654 961 2729 Clernm
988 2653 1163 2725 Ecclesiae
1189 2665 1267 2727 tuae
1294 2654 1425 2746 adjuva.

706 2772 857 2842 Eleoaas
883 2792 1007 2841 aocem.
1061 2768 1176 2841 Statue
1203 2792 1283 2859 eos,
1309 2771 1474 2857 Domine,
1508 2767 1640 2859 lirmos,
1672 2778 1706 2841 ct
1737 2781 1911 2866 potentes:
1938 2784 1973 2846 et

603 2887 747 2979 auxilio,
782 2897 817 2959 et
850 2883 1082 2981 tranquillitate
1117 2909 1203 2980 qnae
1230 2909 1276 2957 ex
1303 2895 1337 2957 te
1363 2895 1439 2974 est,
1466 2885 1625 2957 confirma
1652 2885 1746 2976 illos,
1773 2891 1818 2959 ita
1846 2898 1881 2958 ιιι
1906 2887 1971 2961 de-

603 3002 821 3099 precatores,
856 3014 889 3075 et
921 3004 1167 3073 intercessores
1199 3024 1262 3096 pro
1295 2999 1394 3072 nobis
1421 3003 1487 3072 sint
1520 2999 1607 3096 apud
1638 3010 1689 3091 te,
1724 3011 1759 3073 et
1788 3001 1972 3078 celeremus

601 3115 681 3206 tibi,
707 3126 770 3188 etc.

704 3232 866 3325 Populos.
918 3231 1039 3303 Amen.

579 3339 583 3342 ’
705 3347 880 3418 Sacerdos
905 3348 1098 3418 inclinatas.
1129 3345 1259 3418 Rursus
1285 3347 1429 3418 Domine
1457 3345 1596 3437 dignare
1623 3349 1813 3417 meminisse
1830 3349 1970 3437 illorum,

601 3466 657 3559 qni
682 3473 927 3559 praecepemnt
952 3459 1050 3533 nobis
1077 3472 1113 3533 ut
1138 3481 1303 3533 memores
1331 3482 1448 3532 eorum
1482 3481 1651 3551 essemus,
1682 3473 1717 3532 et
1751 3484 1867 3534 eornm
1903 3468 1971 3558 qni,

600 3601 676 3650 cnm
702 3578 825 3650 ollerre
850 3577 987 3665 vellent,
1014 3599 1081 3648 non
1108 3586 1294 3672 potuerunt.
1377 3583 1379 3588 '

706 3694 856 3765 ffleaaas
880 3715 1007 3764 aocera.
1060 3693 1227 3764 Memento
1254 3693 1354 3762 etiam
1379 3690 1523 3765 Domine
1555 3714 1670 3764 eorum
1704 3696 1759 3787 qui
1784 3693 1970 3767 Ecclesiam
2092 3769 2095 3776 p

600 3821 692 3882 tuam
718 3819 867 3881 sanctam
894 3809 1067 3900 adjuvant:
1095 3820 1169 3879 esto
1197 3808 1247 3879 eis
1274 3805 1443 3878 latibulum
1471 3816 1504 3877 et
1531 3806 1648 3879 domus
1664 3807 1795 3900 refugii,
1822 3807 1969 3882 liberans

602 3947 663 3999 eos
691 3924 732 3998 ab
761 3929 850 3998 omni
877 3925 1072 4020 daemonnm
1099 3923 1332 4016 bominumque
1357 3945 1500 4017 nequam
1535 3922 1793 4009 machinatione,
1829 3926 1904 4017 quia
1937 3935 1971 3994 tu

600 4041 759 4114 Salvator
786 4063 824 4113 es
852 4044 1012 4128 omnium,
1040 4050 1074 4110 et
1100 4038 1157 4111 tibi
1183 4037 1345 4129 gloriam,
1372 4047 1405 4108 et
1430 4036 1561 4108 laudem
1587 4037 1775 4127 referimus,
1802 4048 1865 4108 etc.

704 4156 864 4249 Populus.
917 4156 1036 4227 Amen.

703 4271 879 4343 Sacerdos
905 4272 1096 4342 inclinatus.
1134 4268 1301 4339 Memento
1321 4267 1464 4339 Domine
1482 4264 1615 4357 Regum
1631 4269 1786 4359 bdelium,
1805 4264 1820 4301 ⁴
1847 4280 1880 4340 et
1899 4273 1968 4341 im-

599 4390 691 4460 mitte
718 4387 874 4460 cordibus
901 4409 1015 4459 eorum
1043 4385 1182 4459 consilia
1209 4382 1347 4479 pacifica
1376 4386 1464 4455 circa
1490 4385 1645 4477 populum
1674 4397 1771 4458 tuum.

703 4504 854 4574 Elorum
879 4525 1004 4573 uocem.
1055 4502 1200 4573 Mentem
1229 4523 1344 4572 eorum
1372 4500 1426 4595 qui
1453 4520 1597 4591 regnare
1624 4523 1812 4596 supernos
1840 4502 1969 4589 volunt,

599 4613 655 4687 lac
675 4618 818 4689 Domine
839 4617 1031 4713 pacificam,
1061 4628 1095 4689 et
1114 4617 1155 4688 ab
1176 4615 1362 4688 invidorum
1379 4614 1588 4709 hostiumque
1602 4615 1753 4687 manibus
1770 4637 1833 4687 nos
1846 4616 1968 4688 libera:

600 4741 635 4801 nt
660 4731 849 4804 referamus
876 4733 955 4823 tibi,
982 4742 1045 4804 etc.

584 4861 590 4865 ’
703 4847 864 4940 Populus.
917 4850 1037 4919 Amen.

702 4962 878 5035 Sacerdos
904 4965 1097 5036 inclinatas.
1124 4964 1246 5034 lterum
1272 4963 1415 5034 Domine
1441 4962 1581 5054 dignare
1606 4963 1797 5033 meminisse
1819 4959 1970 5052 Virginis

599 5087 739 5149 sunctae
764 5080 911 5169 Mariae,
945 5090 979 5152 et
1010 5103 1084 5161 cum
1111 5101 1152 5150 ea
1180 5082 1325 5153 omnium
1358 5075 1616 5172 Prophetarum,
1649 5087 1682 5146 et
1712 5075 1968 5169 Apostolorum:

599 5214 675 5264 cum
700 5193 917 5291 Martyribus,
945 5206 979 5267 et
1005 5193 1284 5283 Confessoribus,
1310 5191 1512 5288 reliquisque
1538 5189 1688 5263 omnibns
1715 5192 1847 5263 sanctis.

653 5301 660 5315 ’
1674 5308 1724 5381 23
1744 5307 1762 5341 ⁸*
