5150 6534
602 795 676 874 rer
1169 804 1400 884 noran

596 983 661 1056 boc
691 984 856 1078 divinum,
883 999 917 1060 et
943 998 1112 1077 sanctum,
1139 1000 1172 1064 et
1197 992 1307 1065 fecisti
1338 1016 1403 1086 pos
1438 994 1558 1088 dignos
1584 999 1848 1100 communicandi
1881 1022 1969 1074 cer·-

596 1104 688 1196 pori,
715 1113 748 1174 et
774 1107 926 1195 sanguini
952 1109 1111 1197 unigeniti
1138 1107 1212 1179 Filii
1237 1113 1302 1199 tui,
1328 1114 1472 1204 quinos
1504 1136 1566 1208 per
1592 1134 1631 1186 se
1657 1117 1763 1209 ipsum
1798 1114 1966 1189 salvavit:

596 1240 669 1289 cum
697 1240 762 1312 quo
791 1229 824 1290 te
851 1219 965 1310 decet,
993 1232 1055 1293 etc.

699 1335 794 1406 Alio.
820 1323 919 1407 Deus
941 1336 1125 1427 adorande,
1153 1350 1186 1412 et
1212 1352 1328 1413 sancte
1354 1342 1436 1414 Jesu
1456 1343 1598 1433 Christe,
1625 1343 1781 1433 benedic,
1807 1355 1841 1417 et
1859 1366 1965 1439 parce

598 1450 837 1523 Sacerdotibus
864 1455 1056 1526 oeconomis
1081 1454 1258 1529 Ecclesiae
1284 1468 1361 1529 tuae
1388 1468 1542 1545 sanctae,
1573 1470 1607 1531 et
1631 1459 1791 1535 Diacouis
1818 1460 1967 1533 admiru-

597 1564 776 1639 strantibus
803 1570 963 1661 mysteria
989 1578 1043 1640 tua
1071 1570 1201 1662 divina,
1229 1582 1263 1644 et
1289 1574 1440 1647 omnibus
1466 1572 1617 1647 fidelibus
1643 1578 1753 1665 veris,
1780 1579 1836 1672 qui
1863 1598 1966 1649 com—

598 1686 848 1754 rnunieaverrmt
873 1682 949 1754 huic
975 1684 1148 1758 sacrificio.
1201 1688 1285 1778 Ale,
1313 1700 1347 1761 et
1373 1714 1453 1761 cura
1479 1689 1659 1785 orphanos,
1686 1690 1809 1783 adjuva
1831 1690 1966 1784 viduas,

597 1798 752 1868 conlirma
778 1820 944 1894 pauperes
971 1812 1006 1873 et
1031 1804 1237 1893 angustiatos
1264 1807 1398 1900 spiritu,
1425 1809 1508 1878 satia
1543 1810 1746 1896 esurientes,
1779 1818 1814 1879 et
1846 1829 1965 1883 omues

507 1943 514 1964 .
572 1916 652 2005 ·qui
679 1916 837 1986 invocant
863 1937 984 1987 nomen
1012 1927 1101 1989 tuum
1118 1930 1276 1991 sanctum.
1330 1921 1469 1993 Custodi
1484 1921 1560 1994 illos
1586 1926 1619 1993 in
1638 1926 1727 1995 omni
1741 1922 1820 1996 loco
1835 1922 1963 2019 absque

597 2028 741 2118 delictis,
769 2040 802 2101 et
826 2035 992 2125 peccatis,
1017 2042 1054 2103 ut
1081 2034 1121 2106 ab
1140 2036 1304 2128 omnibns,
1332 2047 1373 2113 et,
1389 2060 1452 2133 per
1478 2041 1599 2127 omnia,
1626 2050 1660 2111 et
1684 2047 1823 2137 propter
1849 2044 1961 2114 omnia

595 2144 747 2216 laudetur
772 2167 893 2219 nomen
920 2157 1008 2218 tuum
1035 2159 1205 2240 sanctum,
1231 2162 1295 2222 etc.

1015 2500 1530 2542 -.-ψ

1108 2885 1184 2975 ΑΙ)
1236 2885 1432 2979 utici

818 3103 1271 3222 ttionemn
1321 3105 1732 3225 titilletur

1189 3334 1362 3418 norun.

686 3567 739 3645 Du
762 3579 854 3640 titulis
869 3577 1070 3661 Liturgiarum
1092 3577 1201 3640 dictum
1224 3586 1271 3640 est
1294 3578 1373 3653 alibi,
1397 3584 1538 3658 quantum
1560 3596 1637 3659 opus
1660 3577 1725 3656 luit,
1748 3585 1780 3642 et
1801 3580 1954 3661 probatum

593 3684 686 3762 satis,
717 3700 757 3743 ex
785 3699 822 3744 eo
851 3681 917 3743 solo
946 3689 1123 3763 argumento
1151 3682 1261 3744 nullam
1283 3681 1430 3762 ejusmodi
1453 3679 1562 3741 Officiis
1586 3680 1777 3744 autoritatem
1799 3681 1953 3761 accedere,

594 3781 768 3860 praesertim
783 3796 850 3840 eum
865 3781 960 3861 major
975 3781 1093 3842 omnino
1110 3781 1149 3841 sit
1171 3799 1219 3856 ea,
1242 3798 1319 3860 quae
1343 3800 1383 3842 ex
1405 3797 1462 3840 usu
1477 3779 1681 3841 Ecclesiamm
1703 3782 1847 3861 nascitur,
1870 3798 1954 3863 quum

594 3898 671 3959 quae
694 3898 733 3941 ex
755 3877 820 3941 sola
843 3886 995 3956 autorum,
1026 3881 1114 3940 etiam
1144 3886 1333 3957 sanctorum,
1364 3879 1519 3960 dignitate.
1564 3877 1601 3939 Ut
1623 3887 1721 3941 autem
1743 3879 1815 3961 quid
1837 3879 1876 3944 de
1897 3881 1954 3943 ista

594 3978 781 4040 sentiendum
803 3980 842 4041 sit
871 3986 1070 4061 agnoscatur,
1100 3997 1152 4040 eas
1173 3979 1323 4061 Liturgias
1346 3978 1512 4039 referemus
1536 3996 1613 4057 quae
1635 3977 1729 4040 blarci
1750 3995 1861 4040 nomen
1880 3995 1953 4061 prae

594 4096 628 4139 se
652 4078 758 4139 serunt.
803 4077 899 4138 Prima
922 4085 951 4138 et
974 4078 1176 4157 antiquissima
1199 4076 1315 4138 Graeca
1338 4085 1394 4154 est,
1419 4076 1498 4137 edita
1521 4094 1538 4136 a
1560 4075 1677 4138 loanne
1699 4075 1737 4137 de
1760 4084 1867 4141 sancto
1888 4077 1956 4140 An-

594 4176 667 4237 ‹lrea
688 4175 844 4238 Ecclesiae
866 4175 1041 4237 Parisiensis
1064 4174 1228 4254 canonico,
1252 4195 1292 4236 ex
1314 4162 1493 4259 ἆπογρᾰφῳ
1516 4174 1636 4236 Codicis
1660 4174 1769 4236 Graeci
1791 4178 1905 4257 antiqui
1926 4182 1957 4238 et

595 4276 692 4337 bonae
715 4283 821 4353 notae,
852 4276 901 4355 qui
924 4276 989 4336 sive
1013 4274 1160 4335 Guillelmi
1184 4275 1282 4336 Sirleti
1306 4274 1471 4336 Cardinalis
1494 4273 1598 4350 suerit,
1628 4273 1694 4335 sive
1725 4274 1762 4335 ab
1792 4292 1831 4337 eo
1860 4275 1958 4339 selum

594 4375 676 4435 visus
699 4380 730 4435 et
752 4375 933 4454 exscriptus,
956 4380 1096 4453 superest
1118 4374 1148 4435 in
1170 4374 1355 4436 Bibliotheca
1378 4375 1408 4438 S.
1431 4373 1530 4434 Rasilii
1543 4372 1726 4435 Graecorum
1740 4371 1957 4436 Monachorum

594 4473 717 4551 Romae,
741 4473 900 4564 trprslalus
923 4491 989 4534 cum
1012 4472 1109 4535 multis
1132 4473 1197 4534 aliis
1221 4493 1259 4535 ex
1281 4474 1464 4536 blouasterio
1488 4472 1797 4553 Cryptae-ierratae,
1826 4490 1899 4534 cura
1921 4470 1958 4536 tt

594 4574 690 4635 Patris
714 4569 868 4634 Generalis
890 4574 947 4632 viri
969 4573 1093 4653 piissimi
1117 4579 1147 4633 et
1171 4571 1351 4649 doctissimi,
1375 4573 1460 4653 cujus
1484 4571 1630 4633 beneficio
1653 4569 1765 4633 Rornae
1786 4570 1868 4633 illum
1892 4579 1960 4632 tra-

595 4674 748 4749 ctavimus,
772 4679 803 4735 et
824 4672 1020 4753 integriorem
1042 4670 1217 4753 apographo
1239 4673 1416 4751 reperimus.
1445 4671 1637 4731 Haecautem
1648 4669 1793 4751 Liturgia,
1811 4668 1960 4750 Coptieae

595 4790 672 4851 quae
694 4772 803 4833 basilio
827 4769 1005 4833 adscribitur
1027 4771 1208 4848 primaevum
1231 4770 1386 4849 euenrplar
1408 4778 1472 4843 est,
1503 4776 1534 4830 et
1564 4767 1632 4829 olim
1655 4786 1715 4829 non
1738 4768 1794 4829 alia
1817 4767 1961 4830 utebatur

595 4870 799 4933 Alexandrina
821 4868 957 4930 Ecclesia
980 4849 1011 4929 dt
1034 4867 1102 4928 alibi
1125 4868 1328 4947 probavimus.
1372 4869 1469 4930 Aliam
1490 4869 1610 4930 nomine
1632 4866 1726 4928 blarci
1749 4873 1854 4928 extare
1876 4866 1962 4948 apud

595 4988 667 5033 suos
689 4968 841 5032 lacebitas
862 4966 1033 5048 Aegyptios
1056 4968 1175 5047 scripsit
1196 4966 1388 5043 Abnlbircat,
1418 4975 1448 5029 et
1470 4969 1534 5048 ejus
1558 4965 1756 5049 fragmentum
1777 4965 1907 5028 vidimus
1930 4966 1961 5027 in

596 5067 770 5149 quibusdam
794 5065 882 5127 codd.
926 5067 967 5127 At
989 5068 1018 5128 in
1041 5065 1213 5127 melioribus
1236 5085 1295 5129 non
1320 5074 1417 5128 extat:
1441 5075 1471 5128 et
1492 5066 1750 5147 suspectissimum
1772 5072 1821 5127 est
1841 5066 1962 5128 autoris

595 5167 811 5242 testimonium,
842 5167 892 5246 qui
916 5172 1014 5226 tamen
1037 5165 1095 5227 alio
1120 5165 1187 5228 loco
1210 5184 1244 5228 se
1268 5166 1415 5247 explieat,
1445 5167 1512 5228 dum
1535 5165 1575 5226 ait
1598 5182 1664 5228 eam
1687 5182 1868 5245 essequam
1893 5162 1964 5246 cy-

596 5266 681 5327 rillus
703 5265 840 5347 perfecit.
884 5263 1027 5344 itaquae
1051 5262 1164 5344 Cyrillo
1189 5266 1327 5329 tribuitur
1355 5285 1372 5327 a
1395 5266 1571 5347 quibusdam
1593 5266 1695 5328 blareo
1719 5263 1873 5344 adscripta
1897 5270 1963 5327 est:
