<?xml version="1.0" encoding="UTF-8"?>
<!DOCTYPE html PUBLIC "-//W3C//DTD XHTML 1.0 Transitional//EN"
    "http://www.w3.org/TR/xhtml1/DTD/xhtml1-transitional.dtd">
<html xmlns="http://www.w3.org/1999/xhtml" xml:lang="en" lang="en">
 <head>
  <title>
</title>
<meta http-equiv="Content-Type" content="text/html;charset=utf-8" />
  <meta name='ocr-system' content='tesseract 3.04.00' />
  <meta name='ocr-capabilities' content='ocr_page ocr_carea ocr_par ocr_line ocrx_word'/>
</head>
<body>
  <div class='ocr_page' id='page_1' title='image "./liturgiarumorie00renagoog_0261.png"; bbox 0 0 5150 6534; ppageno 0'>
   <div class='ocr_carea' id='block_1_1' title="bbox 975 880 1968 960">
    <p class='ocr_par' dir='ltr' id='par_1_1' title="bbox 975 880 1968 960">
     <span class='ocr_line' id='line_1_1' title="bbox 975 880 1968 960; baseline -0.001 0"><span class='ocrx_word' id='word_1_1' title='bbox 975 880 1602 960; x_wconf 78' lang='lat' dir='ltr'><strong>snttdtttdttnttt</strong></span> <span class='ocrx_word' id='word_1_2' title='bbox 1890 882 1968 959; x_wconf 82' lang='lat'><strong>223</strong></span> 
     </span>
    </p>
   </div>
   <div class='ocr_carea' id='block_1_2' title="bbox 557 1065 1994 2303">
    <p class='ocr_par' dir='ltr' id='par_1_2' title="bbox 602 1065 1994 1520">
     <span class='ocr_line' id='line_1_2' title="bbox 604 1065 1994 1165; baseline -0.001 -21"><span class='ocrx_word' id='word_1_3' title='bbox 604 1069 766 1159; x_wconf 85' lang='lat' dir='ltr'><strong>anobis,</strong></span> <span class='ocrx_word' id='word_1_4' title='bbox 798 1091 909 1165; x_wconf 82' lang='lat' dir='ltr'><strong>neque</strong></span> <span class='ocrx_word' id='word_1_5' title='bbox 939 1068 1056 1165; x_wconf 90' lang='lat' dir='ltr'><strong>procul</strong></span> <span class='ocrx_word' id='word_1_6' title='bbox 1082 1068 1187 1141; x_wconf 88' lang='lat' dir='ltr'><strong>iacias</strong></span> <span class='ocrx_word' id='word_1_7' title='bbox 1214 1068 1337 1140; x_wconf 86' lang='lat' dir='ltr'><strong>auxilia</strong></span> <span class='ocrx_word' id='word_1_8' title='bbox 1364 1079 1438 1157; x_wconf 79' lang='lat' dir='ltr'><strong>tua3</strong></span> <span class='ocrx_word' id='word_1_9' title='bbox 1469 1067 1529 1142; x_wconf 88' lang='lat' dir='ltr'><strong>sed</strong></span> <span class='ocrx_word' id='word_1_10' title='bbox 1556 1071 1670 1165; x_wconf 86' lang='lat' dir='ltr'><strong>aspice</strong></span> <span class='ocrx_word' id='word_1_11' title='bbox 1694 1091 1777 1159; x_wconf 85' lang='lat' dir='ltr'><strong>uos,</strong></span> <span class='ocrx_word' id='word_1_12' title='bbox 1809 1080 1844 1143; x_wconf 86' lang='lat' dir='ltr'><strong>at</strong></span> <span class='ocrx_word' id='word_1_13' title='bbox 1877 1065 1994 1142; x_wconf 89' lang='lat' dir='ltr'><strong>mitte</strong></span> 
     </span>
     <span class='ocr_line' id='line_1_3' title="bbox 603 1183 1969 1281; baseline -0.002 -21"><span class='ocrx_word' id='word_1_14' title='bbox 603 1188 747 1281; x_wconf 81' lang='lat' dir='ltr'><strong>gratiam</strong></span> <span class='ocrx_word' id='word_1_15' title='bbox 773 1195 861 1257; x_wconf 87' lang='lat' dir='ltr'><strong>tuam</strong></span> <span class='ocrx_word' id='word_1_16' title='bbox 890 1184 933 1255; x_wconf 88' lang='lat' dir='ltr'><strong>ad</strong></span> <span class='ocrx_word' id='word_1_17' title='bbox 958 1192 1108 1258; x_wconf 89' lang='lat' dir='ltr'><strong>nostrum</strong></span> <span class='ocrx_word' id='word_1_18' title='bbox 1133 1183 1324 1256; x_wconf 83' lang='lat' dir='ltr'><strong>subsidium.</strong></span> <span class='ocrx_word' id='word_1_19' title='bbox 1376 1184 1431 1256; x_wconf 86' lang='lat' dir='ltr'><strong>nt</strong></span> <span class='ocrx_word' id='word_1_20' title='bbox 1469 1186 1622 1259; x_wconf 82' lang='lat' dir='ltr'><strong>omnibus</strong></span> <span class='ocrx_word' id='word_1_21' title='bbox 1648 1184 1838 1260; x_wconf 82' lang='lat' dir='ltr'><strong>criminibus</strong></span> <span class='ocrx_word' id='word_1_22' title='bbox 1862 1186 1969 1259; x_wconf 82' lang='lat' dir='ltr'><strong>liltera</strong></span> 
     </span>
     <span class='ocr_line' id='line_1_4' title="bbox 603 1299 1968 1396; baseline -0.001 -21"><span class='ocrx_word' id='word_1_23' title='bbox 603 1325 680 1392; x_wconf 86' lang='lat' dir='ltr'><strong>nos,</strong></span> <span class='ocrx_word' id='word_1_24' title='bbox 706 1324 816 1396; x_wconf 90' lang='lat' dir='ltr'><strong>neque</strong></span> <span class='ocrx_word' id='word_1_25' title='bbox 841 1299 983 1388; x_wconf 86' lang='lat' dir='ltr'><strong>inducas</strong></span> <span class='ocrx_word' id='word_1_26' title='bbox 1004 1321 1068 1371; x_wconf 89' lang='lat' dir='ltr'><strong>nos</strong></span> <span class='ocrx_word' id='word_1_27' title='bbox 1094 1303 1128 1371; x_wconf 92' lang='lat' dir='ltr'><strong>in</strong></span> <span class='ocrx_word' id='word_1_28' title='bbox 1154 1303 1379 1391; x_wconf 73' lang='lat' dir='ltr'><strong>tentationem,</strong></span> <span class='ocrx_word' id='word_1_29' title='bbox 1406 1303 1483 1395; x_wconf 90' lang='lat' dir='ltr'><strong>quia</strong></span> <span class='ocrx_word' id='word_1_30' title='bbox 1506 1302 1568 1384; x_wconf 86' lang='lat' dir='ltr'><strong>tibi</strong></span> <span class='ocrx_word' id='word_1_31' title='bbox 1588 1313 1641 1374; x_wconf 91' lang='lat' dir='ltr'><strong>est</strong></span> <span class='ocrx_word' id='word_1_32' title='bbox 1659 1309 1820 1396; x_wconf 85' lang='lat' dir='ltr'><strong>potestas,</strong></span> <span class='ocrx_word' id='word_1_33' title='bbox 1846 1312 1880 1373; x_wconf 87' lang='lat' dir='ltr'><strong>et</strong></span> <span class='ocrx_word' id='word_1_34' title='bbox 1898 1305 1968 1373; x_wconf 89' lang='lat' dir='ltr'><strong>im-</strong></span> 
     </span>
     <span class='ocr_line' id='line_1_5' title="bbox 602 1414 1921 1520; baseline -0.002 -30"><span class='ocrx_word' id='word_1_35' title='bbox 602 1420 731 1520; x_wconf 79' lang='lat' dir='ltr'><strong>perium</strong></span> <span class='ocrx_word' id='word_1_36' title='bbox 758 1427 942 1504; x_wconf 87' lang='lat' dir='ltr'><strong>aeternum,</strong></span> <span class='ocrx_word' id='word_1_37' title='bbox 969 1427 1003 1488; x_wconf 87' lang='lat' dir='ltr'><strong>et</strong></span> <span class='ocrx_word' id='word_1_38' title='bbox 1028 1415 1088 1488; x_wconf 91' lang='lat' dir='ltr'><strong>tibi</strong></span> <span class='ocrx_word' id='word_1_39' title='bbox 1114 1414 1255 1508; x_wconf 84' lang='lat' dir='ltr'><strong>gloriam</strong></span> <span class='ocrx_word' id='word_1_40' title='bbox 1281 1426 1316 1486; x_wconf 90' lang='lat' dir='ltr'><strong>et</strong></span> <span class='ocrx_word' id='word_1_41' title='bbox 1341 1419 1521 1508; x_wconf 83' lang='lat' dir='ltr'><strong>gratiarum</strong></span> <span class='ocrx_word' id='word_1_42' title='bbox 1548 1421 1711 1490; x_wconf 87' lang='lat' dir='ltr'><strong>actionem</strong></span> <span class='ocrx_word' id='word_1_43' title='bbox 1737 1415 1921 1490; x_wconf 77' lang='lat' dir='ltr'><strong>referimus.</strong></span> 
     </span>
    </p>

    <p class='ocr_par' dir='ltr' id='par_1_3' title="bbox 557 1528 1042 1627">
     <span class='ocr_line' id='line_1_6' title="bbox 557 1528 1042 1627; baseline -0.01 -19"><span class='ocrx_word' id='word_1_44' title='bbox 557 1528 562 1539; x_wconf 87' lang='grc'>’</span> <span class='ocrx_word' id='word_1_45' title='bbox 708 1534 870 1627; x_wconf 81' lang='lat' dir='ltr'><strong>Populus.</strong></span> <span class='ocrx_word' id='word_1_46' title='bbox 922 1533 1042 1605; x_wconf 87' lang='lat' dir='ltr'><strong>Amen.</strong></span> 
     </span>
    </p>

    <p class='ocr_par' dir='ltr' id='par_1_4' title="bbox 705 1648 1027 1722">
     <span class='ocr_line' id='line_1_7' title="bbox 705 1648 1027 1722; baseline -0.009 0"><span class='ocrx_word' id='word_1_47' title='bbox 705 1650 890 1722; x_wconf 81' lang='lat' dir='ltr'><strong>Sacerdos.</strong></span> <span class='ocrx_word' id='word_1_48' title='bbox 943 1648 1027 1720; x_wconf 85' lang='lat' dir='ltr'><strong>Pax.</strong></span> 
     </span>
    </p>

    <p class='ocr_par' dir='ltr' id='par_1_5' title="bbox 602 1764 1968 2074">
     <span class='ocr_line' id='line_1_8' title="bbox 706 1764 1967 1857; baseline 0.001 -21"><span class='ocrx_word' id='word_1_49' title='bbox 706 1765 893 1836; x_wconf 64' lang='lat' dir='ltr'><strong>moeonas.</strong></span> <span class='ocrx_word' id='word_1_50' title='bbox 946 1764 1036 1836; x_wconf 84' lang='lat' dir='ltr'><strong>Ante</strong></span> <span class='ocrx_word' id='word_1_51' title='bbox 1063 1765 1309 1857; x_wconf 76' lang='lat' dir='ltr'><strong>susceptionem</strong></span> <span class='ocrx_word' id='word_1_52' title='bbox 1336 1765 1571 1857; x_wconf 78' lang='lat' dir='ltr'><strong>mysteriorum</strong></span> <span class='ocrx_word' id='word_1_53' title='bbox 1602 1764 1742 1837; x_wconf 88' lang='lat' dir='ltr'><strong>istorum</strong></span> <span class='ocrx_word' id='word_1_54' title='bbox 1767 1775 1967 1854; x_wconf 82' lang='lat' dir='ltr'><strong>sanctorum,</strong></span> 
     </span>
     <span class='ocr_line' id='line_1_9' title="bbox 603 1878 1968 1977; baseline 0.002 -25"><span class='ocrx_word' id='word_1_55' title='bbox 603 1904 690 1976; x_wconf 86' lang='lat' dir='ltr'><strong>quae</strong></span> <span class='ocrx_word' id='word_1_56' title='bbox 726 1879 838 1953; x_wconf 89' lang='lat' dir='ltr'><strong>oblata</strong></span> <span class='ocrx_word' id='word_1_57' title='bbox 871 1887 962 1968; x_wconf 90' lang='lat' dir='ltr'><strong>sunt,</strong></span> <span class='ocrx_word' id='word_1_58' title='bbox 996 1880 1114 1950; x_wconf 90' lang='lat' dir='ltr'><strong>iterum</strong></span> <span class='ocrx_word' id='word_1_59' title='bbox 1147 1900 1261 1951; x_wconf 86' lang='lat' dir='ltr'><strong>coram</strong></span> <span class='ocrx_word' id='word_1_60' title='bbox 1301 1878 1445 1949; x_wconf 89' lang='lat' dir='ltr'><strong>Domino</strong></span> <span class='ocrx_word' id='word_1_61' title='bbox 1478 1878 1685 1952; x_wconf 85' lang='lat' dir='ltr'><strong>misericordi</strong></span> <span class='ocrx_word' id='word_1_62' title='bbox 1715 1885 1824 1977; x_wconf 87' lang='lat' dir='ltr'><strong>capita</strong></span> <span class='ocrx_word' id='word_1_63' title='bbox 1853 1894 1968 1957; x_wconf 87' lang='lat' dir='ltr'><strong>nostra</strong></span> 
     </span>
     <span class='ocr_line' id='line_1_10' title="bbox 602 1994 806 2074; baseline -0.01 -7"><span class='ocrx_word' id='word_1_64' title='bbox 602 1994 806 2074; x_wconf 86' lang='lat' dir='ltr'><strong>inclinemus.</strong></span> 
     </span>
    </p>

    <p class='ocr_par' dir='ltr' id='par_1_6' title="bbox 708 2107 1298 2205">
     <span class='ocr_line' id='line_1_11' title="bbox 708 2107 1298 2205; baseline -0.003 -24"><span class='ocrx_word' id='word_1_65' title='bbox 708 2111 869 2205; x_wconf 80' lang='lat' dir='ltr'><strong>Populus.</strong></span> <span class='ocrx_word' id='word_1_66' title='bbox 918 2107 1046 2184; x_wconf 80' lang='lat' dir='ltr'><strong>Coram</strong></span> <span class='ocrx_word' id='word_1_67' title='bbox 1073 2120 1118 2200; x_wconf 90' lang='lat' dir='ltr'><strong>te,</strong></span> <span class='ocrx_word' id='word_1_68' title='bbox 1143 2110 1298 2181; x_wconf 90' lang='lat' dir='ltr'><strong>Domine.</strong></span> 
     </span>
    </p>

    <p class='ocr_par' dir='ltr' id='par_1_7' title="bbox 680 2202 1966 2303">
     <span class='ocr_line' id='line_1_12' title="bbox 680 2202 1966 2303; baseline 0.004 -5"><span class='ocrx_word' id='word_1_69' title='bbox 680 2226 881 2298; x_wconf 41' lang='lat' dir='ltr'><strong>*Sacerdos</strong></span> <span class='ocrx_word' id='word_1_70' title='bbox 907 2227 1044 2298; x_wconf 81' lang='lat' dir='ltr'><strong>elevans</strong></span> <span class='ocrx_word' id='word_1_71' title='bbox 1068 2248 1193 2297; x_wconf 78' lang='lat' dir='ltr'><strong>nocero.</strong></span> <span class='ocrx_word' id='word_1_72' title='bbox 1248 2222 1448 2295; x_wconf 80' lang='lat' dir='ltr'><strong>cumomni</strong></span> <span class='ocrx_word' id='word_1_73' title='bbox 1481 2232 1597 2296; x_wconf 89' lang='lat' dir='ltr'><strong>natura</strong></span> <span class='ocrx_word' id='word_1_74' title='bbox 1629 2237 1664 2298; x_wconf 88' lang='lat' dir='ltr'><strong>et</strong></span> <span class='ocrx_word' id='word_1_75' title='bbox 1692 2239 1844 2301; x_wconf 85' lang='lat' dir='ltr'><strong>creatura</strong></span> <span class='ocrx_word' id='word_1_76' title='bbox 1879 2202 1966 2303; x_wconf 75' lang='lat' dir='ltr'><strong>doe-</strong></span> 
     </span>
    </p>
   </div>
   <div class='ocr_carea' id='block_1_3' title="bbox 602 2337 2100 2440">
    <p class='ocr_par' dir='ltr' id='par_1_8' title="bbox 602 2337 2100 2440">
     <span class='ocr_line' id='line_1_13' title="bbox 602 2337 2100 2440; baseline 0.003 -27"><span class='ocrx_word' id='word_1_77' title='bbox 602 2339 735 2415; x_wconf 89' lang='lat' dir='ltr'><strong>lestium</strong></span> <span class='ocrx_word' id='word_1_78' title='bbox 762 2352 796 2414; x_wconf 90' lang='lat' dir='ltr'><strong>et</strong></span> <span class='ocrx_word' id='word_1_79' title='bbox 820 2345 1037 2430; x_wconf 86' lang='lat' dir='ltr'><strong>terrestrium,</strong></span> <span class='ocrx_word' id='word_1_80' title='bbox 1065 2364 1150 2436; x_wconf 90' lang='lat' dir='ltr'><strong>quae</strong></span> <span class='ocrx_word' id='word_1_81' title='bbox 1177 2350 1211 2412; x_wconf 90' lang='lat' dir='ltr'><strong>te</strong></span> <span class='ocrx_word' id='word_1_82' title='bbox 1237 2339 1367 2428; x_wconf 84' lang='lat' dir='ltr'><strong>adorat,</strong></span> <span class='ocrx_word' id='word_1_83' title='bbox 1392 2337 1548 2427; x_wconf 89' lang='lat' dir='ltr'><strong>Domine,</strong></span> <span class='ocrx_word' id='word_1_84' title='bbox 1574 2351 1610 2412; x_wconf 90' lang='lat' dir='ltr'><strong>ut</strong></span> <span class='ocrx_word' id='word_1_85' title='bbox 1626 2346 1736 2417; x_wconf 90' lang='lat' dir='ltr'><strong>animo</strong></span> <span class='ocrx_word' id='word_1_86' title='bbox 1750 2347 1967 2440; x_wconf 87' lang='lat' dir='ltr'><strong>concipimus,</strong></span> <span class='ocrx_word' id='word_1_87' title='bbox 2094 2415 2100 2427; x_wconf 82' lang='lat'><strong>,</strong></span> 
     </span>
    </p>
   </div>
   <div class='ocr_carea' id='block_1_4' title="bbox 588 2455 2047 5447">
    <p class='ocr_par' dir='ltr' id='par_1_9' title="bbox 602 2455 2047 3362">
     <span class='ocr_line' id='line_1_14' title="bbox 603 2455 1967 2561; baseline 0.003 -32"><span class='ocrx_word' id='word_1_88' title='bbox 603 2479 667 2530; x_wconf 93' lang='lat' dir='ltr'><strong>uos</strong></span> <span class='ocrx_word' id='word_1_89' title='bbox 693 2481 826 2555; x_wconf 79' lang='lat' dir='ltr'><strong>quoque</strong></span> <span class='ocrx_word' id='word_1_90' title='bbox 852 2459 1080 2531; x_wconf 91' lang='lat' dir='ltr'><strong>adorationem</strong></span> <span class='ocrx_word' id='word_1_91' title='bbox 1106 2480 1224 2528; x_wconf 89' lang='lat' dir='ltr'><strong>veram</strong></span> <span class='ocrx_word' id='word_1_92' title='bbox 1251 2477 1325 2526; x_wconf 89' lang='lat' dir='ltr'><strong>cum</strong></span> <span class='ocrx_word' id='word_1_93' title='bbox 1352 2456 1495 2527; x_wconf 88' lang='lat' dir='ltr'><strong>cervicis</strong></span> <span class='ocrx_word' id='word_1_94' title='bbox 1529 2455 1728 2556; x_wconf 80' lang='lat' dir='ltr'><strong>demissione</strong></span> <span class='ocrx_word' id='word_1_95' title='bbox 1760 2460 1819 2533; x_wconf 90' lang='lat' dir='ltr'><strong>tibi</strong></span> <span class='ocrx_word' id='word_1_96' title='bbox 1850 2460 1967 2561; x_wconf 84' lang='lat' dir='ltr'><strong>oileri-</strong></span> 
     </span>
     <span class='ocr_line' id='line_1_15' title="bbox 603 2562 1966 2667; baseline 0.003 -22"><span class='ocrx_word' id='word_1_97' title='bbox 603 2594 698 2662; x_wconf 89' lang='lat' dir='ltr'><strong>mus;</strong></span> <span class='ocrx_word' id='word_1_98' title='bbox 724 2584 758 2646; x_wconf 90' lang='lat' dir='ltr'><strong>et</strong></span> <span class='ocrx_word' id='word_1_99' title='bbox 785 2599 805 2645; x_wconf 93' lang='lat' dir='ltr'><strong>a</strong></span> <span class='ocrx_word' id='word_1_100' title='bbox 832 2596 958 2648; x_wconf 90' lang='lat' dir='ltr'><strong>summa</strong></span> <span class='ocrx_word' id='word_1_101' title='bbox 984 2577 1121 2645; x_wconf 90' lang='lat' dir='ltr'><strong>caritate</strong></span> <span class='ocrx_word' id='word_1_102' title='bbox 1148 2582 1202 2643; x_wconf 92' lang='lat' dir='ltr'><strong>tua</strong></span> <span class='ocrx_word' id='word_1_103' title='bbox 1228 2570 1450 2667; x_wconf 89' lang='lat' dir='ltr'><strong>postulamus,</strong></span> <span class='ocrx_word' id='word_1_104' title='bbox 1482 2581 1518 2642; x_wconf 94' lang='lat' dir='ltr'><strong>ut</strong></span> <span class='ocrx_word' id='word_1_105' title='bbox 1549 2569 1711 2647; x_wconf 83' lang='lat' dir='ltr'><strong>illumines</strong></span> <span class='ocrx_word' id='word_1_106' title='bbox 1744 2578 1871 2651; x_wconf 90' lang='lat' dir='ltr'><strong>animas</strong></span> <span class='ocrx_word' id='word_1_107' title='bbox 1896 2562 1966 2649; x_wconf 93' lang='lat' dir='ltr'><strong>no-</strong></span> 
     </span>
     <span class='ocr_line' id='line_1_16' title="bbox 603 2686 2047 2782; baseline 0.003 -19"><span class='ocrx_word' id='word_1_108' title='bbox 603 2696 691 2763; x_wconf 89' lang='lat' dir='ltr'><strong>stras</strong></span> <span class='ocrx_word' id='word_1_109' title='bbox 718 2691 860 2762; x_wconf 88' lang='lat' dir='ltr'><strong>veritate</strong></span> <span class='ocrx_word' id='word_1_110' title='bbox 885 2699 951 2760; x_wconf 90' lang='lat' dir='ltr'><strong>tua.</strong></span> <span class='ocrx_word' id='word_1_111' title='bbox 1003 2687 1126 2760; x_wconf 83' lang='lat' dir='ltr'><strong>Munda</strong></span> <span class='ocrx_word' id='word_1_112' title='bbox 1153 2709 1216 2759; x_wconf 93' lang='lat' dir='ltr'><strong>nos</strong></span> <span class='ocrx_word' id='word_1_113' title='bbox 1243 2686 1394 2782; x_wconf 80' lang='lat' dir='ltr'><strong>hyssopo</strong></span> <span class='ocrx_word' id='word_1_114' title='bbox 1421 2697 1496 2758; x_wconf 90' lang='lat' dir='ltr'><strong>tuo:</strong></span> <span class='ocrx_word' id='word_1_115' title='bbox 1523 2690 1690 2762; x_wconf 87' lang='lat' dir='ltr'><strong>sanctifica</strong></span> <span class='ocrx_word' id='word_1_116' title='bbox 1711 2713 1775 2764; x_wconf 87' lang='lat' dir='ltr'><strong>nos</strong></span> <span class='ocrx_word' id='word_1_117' title='bbox 1793 2695 1967 2766; x_wconf 80' lang='lat' dir='ltr'><strong>sanctitate</strong></span> <span class='ocrx_word' id='word_1_118' title='bbox 2045 2697 2047 2703; x_wconf 79' lang='grc'>’</span> 
     </span>
     <span class='ocr_line' id='line_1_17' title="bbox 602 2802 1966 2897; baseline 0.005 -22"><span class='ocrx_word' id='word_1_119' title='bbox 602 2812 674 2876; x_wconf 90' lang='lat' dir='ltr'><strong>tua:</strong></span> <span class='ocrx_word' id='word_1_120' title='bbox 711 2814 873 2877; x_wconf 91' lang='lat' dir='ltr'><strong>converte</strong></span> <span class='ocrx_word' id='word_1_121' title='bbox 907 2826 970 2877; x_wconf 92' lang='lat' dir='ltr'><strong>nos</strong></span> <span class='ocrx_word' id='word_1_122' title='bbox 1007 2803 1049 2875; x_wconf 96' lang='lat' dir='ltr'><strong>ad</strong></span> <span class='ocrx_word' id='word_1_123' title='bbox 1082 2806 1233 2875; x_wconf 90' lang='lat' dir='ltr'><strong>timorem</strong></span> <span class='ocrx_word' id='word_1_124' title='bbox 1266 2810 1370 2887; x_wconf 91' lang='lat' dir='ltr'><strong>tuum,</strong></span> <span class='ocrx_word' id='word_1_125' title='bbox 1406 2803 1537 2897; x_wconf 88' lang='lat' dir='ltr'><strong>placeat</strong></span> <span class='ocrx_word' id='word_1_126' title='bbox 1570 2802 1628 2876; x_wconf 91' lang='lat' dir='ltr'><strong>tihi</strong></span> <span class='ocrx_word' id='word_1_127' title='bbox 1660 2815 1697 2877; x_wconf 93' lang='lat' dir='ltr'><strong>ut</strong></span> <span class='ocrx_word' id='word_1_128' title='bbox 1728 2809 1837 2880; x_wconf 89' lang='lat' dir='ltr'><strong>mittas</strong></span> <span class='ocrx_word' id='word_1_129' title='bbox 1869 2809 1966 2882; x_wconf 87' lang='lat' dir='ltr'><strong>nohis</strong></span> 
     </span>
     <span class='ocr_line' id='line_1_18' title="bbox 602 2917 1966 3019; baseline 0.005 -29"><span class='ocrx_word' id='word_1_130' title='bbox 602 2917 852 2993; x_wconf 84' lang='lat' dir='ltr'><strong>benedictiones</strong></span> <span class='ocrx_word' id='word_1_131' title='bbox 879 2927 966 3006; x_wconf 88' lang='lat' dir='ltr'><strong>tuas,</strong></span> <span class='ocrx_word' id='word_1_132' title='bbox 992 2921 1085 2990; x_wconf 90' lang='lat' dir='ltr'><strong>etin</strong></span> <span class='ocrx_word' id='word_1_133' title='bbox 1110 2917 1196 2990; x_wconf 91' lang='lat' dir='ltr'><strong>hunc</strong></span> <span class='ocrx_word' id='word_1_134' title='bbox 1221 2918 1356 2990; x_wconf 88' lang='lat' dir='ltr'><strong>modum</strong></span> <span class='ocrx_word' id='word_1_135' title='bbox 1382 2927 1481 3013; x_wconf 91' lang='lat' dir='ltr'><strong>atque</strong></span> <span class='ocrx_word' id='word_1_136' title='bbox 1502 2919 1626 2992; x_wconf 86' lang='lat' dir='ltr'><strong>talibus</strong></span> <span class='ocrx_word' id='word_1_137' title='bbox 1646 2920 1744 2994; x_wconf 84' lang='lat' dir='ltr'><strong>honis</strong></span> <span class='ocrx_word' id='word_1_138' title='bbox 1760 2922 1966 3019; x_wconf 87' lang='lat' dir='ltr'><strong>locupletans</strong></span> 
     </span>
     <span class='ocr_line' id='line_1_19' title="bbox 603 3034 1965 3130; baseline 0.005 -25"><span class='ocrx_word' id='word_1_139' title='bbox 603 3055 685 3124; x_wconf 88' lang='lat' dir='ltr'><strong>nos,</strong></span> <span class='ocrx_word' id='word_1_140' title='bbox 719 3059 763 3106; x_wconf 89' lang='lat' dir='ltr'><strong>ne</strong></span> <span class='ocrx_word' id='word_1_141' title='bbox 795 3039 983 3130; x_wconf 88' lang='lat' dir='ltr'><strong>permittas,</strong></span> <span class='ocrx_word' id='word_1_142' title='bbox 1016 3045 1050 3105; x_wconf 92' lang='lat' dir='ltr'><strong>ut</strong></span> <span class='ocrx_word' id='word_1_143' title='bbox 1083 3037 1133 3106; x_wconf 90' lang='lat' dir='ltr'><strong>rei</strong></span> <span class='ocrx_word' id='word_1_144' title='bbox 1160 3034 1359 3107; x_wconf 85' lang='lat' dir='ltr'><strong>accedamus</strong></span> <span class='ocrx_word' id='word_1_145' title='bbox 1385 3034 1427 3105; x_wconf 93' lang='lat' dir='ltr'><strong>ad</strong></span> <span class='ocrx_word' id='word_1_146' title='bbox 1453 3038 1716 3109; x_wconf 87' lang='lat' dir='ltr'><strong>communionem</strong></span> <span class='ocrx_word' id='word_1_147' title='bbox 1741 3037 1825 3111; x_wconf 90' lang='lat' dir='ltr'><strong>hanc</strong></span> <span class='ocrx_word' id='word_1_148' title='bbox 1850 3038 1965 3111; x_wconf 88' lang='lat' dir='ltr'><strong>vivili-</strong></span> 
     </span>
     <span class='ocr_line' id='line_1_20' title="bbox 604 3149 1964 3251; baseline 0.005 -29"><span class='ocrx_word' id='word_1_149' title='bbox 604 3173 679 3223; x_wconf 90' lang='lat' dir='ltr'><strong>cam</strong></span> <span class='ocrx_word' id='word_1_150' title='bbox 707 3154 855 3248; x_wconf 90' lang='lat' dir='ltr'><strong>corporis</strong></span> <span class='ocrx_word' id='word_1_151' title='bbox 883 3162 916 3223; x_wconf 91' lang='lat' dir='ltr'><strong>et</strong></span> <span class='ocrx_word' id='word_1_152' title='bbox 942 3153 1110 3243; x_wconf 87' lang='lat' dir='ltr'><strong>sanguinis</strong></span> <span class='ocrx_word' id='word_1_153' title='bbox 1136 3152 1296 3242; x_wconf 83' lang='lat' dir='ltr'><strong>unigeniti</strong></span> <span class='ocrx_word' id='word_1_154' title='bbox 1321 3149 1395 3221; x_wconf 86' lang='lat' dir='ltr'><strong>Filii</strong></span> <span class='ocrx_word' id='word_1_155' title='bbox 1421 3152 1483 3241; x_wconf 90' lang='lat' dir='ltr'><strong>tui,</strong></span> <span class='ocrx_word' id='word_1_156' title='bbox 1515 3173 1576 3246; x_wconf 88' lang='lat' dir='ltr'><strong>per</strong></span> <span class='ocrx_word' id='word_1_157' title='bbox 1608 3176 1706 3247; x_wconf 87' lang='lat' dir='ltr'><strong>quem</strong></span> <span class='ocrx_word' id='word_1_158' title='bbox 1738 3166 1872 3227; x_wconf 93' lang='lat' dir='ltr'><strong>etcum</strong></span> <span class='ocrx_word' id='word_1_159' title='bbox 1899 3179 1964 3251; x_wconf 90' lang='lat' dir='ltr'><strong>quo</strong></span> 
     </span>
     <span class='ocr_line' id='line_1_21' title="bbox 604 3257 1638 3362; baseline 0.004 -24"><span class='ocrx_word' id='word_1_160' title='bbox 604 3276 639 3338; x_wconf 86' lang='lat' dir='ltr'><strong>te</strong></span> <span class='ocrx_word' id='word_1_161' title='bbox 666 3266 763 3339; x_wconf 87' lang='lat' dir='ltr'><strong>decet</strong></span> <span class='ocrx_word' id='word_1_162' title='bbox 789 3267 897 3359; x_wconf 87' lang='lat' dir='ltr'><strong>gloria</strong></span> <span class='ocrx_word' id='word_1_163' title='bbox 924 3278 958 3340; x_wconf 91' lang='lat' dir='ltr'><strong>et</strong></span> <span class='ocrx_word' id='word_1_164' title='bbox 983 3257 1155 3362; x_wconf 89' lang='lat' dir='ltr'><strong>imperium</strong></span> <span class='ocrx_word' id='word_1_165' title='bbox 1181 3288 1255 3337; x_wconf 88' lang='lat' dir='ltr'><strong>curn</strong></span> <span class='ocrx_word' id='word_1_166' title='bbox 1281 3265 1405 3362; x_wconf 87' lang='lat' dir='ltr'><strong>Spiritu</strong></span> <span class='ocrx_word' id='word_1_167' title='bbox 1431 3278 1487 3339; x_wconf 91' lang='lat' dir='ltr'><strong>tuo</strong></span> <span class='ocrx_word' id='word_1_168' title='bbox 1515 3279 1638 3342; x_wconf 89' lang='lat' dir='ltr'><strong>sancto.</strong></span> 
     </span>
    </p>

    <p class='ocr_par' dir='ltr' id='par_1_10' title="bbox 708 3382 1041 3476">
     <span class='ocr_line' id='line_1_22' title="bbox 708 3382 1041 3476; baseline 0 -23"><span class='ocrx_word' id='word_1_169' title='bbox 708 3382 870 3476; x_wconf 75' lang='lat' dir='ltr'><strong>Populea.</strong></span> <span class='ocrx_word' id='word_1_170' title='bbox 923 3384 1041 3455; x_wconf 81' lang='lat' dir='ltr'><strong>Amen.</strong></span> 
     </span>
    </p>

    <p class='ocr_par' dir='ltr' id='par_1_11' title="bbox 708 3498 1028 3576">
     <span class='ocr_line' id='line_1_23' title="bbox 708 3498 1028 3576; baseline 0 -6"><span class='ocrx_word' id='word_1_171' title='bbox 708 3498 909 3576; x_wconf 78' lang='lat' dir='ltr'><strong>Sacerdos.</strong></span> <span class='ocrx_word' id='word_1_172' title='bbox 944 3500 1028 3570; x_wconf 86' lang='lat' dir='ltr'><strong>Pax.</strong></span> 
     </span>
    </p>

    <p class='ocr_par' dir='ltr' id='par_1_12' title="bbox 710 3613 1302 3709">
     <span class='ocr_line' id='line_1_24' title="bbox 710 3613 1302 3709; baseline 0.002 -26"><span class='ocrx_word' id='word_1_173' title='bbox 710 3613 871 3707; x_wconf 79' lang='lat' dir='ltr'><strong>Populos.</strong></span> <span class='ocrx_word' id='word_1_174' title='bbox 924 3614 967 3685; x_wconf 87' lang='lat' dir='ltr'><strong>Et</strong></span> <span class='ocrx_word' id='word_1_175' title='bbox 994 3638 1068 3687; x_wconf 90' lang='lat' dir='ltr'><strong>cum</strong></span> <span class='ocrx_word' id='word_1_176' title='bbox 1095 3617 1211 3709; x_wconf 88' lang='lat' dir='ltr'><strong>spiritu</strong></span> <span class='ocrx_word' id='word_1_177' title='bbox 1236 3623 1302 3686; x_wconf 90' lang='lat' dir='ltr'><strong>tuo.</strong></span> 
     </span>
    </p>

    <p class='ocr_par' dir='ltr' id='par_1_13' title="bbox 600 3729 1313 3937">
     <span class='ocr_line' id='line_1_25' title="bbox 600 3729 1313 3821; baseline 0 -21"><span class='ocrx_word' id='word_1_178' title='bbox 600 3745 604 3752; x_wconf 82' lang='grc'>’</span> <span class='ocrx_word' id='word_1_179' title='bbox 707 3729 891 3802; x_wconf 79' lang='lat' dir='ltr'><strong>Sacerdos.</strong></span> <span class='ocrx_word' id='word_1_180' title='bbox 944 3731 995 3803; x_wconf 87' lang='lat' dir='ltr'><strong>Sit</strong></span> <span class='ocrx_word' id='word_1_181' title='bbox 1011 3729 1225 3821; x_wconf 69' lang='lat' dir='ltr'><strong>benedictio,</strong></span> <span class='ocrx_word' id='word_1_182' title='bbox 1252 3741 1313 3802; x_wconf 91' lang='lat' dir='ltr'><strong>etc.</strong></span> 
     </span>
     <span class='ocr_line' id='line_1_26' title="bbox 601 3844 1172 3937; baseline -0.002 -21"><span class='ocrx_word' id='word_1_183' title='bbox 601 3887 605 3892; x_wconf 91' lang='lat'><em>·</em></span> <span class='ocrx_word' id='word_1_184' title='bbox 706 3844 867 3937; x_wconf 80' lang='lat' dir='ltr'><strong>Populos.</strong></span> <span class='ocrx_word' id='word_1_185' title='bbox 919 3845 1081 3933; x_wconf 86' lang='lat' dir='ltr'><strong>Etcum,</strong></span> <span class='ocrx_word' id='word_1_186' title='bbox 1109 3855 1172 3916; x_wconf 89' lang='lat' dir='ltr'><strong>etc.</strong></span> 
     </span>
    </p>

    <p class='ocr_par' dir='ltr' id='par_1_14' title="bbox 705 3960 1190 4033">
     <span class='ocr_line' id='line_1_27' title="bbox 705 3960 1190 4033; baseline 0 -3"><span class='ocrx_word' id='word_1_187' title='bbox 705 3960 893 4032; x_wconf 74' lang='lat' dir='ltr'><strong>Diaconos.</strong></span> <span class='ocrx_word' id='word_1_188' title='bbox 948 3960 1032 4033; x_wconf 86' lang='lat' dir='ltr'><strong>Cum</strong></span> <span class='ocrx_word' id='word_1_189' title='bbox 1062 3965 1190 4033; x_wconf 90' lang='lat' dir='ltr'><strong>timore.</strong></span> 
     </span>
    </p>

    <p class='ocr_par' dir='ltr' id='par_1_15' title="bbox 706 4075 1225 4149">
     <span class='ocr_line' id='line_1_28' title="bbox 706 4075 1225 4149; baseline -0.004 -3"><span class='ocrx_word' id='word_1_190' title='bbox 706 4075 890 4147; x_wconf 80' lang='lat' dir='ltr'><strong>Sacerdos.</strong></span> <span class='ocrx_word' id='word_1_191' title='bbox 944 4076 1068 4149; x_wconf 86' lang='lat' dir='ltr'><strong>Sancta</strong></span> <span class='ocrx_word' id='word_1_192' title='bbox 1095 4077 1225 4148; x_wconf 92' lang='lat' dir='ltr'><strong>sanctis.</strong></span> 
     </span>
    </p>

    <p class='ocr_par' dir='ltr' id='par_1_16' title="bbox 706 4187 1308 4285">
     <span class='ocr_line' id='line_1_29' title="bbox 706 4187 1308 4285; baseline 0 -24"><span class='ocrx_word' id='word_1_193' title='bbox 706 4191 867 4285; x_wconf 82' lang='lat' dir='ltr'><strong>Populos.</strong></span> <span class='ocrx_word' id='word_1_194' title='bbox 920 4192 1012 4264; x_wconf 92' lang='lat' dir='ltr'><strong>Unus</strong></span> <span class='ocrx_word' id='word_1_195' title='bbox 1039 4193 1139 4263; x_wconf 90' lang='lat' dir='ltr'><strong>Pater</strong></span> <span class='ocrx_word' id='word_1_196' title='bbox 1165 4187 1308 4265; x_wconf 81' lang='lat' dir='ltr'><strong>sanctus.</strong></span> 
     </span>
    </p>

    <p class='ocr_par' dir='ltr' id='par_1_17' title="bbox 705 4306 1270 4380">
     <span class='ocr_line' id='line_1_30' title="bbox 705 4306 1270 4380; baseline 0.004 -4"><span class='ocrx_word' id='word_1_197' title='bbox 705 4306 891 4378; x_wconf 82' lang='lat' dir='ltr'><strong>Diaconos.</strong></span> <span class='ocrx_word' id='word_1_198' title='bbox 943 4308 1077 4380; x_wconf 86' lang='lat' dir='ltr'><strong>Stemus</strong></span> <span class='ocrx_word' id='word_1_199' title='bbox 1105 4307 1270 4379; x_wconf 89' lang='lat' dir='ltr'><strong>decenter.</strong></span> 
     </span>
    </p>

    <p class='ocr_par' dir='ltr' id='par_1_18' title="bbox 704 4422 1217 4516">
     <span class='ocr_line' id='line_1_31' title="bbox 704 4422 1217 4516; baseline 0.004 -23"><span class='ocrx_word' id='word_1_200' title='bbox 704 4422 865 4515; x_wconf 77' lang='lat' dir='ltr'><strong>Populos.</strong></span> <span class='ocrx_word' id='word_1_201' title='bbox 919 4422 1050 4497; x_wconf 87' lang='lat' dir='ltr'><strong>Gratias</strong></span> <span class='ocrx_word' id='word_1_202' title='bbox 1078 4428 1217 4516; x_wconf 83' lang='lat' dir='ltr'><strong>agimus.</strong></span> 
     </span>
    </p>

    <p class='ocr_par' dir='ltr' id='par_1_19' title="bbox 588 4538 1961 5447">
     <span class='ocr_line' id='line_1_32' title="bbox 706 4538 1960 4633; baseline -0.002 -22"><span class='ocrx_word' id='word_1_203' title='bbox 706 4539 889 4611; x_wconf 81' lang='lat' dir='ltr'><strong>Sacerdos.</strong></span> <span class='ocrx_word' id='word_1_204' title='bbox 924 4540 1018 4612; x_wconf 88' lang='lat' dir='ltr'><strong>lusto</strong></span> <span class='ocrx_word' id='word_1_205' title='bbox 1045 4551 1078 4611; x_wconf 88' lang='lat' dir='ltr'><strong>et</strong></span> <span class='ocrx_word' id='word_1_206' title='bbox 1104 4540 1282 4612; x_wconf 90' lang='lat' dir='ltr'><strong>secundum</strong></span> <span class='ocrx_word' id='word_1_207' title='bbox 1309 4542 1494 4625; x_wconf 87' lang='lat' dir='ltr'><strong>veritatem,</strong></span> <span class='ocrx_word' id='word_1_208' title='bbox 1521 4538 1687 4633; x_wconf 82' lang='lat' dir='ltr'><strong>valdeque</strong></span> <span class='ocrx_word' id='word_1_209' title='bbox 1712 4538 1960 4628; x_wconf 86' lang='lat' dir='ltr'><strong>rationabiliter,</strong></span> 
     </span>
     <span class='ocr_line' id='line_1_33' title="bbox 602 4651 1961 4749; baseline 0.002 -25"><span class='ocrx_word' id='word_1_210' title='bbox 602 4651 764 4726; x_wconf 87' lang='lat' dir='ltr'><strong>debentur</strong></span> <span class='ocrx_word' id='word_1_211' title='bbox 789 4656 1053 4747; x_wconf 85' lang='lat' dir='ltr'><strong>magnificentiae</strong></span> <span class='ocrx_word' id='word_1_212' title='bbox 1080 4667 1172 4743; x_wconf 90' lang='lat' dir='ltr'><strong>tuae,</strong></span> <span class='ocrx_word' id='word_1_213' title='bbox 1208 4655 1324 4729; x_wconf 87' lang='lat' dir='ltr'><strong>laudes</strong></span> <span class='ocrx_word' id='word_1_214' title='bbox 1359 4676 1474 4727; x_wconf 89' lang='lat' dir='ltr'><strong>omnes</strong></span> <span class='ocrx_word' id='word_1_215' title='bbox 1509 4654 1750 4743; x_wconf 76' lang='lat' dir='ltr'><strong>indesinentes,</strong></span> <span class='ocrx_word' id='word_1_216' title='bbox 1784 4653 1895 4749; x_wconf 76' lang='lat' dir='ltr'><strong>hymni</strong></span> <span class='ocrx_word' id='word_1_217' title='bbox 1928 4667 1961 4727; x_wconf 88' lang='lat' dir='ltr'><strong>et</strong></span> 
     </span>
     <span class='ocr_line' id='line_1_34' title="bbox 604 4769 1960 4866; baseline 0.002 -26"><span class='ocrx_word' id='word_1_218' title='bbox 604 4769 826 4843; x_wconf 85' lang='lat' dir='ltr'><strong>exultationes</strong></span> <span class='ocrx_word' id='word_1_219' title='bbox 852 4771 1072 4866; x_wconf 86' lang='lat' dir='ltr'><strong>triumphales,</strong></span> <span class='ocrx_word' id='word_1_220' title='bbox 1100 4774 1174 4865; x_wconf 92' lang='lat' dir='ltr'><strong>quia</strong></span> <span class='ocrx_word' id='word_1_221' title='bbox 1200 4792 1263 4841; x_wconf 92' lang='lat' dir='ltr'><strong>nos</strong></span> <span class='ocrx_word' id='word_1_222' title='bbox 1284 4769 1397 4842; x_wconf 85' lang='lat' dir='ltr'><strong>iecisti</strong></span> <span class='ocrx_word' id='word_1_223' title='bbox 1424 4772 1545 4863; x_wconf 86' lang='lat' dir='ltr'><strong>dignos</strong></span> <span class='ocrx_word' id='word_1_224' title='bbox 1571 4793 1631 4865; x_wconf 89' lang='lat' dir='ltr'><strong>per</strong></span> <span class='ocrx_word' id='word_1_225' title='bbox 1647 4771 1851 4843; x_wconf 88' lang='lat' dir='ltr'><strong>clementiam</strong></span> <span class='ocrx_word' id='word_1_226' title='bbox 1872 4780 1960 4843; x_wconf 90' lang='lat' dir='ltr'><strong>tuam</strong></span> 
     </span>
     <span class='ocr_line' id='line_1_35' title="bbox 604 4883 1961 4983; baseline 0.002 -27"><span class='ocrx_word' id='word_1_227' title='bbox 604 4883 694 4958; x_wconf 91' lang='lat' dir='ltr'><strong>douo</strong></span> <span class='ocrx_word' id='word_1_228' title='bbox 722 4885 787 4959; x_wconf 91' lang='lat' dir='ltr'><strong>hoc</strong></span> <span class='ocrx_word' id='word_1_229' title='bbox 812 4886 914 4974; x_wconf 88' lang='lat' dir='ltr'><strong>hono,</strong></span> <span class='ocrx_word' id='word_1_230' title='bbox 942 4897 976 4958; x_wconf 92' lang='lat' dir='ltr'><strong>et</strong></span> <span class='ocrx_word' id='word_1_231' title='bbox 991 4887 1138 4975; x_wconf 86' lang='lat' dir='ltr'><strong>coelesti,</strong></span> <span class='ocrx_word' id='word_1_232' title='bbox 1166 4887 1309 4958; x_wconf 88' lang='lat' dir='ltr'><strong>alimenti</strong></span> <span class='ocrx_word' id='word_1_233' title='bbox 1328 4885 1422 4979; x_wconf 89' lang='lat' dir='ltr'><strong>hujus</strong></span> <span class='ocrx_word' id='word_1_234' title='bbox 1439 4885 1711 4983; x_wconf 85' lang='lat' dir='ltr'><strong>incorruptibilis:</strong></span> <span class='ocrx_word' id='word_1_235' title='bbox 1737 4907 1961 4983; x_wconf 86' lang='lat' dir='ltr'><strong>rogamusque</strong></span> 
     </span>
     <span class='ocr_line' id='line_1_36' title="bbox 602 4993 1960 5093; baseline 0.003 -21"><span class='ocrx_word' id='word_1_236' title='bbox 602 5022 750 5073; x_wconf 89' lang='lat' dir='ltr'><strong>amorem</strong></span> <span class='ocrx_word' id='word_1_237' title='bbox 778 4993 867 5075; x_wconf 87' lang='lat' dir='ltr'><strong>tuam</strong></span> <span class='ocrx_word' id='word_1_238' title='bbox 894 5025 975 5093; x_wconf 86' lang='lat' dir='ltr'><strong>erga</strong></span> <span class='ocrx_word' id='word_1_239' title='bbox 992 5002 1142 5075; x_wconf 92' lang='lat' dir='ltr'><strong>homines</strong></span> <span class='ocrx_word' id='word_1_240' title='bbox 1166 5000 1375 5092; x_wconf 77' lang='lat' dir='ltr'><strong>ineffabilem,</strong></span> <span class='ocrx_word' id='word_1_241' title='bbox 1400 5014 1520 5074; x_wconf 90' lang='lat' dir='ltr'><strong>utnon</strong></span> <span class='ocrx_word' id='word_1_242' title='bbox 1541 5013 1719 5076; x_wconf 82' lang='lat' dir='ltr'><strong>convertas</strong></span> <span class='ocrx_word' id='word_1_243' title='bbox 1739 5001 1825 5074; x_wconf 87' lang='lat' dir='ltr'><strong>festa</strong></span> <span class='ocrx_word' id='word_1_244' title='bbox 1846 5014 1960 5076; x_wconf 92' lang='lat' dir='ltr'><strong>nostra</strong></span> 
     </span>
     <span class='ocr_line' id='line_1_37' title="bbox 602 5116 1960 5214; baseline 0.001 -26"><span class='ocrx_word' id='word_1_245' title='bbox 602 5116 801 5208; x_wconf 82' lang='lat' dir='ltr'><strong>ittluctum,</strong></span> <span class='ocrx_word' id='word_1_246' title='bbox 835 5140 944 5212; x_wconf 90' lang='lat' dir='ltr'><strong>neque</strong></span> <span class='ocrx_word' id='word_1_247' title='bbox 979 5122 1106 5190; x_wconf 90' lang='lat' dir='ltr'><strong>cantica</strong></span> <span class='ocrx_word' id='word_1_248' title='bbox 1140 5126 1253 5189; x_wconf 94' lang='lat' dir='ltr'><strong>nostra</strong></span> <span class='ocrx_word' id='word_1_249' title='bbox 1286 5119 1320 5187; x_wconf 96' lang='lat' dir='ltr'><strong>in</strong></span> <span class='ocrx_word' id='word_1_250' title='bbox 1347 5118 1519 5210; x_wconf 89' lang='lat' dir='ltr'><strong>ejulatum,</strong></span> <span class='ocrx_word' id='word_1_251' title='bbox 1550 5141 1659 5213; x_wconf 90' lang='lat' dir='ltr'><strong>neque</strong></span> <span class='ocrx_word' id='word_1_252' title='bbox 1691 5118 1826 5211; x_wconf 88' lang='lat' dir='ltr'><strong>dejicias</strong></span> <span class='ocrx_word' id='word_1_253' title='bbox 1852 5122 1960 5214; x_wconf 89' lang='lat' dir='ltr'><strong>capita</strong></span> 
     </span>
     <span class='ocr_line' id='line_1_38' title="bbox 601 5232 1958 5329; baseline 0.001 -26"><span class='ocrx_word' id='word_1_254' title='bbox 601 5242 718 5305; x_wconf 90' lang='lat' dir='ltr'><strong>nostra</strong></span> <span class='ocrx_word' id='word_1_255' title='bbox 745 5256 859 5306; x_wconf 87' lang='lat' dir='ltr'><strong>coram</strong></span> <span class='ocrx_word' id='word_1_256' title='bbox 880 5233 1024 5326; x_wconf 89' lang='lat' dir='ltr'><strong>judicio:</strong></span> <span class='ocrx_word' id='word_1_257' title='bbox 1056 5256 1164 5328; x_wconf 87' lang='lat' dir='ltr'><strong>neque</strong></span> <span class='ocrx_word' id='word_1_258' title='bbox 1196 5232 1430 5306; x_wconf 89' lang='lat' dir='ltr'><strong>erubescamus</strong></span> <span class='ocrx_word' id='word_1_259' title='bbox 1465 5237 1498 5306; x_wconf 95' lang='lat' dir='ltr'><strong>in</strong></span> <span class='ocrx_word' id='word_1_260' title='bbox 1524 5235 1577 5307; x_wconf 91' lang='lat' dir='ltr'><strong>die</strong></span> <span class='ocrx_word' id='word_1_261' title='bbox 1602 5236 1799 5323; x_wconf 87' lang='lat' dir='ltr'><strong>novissimo,</strong></span> <span class='ocrx_word' id='word_1_262' title='bbox 1834 5238 1958 5329; x_wconf 88' lang='lat' dir='ltr'><strong>inquo</strong></span> 
     </span>
     <span class='ocr_line' id='line_1_39' title="bbox 588 5350 1958 5447; baseline 0.002 -29"><span class='ocrx_word' id='word_1_263' title='bbox 588 5352 827 5444; x_wconf 48' lang='lat' dir='ltr'><strong>«unusquisque</strong></span> <span class='ocrx_word' id='word_1_264' title='bbox 854 5372 1036 5442; x_wconf 85' lang='lat' dir='ltr'><strong>congruam</strong></span> <span class='ocrx_word' id='word_1_265' title='bbox 1061 5351 1359 5422; x_wconf 84' lang='lat' dir='ltr'><strong>remunerationem</strong></span> <span class='ocrx_word' id='word_1_266' title='bbox 1385 5354 1543 5447; x_wconf 74' lang='lat' dir='ltr'><strong>accipiet,</strong></span> <span class='ocrx_word' id='word_1_267' title='bbox 1570 5375 1644 5424; x_wconf 91' lang='lat' dir='ltr'><strong>cum</strong></span> <span class='ocrx_word' id='word_1_268' title='bbox 1657 5350 1780 5443; x_wconf 85' lang='lat' dir='ltr'><strong>Angcli</strong></span> <span class='ocrx_word' id='word_1_269' title='bbox 1793 5353 1826 5425; x_wconf 93' lang='lat' dir='ltr'><strong>in</strong></span> <span class='ocrx_word' id='word_1_270' title='bbox 1840 5352 1958 5421; x_wconf 89' lang='lat' dir='ltr'><strong>timore</strong></span> 
     </span>
    </p>
   </div>
   <div class='ocr_carea' id='block_1_5' title="bbox 0 0 2580 6534">
    <p class='ocr_par' dir='ltr' id='par_1_20' title="bbox 0 0 2580 6534">
     <span class='ocr_line' id='line_1_40' title="bbox 0 0 2580 6534; baseline 0 0"><span class='ocrx_word' id='word_1_271' title='bbox 0 0 2580 6534; x_wconf 95' lang='lat' dir='ltr'><strong> </strong></span> 
     </span>
    </p>
   </div>
  </div>
 </body>
</html>
