5150 6534
851 836 1256 915 &MARUTAE
1297 837 1716 919 carnotttl.
1833 846 1975 921 ⁴265

704 1022 867 1115 Populos.
919 1026 1039 1096 Amen.

690 1138 881 1213 ‚Sacerdos
906 1140 1098 1210 inclinatus.
1151 1139 1320 1213 Memento
1348 1141 1490 1213 Domine
1518 1144 1662 1213 omnium
1697 1146 1752 1238 qui
1785 1149 1975 1217 communi-

601 1263 679 1326 cant
704 1258 897 1327 necessitati
924 1257 1188 1350 peregrinorum,
1216 1266 1249 1327 et
1276 1256 1464 1327 alllictorum
1493 1280 1672 1352 curamque
1698 1258 1821 1331 babent
1846 1259 1973 1332 Docle-
2012 1290 2015 1293 ’

602 1374 724 1443 siarum
751 1380 786 1442 et
812 1369 1108 1459 Monastoriorum,
1136 1380 1169 1441 et
1195 1380 1331 1466 praesta
1357 1371 1421 1443 illis
1447 1372 1537 1460 bona
1565 1372 1768 1464 diligentium
1795 1386 1838 1446 te.
1925 1435 1928 1440 .

706 1487 857 1558 Maeona
889 1508 1016 1557 nocem.
1069 1485 1163 1557 Deus
1203 1489 1257 1579 qui
1288 1489 1532 1582 providentiam
1567 1488 1672 1560 babes
1712 1494 1818 1561 omnis
1852 1496 1974 1584 carnis,

601 1614 637 1675 et
662 1601 840 1675 auxiliator
866 1625 904 1673 es
931 1610 1175 1688 creaturarum,
1201 1600 1307 1672 libera
1334 1613 1368 1674 et
1394 1603 1490 1674 salva
1524 1604 1681 1700 populum
1718 1618 1806 1677 tuum
1841 1607 1973 1679 fidelem

602 1743 624 1792 a
649 1718 798 1791 manibus
824 1718 981 1790 violentis
1008 1720 1153 1809 gentium
1181 1718 1504 1789 immisericordium:
1532 1741 1717 1814 praeserva
1737 1743 1869 1816 quoque
1896 1722 1972 1794 illos

601 1855 857 1929 aquooumque
884 1831 1019 1906 damno:
1046 1855 1067 1903 a
1099 1843 1293 1927 paupertate
1326 1854 1468 1928 aspera,
1501 1844 1535 1905 et
1567 1839 1769 1934 necessitate
1802 1836 1972 1909 doloribus

600 1948 717 2046 plena:
749 1971 908 2045 apoena
936 1957 969 2019 et
995 1947 1120 2019 ultione
1149 1969 1234 2040 quae
1261 1950 1352 2019 vires
1381 1959 1533 2044 superet:
1576 1973 1597 2020 a
1630 1951 1799 2046 paralysi,
1834 1951 1972 2023 mutila-

600 2068 709 2156 tione,
735 2063 840 2151 febre,
869 2064 1026 2154 nuditate,
1052 2074 1160 2135 morte
1186 2061 1334 2134 violenta
1361 2074 1395 2134 et
1420 2064 1574 2136 fortuita:
1604 2089 1623 2135 a
1650 2064 1778 2159 laqueis
1806 2077 1839 2137 et
1866 2089 1971 2142 scau,-

601 2180 703 2268 dalis,
741 2204 760 2251 a
794 2179 1010 2264 contumelia,
1047 2179 1215 2249 derisione
1249 2189 1283 2248 et
1316 2180 1514 2274 opprobrio:
1549 2183 1703 2274 quoniam
1737 2191 1770 2250 tu
1804 2202 1842 2252 es
1878 2184 1971 2255 Deus

600 2306 800 2393 potestatem
826 2293 953 2368 habens
979 2297 1071 2365 vitae
1097 2304 1131 2364 et
1157 2296 1271 2365 mortis
1298 2304 1450 2387 nostrae,
1477 2296 1601 2391 tibique
1628 2295 1770 2387 gloriam
1797 2296 1971 2369 referimus

601 2420 636 2482 et
660 2414 830 2503 unigenito
856 2411 942 2482 Filio
970 2421 1047 2498 trio,
1074 2420 1136 2480 etc.

705 2526 888 2620 Populea·
917 2526 1037 2597 Amen.

702 2642 877 2736 Sacerdos
903 2641 1093 2711 inclinatos.
1148 2635 1455 2712 Commemoramus
1483 2664 1616 2735 quoque
1642 2642 1795 2729 Domine,
1823 2640 1971 2735 Reges⁵

601 2756 827 2847 Christianos,
854 2768 889 2828 ut
916 2779 977 2851 per
1002 2760 1155 2827 virtutem
1191 2764 1279 2826 tuam
1315 2755 1570 2852 insuperabilem
1605 2755 1773 2845 roborati,
1805 2760 1971 2832 terribiles

601 2884 784 2970 appareant
811 2872 974 2946 adversus
1001 2873 1150 2942 inimicos
1178 2872 1297 2941 crucis.

704 2990 854 3060 Menona
878 3011 1003 3060 vocem.
1056 2988 1148 3058 Deus
1167 2996 1298 3080 potens,
1326 3008 1389 3058 rex
1409 2991 1441 3057 in
1461 2998 1642 3075 aeternum,
1670 2988 1764 3060 aufer
1783 2990 1824 3061 ab
1841 2991 1969 3063 Eccle-

600 3108 650 3179 sia
673 3118 733 3197 Ιιιιιι
759 3104 858 3192 bella,
886 3113 919 3175 et
935 3103 1071 3175 damna:
1098 3103 1300 3193 immitisque
1327 3101 1486 3175 cordibus
1512 3102 1644 3193 Regum
1671 3106 1810 3177 consilia
1830 3106 1970 3200 pacifica

600 3232 635 3293 ct
660 3224 749 3293 mitia
777 3204 877 3315 super
902 3241 1042 3312 gregem
1070 3228 1172 3289 tuum:
1200 3214 1308 3287 deduc
1334 3240 1396 3289 nos
1424 3241 1485 3313 per
1511 3219 1772 3291 miserircodiam
1807 3219 1849 3290 ad
1882 3242 1969 3314 por-

599 3349 668 3409 tum
694 3336 922 3430 tranquillum,
950 3347 984 3407 et
1009 3334 1097 3408 facie
1131 3332 1218 3403 laeta
1253 3336 1432 3426 pervenire
1463 3356 1526 3405 nos
1561 3333 1615 3405 fac
1650 3334 1692 3406 ad
1725 3334 1811 3406 diem
1844 3337 1969 3425 salutis,

599 3463 635 3524 et
659 3452 842 3525 referemus
870 3452 926 3523 tibi
953 3453 1113 3544 gloriam,
1140 3458 1202 3519 etc.

704 3568 864 3660 Populus.
917 3569 1037 3639 Amen.

703 3684 879 3754 Sacerdos
905 3684 1095 3755 inclinatas.
1138 3683 1445 3756 Commemoramus
1463 3684 1562 3753 etiam
1580 3681 1721 3753 Domine
1736 3702 1853 3754 omnes
1877 3682 1972 3755 San-

600 3810 673 3873 ctos
711 3810 803 3886 tuos,
841 3797 1043 3895 Prophetas,
1084 3800 1284 3895 ApostoloS,
1311 3798 1497 3891 Martyres,
1533 3795 1727 3885 Solitarios,
1763 3795 1972 3889 Religiosos:
2067 3859 2076 3868 .

598 3917 779 4012 praecipue
806 3937 890 3986 vero
918 3924 1065 3986 sanctam
1092 3914 1293 3986 Genitricem
1320 3913 1384 3985 Dei
1411 3913 1564 4002 Mariam,
1590 3912 1752 3983 Joanuem
1779 3913 1973 4007 Baptistam,

600 4042 635 4103 et
661 4040 811 4105 sanctum
838 4029 1040 4126 Stephanum
1055 4012 1360 4126 protomartyrem.

704 4147 853 4217 Menona
884 4167 1010 4216 vocem.
1067 4145 1373 4237 Congregationem
1409 4144 1666 4215 domesticorum
1699 4153 1845 4232 tuorum,
1881 4155 1970 4216 tem-

599 4284 684 4359 pore
710 4265 802 4334 istius
830 4260 984 4334 sacrificii
1011 4261 1113 4332 divini
1128 4281 1438 4346 commemoramus,
1466 4280 1648 4351 omnesque
1677 4263 1730 4352 qui
1747 4275 1971 4333 servaverunt

599 4381 775 4448 veritatem
803 4387 906 4463 tuam,
935 4386 969 4446 et
994 4375 1207 4472 perfecerunt
1232 4374 1436 4447 voluntatem
1463 4384 1566 4445 tuam:
1594 4384 1630 4445 ut
1656 4395 1731 4446 cum
1758 4375 1970 4467 egrediemur

598 4495 632 4587 in
660 4514 835 4564 occursum
861 4494 1021 4583 unigeniti
1047 4491 1122 4562 Filii
1149 4498 1181 4563 in
1209 4492 1353 4562 adventu
1382 4494 1464 4591 ejus*
1481 4489 1648 4575 secundo,
1684 4491 1970 4586 ostendemusque

600 4606 643 4678 ad
670 4606 844 4679 thalamum
872 4605 1092 4701 spiritualem,
1119 4619 1152 4679 et
1179 4608 1219 4678 ad
1247 4610 1438 4679 convivium
1466 4604 1665 4692 immortale,
1693 4609 1798 4677 nostri
1826 4629 1969 4701 quoque,

601 4726 657 4817 qui
684 4744 799 4795 eorum
826 4726 966 4814 gratiam
993 4731 1027 4792 et
1055 4723 1210 4793 auxilium
1238 4722 1468 4818 imploramus,
1495 4724 1528 4790 in
1556 4722 1762 4793 orationibus
1789 4725 1857 4792 suis
1891 4743 1968 4791 me-

600 4857 715 4910 mores
742 4842 824 4927 sint,
851 4861 965 4909 coram
992 4859 1117 4932 sponso
1145 4836 1284 4909 coelesti
1313 4834 1530 4928 coetibusque
1552 4857 1667 4906 eorum
1681 4835 1911 4926 adjungamur,
1939 4847 1973 4905 et

601 4952 662 5026 sub
692 4952 752 5026 alis
781 4977 895 5027 corum
922 4963 1156 5050 protegamur,
1183 4951 1445 5046 referamusque,
1463 4950 1535 5037 tibi,
1564 4960 1626 5021 etc.

705 5069 868 5163 Populus.
922 5071 1043 5141 Amen.

704 5186 880 5257 Sacerdos
917 5184 1109 5254 inclinatas.
1178 5181 1347 5253 Memento
1388 5179 1532 5254 Domine
1569 5175 1584 5215 ⁰
1617 5181 1761 5251 omnium
1798 5177 1970 5252 Ortbodo-

600 5322 722 5371 xorum
749 5301 882 5372 Patrum
909 5309 1116 5388 nostrorum,
1143 5301 1198 5392 qui
1225 5297 1323 5369 fidem
1350 5306 1475 5368 rectam
1492 5317 1556 5369 nos
1570 5295 1763 5385 docuerunt,
1790 5297 1971 5390 praecipuo
