5150 6534
603 820 678 895 396
1108 822 1471 901 nltotolt

703 1006 890 1078 Sacerdos.
904 1004 1170 1079 -ddisem'cordiae
1196 1008 1262 1079 Dei
1290 1011 1364 1081 sint.

703 1120 883 1194 Diaconos
909 1121 994 1194 dicit
1021 1121 1242 1195 Catholicom

602 1386 606 1394 ’
697 1392 876 1464 Sacerdos
902 1393 994 1465 dicct
1022 1393 1221 1466 mosaeam
1247 1418 1337 1489 quoe
1362 1394 1492 1467 noae
1517 1402 1599 1469 oea
1623 1397 1728 1471 Pater
1751 1407 1884 1475 nester.
1929 1460 1931 1463 .

702 1580 795 1654 Deos
823 1577 1039 1656 absconditus
1067 1593 1101 1655 et
1126 1580 1490 1679 incomprehensibilis,
1518 1579 1975 1686 coenomanensis-

597 1692 787 1784 hensibilis,
814 1707 847 1767 et
873 1695 1063 1789 gloriosus,
1088 1720 1153 1769 nec
1179 1696 1342 1789 visibilis,
1367 1697 1427 1769 tux
1460 1705 1612 1787 adarna,
1640 1708 1679 1798 et
1709 1688 1975 1797 inaestimanda,

599 1814 771 1898 existens,
799 1811 990 1903 excellens,
1016 1807 1080 1886 nec
1107 1824 1217 1886 mente
1244 1810 1568 1909 comprehensibilis:
1602 1816 1735 1910 genitor
1762 1811 1873 1910 verti
1906 1838 1975 1892 non

598 1925 812 2020 temporalis,
840 1930 892 1998 cui
919 1950 994 1999 oum
1020 1933 1140 2001 timore
1166 1931 1351 2000 ministrant
1378 1926 1520 2003 Ordines
1554 1924 1677 2001 ardore
1709 1932 1885 2032 soceeasi:
1919 1935 1975 2027 qni

598 2041 717 2114 videns
744 2064 851 2133 genus
878 2053 1026 2117 nostrum
1054 2046 1144 2141 quod
1170 2043 1341 2117 ceciderat
1366 2046 1401 2115 in
1426 2042 1586 2139 abyssum
1617 2035 1817 2148 profundam
1839 2045 1974 2142 ,perdi-

597 2159 716 2246 tionis,
752 2168 787 2229 et
822 2182 842 2229 a
876 2159 951 2231 Deo
989 2158 1184 2248 alienatum,
1217 2182 1285 2232 non
1319 2157 1503 2252 neglexisti
1535 2157 1675 2231 salutem
1708 2167 1879 2253 nosti-am,
1913 2161 1973 2236 sed

597 2271 717 2343 Filium
745 2282 833 2344 tuum
859 2275 1064 2366 unigenitum
1090 2299 1111 2346 e
1138 2278 1211 2349 sinu
1237 2286 1295 2347 tuo
1322 2276 1440 2348 misisti
1466 2272 1508 2345 ad
1535 2295 1615 2363 nos,
1643 2273 1698 2371 qui
1716 2265 1972 2380 assdrnsi't‘eor-

596 2409 660 2482 pus
686 2385 863 2460 humanum
889 2399 1061 2482 nostrum,
1087 2399 1122 2462 et
1147 2388 1319 2462 nobiscum
1344 2391 1378 2460 in
1405 2387 1526 2474 mundo
1550 2396 1707 2488 versatus
1723 2398 1775 2488 est
1788 2385 1832 2462 ad
1848 2396 1972 2463 emen-

598 2501 764 2574 dationem
800 2512 969 2592 nostram,
1005 2515 1039 2576 et
1071 2503 1265 2578 Orationem
1301 2503 1498 2577 dominicam
1532 2502 1643 2575 docuit
1674 2524 1758 2592 nos,
1776 2493 1835 2577 ¹‘ut
1861 2497 1974 2598 ¹'eorde

595 2637 681 2710 puro
709 2626 743 2688 et
768 2621 877 2688 animo
904 2618 1013 2691 lucido
1039 2620 1220 2693 clamemus
1253 2619 1297 2691 ad
1328 2630 1564 2712 te,-oremus,
1601 2626 1634 2690 et
1668 2616 1835 2694 dicamus:
1870 2608 1974 2709 Pater

596 2741 714 2803 noster
741 2734 795 2825 qui
823 2755 861 2804 es
887 2736 921 2804 in
948 2735 1065 2808 coelis.

700 2846 862 2939 Populos.
917 2846 1147 2922 Sanctificetur
1173 2872 1297 2922 nomen
1324 2859 1423 2921 tuum.

699 2960 884 3033 Sacerdos.
938 2963 1096 3038 OPatcr
1121 2967 1319 3056 miserator,
1358 2974 1392 3036 et
1418 2964 1632 3054 misericors,
1665 2962 1781 3053 natea
1810 2963 1974 3052 clemens,
2067 3048 2069 3052 v

506 3145 509 3151 s
597 3079 778 3147 civeniae
804 3077 956 3171 largitor,
985 3104 1004 3152 a
1032 3091 1065 3153 te
1090 3085 1234 3177 petimus
1260 3091 1294 3153 et
1320 3079 1539 3177 depreeamnr
1565 3089 1616 3169 te,
1646 3089 1683 3151 ut
1715 3076 1832 3153 salves
1857 3104 1927 3156 nos
1954 3105 1975 3156 a

594 3191 694 3280 malo,
722 3202 756 3262 et
783 3193 987 3269 exercitibus
1015 3198 1100 3288 ojus,
1128 3205 1161 3268 et
1185 3196 1310 3270 liberes
1331 3217 1433 3269 noso
1453 3190 1700 3284 tentationibus,
1727 3193 1976 3288 afflictionibus,

594 3307 703 3401 plagis
730 3315 764 3377 ei
789 3311 896 3402 virgis
926 3308 1065 3384 furoris:
1092 3312 1216 3383 dimitte
1243 3315 1342 3383 etiam
1362 3312 1460 3385 nohis
1487 3310 1606 3383 delicta
1632 3321 1666 3383 et
1680 3319 1823 3407 peccata
1843 3322 1975 3400 nosos,

594 3423 920 3514 permultitudinem
948 3449 1104 3519 magnam
1131 3428 1330 3500 clementiae
1355 3436 1444 3517 inae,
1471 3430 1548 3521 quia
1573 3436 1665 3497 tunm
1689 3436 1743 3498 est
1766 3446 1913 3519 regnum
1941 3439 1978 3500 et

595 3546 760 3628 potestas,
788 3548 822 3609 et
850 3540 1038 3614 referemus
1065 3540 1123 3613 tibi
1150 3542 1294 3633 laudem,
1322 3553 1356 3614 ct
1380 3545 1550 3634 unigenito
1576 3539 1663 3613 Filio
1689 3549 1758 3613 tuo.

698 3651 860 3744 Populos.
913 3657 1032 3728 Amen.
1298 3661 1302 3667 ’

598 3800 600 3803 >
697 3765 882 3841 Sacerdos.
936 3771 1020 3842 Pax.

697 3881 885 3955 Diaconos.
938 3887 1039 3974 Ante,
1068 3897 1131 3959 etc.

696 3995 881 4071 Sacerdos.
921 3999 991 4073 Ter
1017 4003 1073 4074 tibi
1100 4003 1227 4093 gratias
1256 4004 1396 4094 agimus,
1425 4011 1458 4073 te
1485 4000 1663 4072 adoramus
1690 4000 1804 4070 unice:
1831 4007 1867 4071 te
1897 4025 1976 4074 oum

590 4111 708 4181 timore
735 4111 918 4206 laudamus,
946 4115 1004 4188 tibi
1031 4118 1259 4191 adorationem
1286 4114 1453 4189 offerimus
1479 4112 1714 4203 inclinabundi,
1740 4123 1774 4185 et
1801 4137 1821 4184 a
1851 4124 1888 4187 te
1902 4120 1973 4188 mi-

591 4226 808 4299 sericordiam
842 4230 1088 4326 deprecabundi
1115 4226 1277 4328 'petimus
1329 4232 1425 4305 Mitte
1458 4229 1708 4303 benedictiones
1744 4240 1819 4301 tuas
1855 4230 1974 4305 anm-

591 4338 728 4432 danter,
768 4355 802 4415 ct
834 4344 975 4419 benedic
1010 4348 1167 4443 populum
1202 4357 1293 4421 tunm
1319 4359 1354 4421 et
1385 4369 1526 4440 gregem
1559 4356 1666 4431 tuom,
1687 4344 1897 4441 aequaliter,
1936 4356 1977 4420 ut

591 4459 761 4550 mysteriis
797 4462 869 4531 istis
904 4466 1186 4537 communicemus
1219 4473 1358 4553 sancte,
1382 4473 1421 4535 et
1450 4461 1636 4535 mmsis
1671 4458 1731 4533 h‘bi
1760 4459 1915 4554 glorian
1939 4473 1977 4536 ot

590 4568 733 4643 leudem.

692 4686 853 4779 Popcdoe.
905 4689 1025 4763 Amen.

596 4839 598 4843 ·
692 4800 876 4875 Sacerdos
929 4808 1013 4879 Pax.

693 4915 853 5009 Popotm.
907 4919 951 4992 Ei
977 4914 1051 4993 cnm
1078 4924 1193 5016 spiritu
1218 4933 1286 4996 tuo.
1479 4987 1481 4992 .

673 5030 876 5104 Sacerdos.
930 5035 981 5106 Sit
1007 5042 1125 5127 gratia.
1422 5036 1424 5039 ’

692 5144 881 5219 Diaconos.
936 5149 1020 5222 Cum
1047 5156 1166 5224 timore
1193 5154 1403 5248 aspiciamus.

691 5257 876 5334 Sacerdos.
930 5264 1055 5338 Sancto
1083 5270 1217 5343 sanctio.
