5150 6534
814 860 1407 941 stutttttcosst.
1723 860 1793 934 131

422 1074 511 1147 quac
537 1045 784 1147 commisimus!
809 1060 845 1121 ut
876 1053 910 1120 in
937 1046 1110 1136 omnihus,
1142 1046 1362 1139 glorificetur,
1395 1057 1429 1118 et
1460 1048 1648 1120 celebretur
1674 1069 1796 1121 nomen

422 1176 514 1238 tuum
539 1165 767 1238 honorandum
795 1175 829 1237 ct
854 1163 1075 1253 benedictum,
1102 1162 1264 1258 simulque
1279 1162 1412 1235 Domini
1439 1167 1545 1236 nostn'
1565 1163 1647 1236 Jesu
1674 1161 1797 1236 Christi

421 1292 457 1353 et
483 1280 626 1377 Spiritus
654 1284 770 1368 sancti,
797 1303 896 1371 nunc,
924 1290 987 1352 etc.

527 1397 689 1490 Populus.
744 1397 846 1468 Sicut

525 1511 711 1585 Socardoa
763 1509 1016 1586 Misericordiae
1042 1510 1107 1581 Dei
1134 1514 1209 1581 sint.

525 1627 702 1701 Sacerdos
725 1631 861 1721 fraopit
886 1632 921 1698 at
945 1629 1077 1718 riphat:
1105 1627 1284 1697 Diaconos
1311 1626 1397 1697 dicit
1423 1624 1642 1696 Catlaolicoru.

664 1934 840 2007 Sacerdos
865 1936 951 2007 dicit
978 1935 1177 2006 Orationem
1203 1940 1283 2004 cute
1309 1933 1410 2005 Pater
1434 1942 1560 2005 noster.

526 2139 619 2211 Deus
647 2148 679 2210 at
705 2150 801 2235 pater
826 2141 960 2214 Domini
986 2142 1091 2231 nostri
1117 2139 1199 2212 tesu
1227 2138 1366 2232 Christi,
1393 2142 1448 2233 qui
1476 2162 1496 2210 a
1523 2137 1701 2210 Cherubim
1727 2137 1796 2210 he·
1922 2213 1927 2221 „

420 2256 600 2343 nedtceris,
630 2265 664 2326 et
690 2279 710 2326 a
737 2255 911 2352 Seraphim
938 2254 1172 2343 sanctificaris,
1208 2260 1330 2353 quique
1362 2280 1382 2327 a
1413 2254 1532 2327 millies
1566 2253 1726 2342 millenis,
1762 2263 1796 2325 et

423 2371 536 2443 decies
562 2371 682 2442 millies
709 2371 822 2444 decies
848 2372 1002 2461 millenia
1030 2376 1238 2447 exercituum
1269 2371 1485 2470 spiritualium
1512 2369 1707 2459 extolleris,
1741 2373 1795 2464 qui

423 2484 623 2575 oblationes,
651 2496 685 2559 et
709 2485 836 2560 fructus
864 2491 977 2584 quiin
1004 2489 1142 2561 odorem
1171 2512 1311 2562 suavem
1338 2488 1397 2561 tibi
1423 2486 1525 2560 oblati
1552 2496 1639 2575 sunt,
1667 2490 1797 2558 sancti-

421 2601 504 2673 ficas
531 2612 566 2673 et
590 2602 742 2696 perticis:
771 2603 941 2676 sanctifica
968 2606 1066 2676 etiam
1094 2608 1232 2696 animas,
1259 2628 1404 2700 corpora
1430 2614 1463 2676 at
1489 2604 1622 2698 spiritus
1650 2612 1815 2688 nostros.

422 2727 460 2787 ut
484 2717 589 2789 corde
614 2739 699 2813 puro
727 2726 761 2790 at
787 2718 874 2790 facie
900 2741 968 2792 non
995 2720 1152 2810 comitisa,
1187 2726 1381 2796 invocemus
1414 2730 1465 2808 ta,
1500 2727 1594 2814 pater
1627 2717 1797 2805 coelestis,

427 2853 627 2929 oremusque
654 2844 688 2905 et
714 2833 871 2906 dicamus.
924 2835 1025 2907 Pater
1050 2848 1167 2910 noster
1193 2841 1248 2934 qui
1275 2860 1314 2910 es
1340 2840 1374 2908 in
1400 2836 1514 2908 coelis.

533 2948 695 3043 Populos.
748 2947 990 3040 Sanctificetur,
1018 2962 1080 3024 etc.
1533 3016 1536 3021 .

532 3063 716 3135 Sacerdos.
768 3066 924 3154 Domina,
950 3089 994 3139 nc
1021 3067 1157 3141 inducas
1184 3091 1245 3141 nos
1272 3072 1306 3140 in
1333 3068 1560 3154 tentationem,
1587 3073 1650 3135 etc.
1678 3074 1711 3134 ct
1736 3086 1800 3136 re-

427 3177 574 3253 feremus
600 3179 659 3252 tihi
685 3177 829 3271 gloriam
855 3192 888 3253 at
913 3187 1095 3274 gratiarum
1122 3189 1287 3257 actionem
1314 3195 1348 3255 et
1373 3184 1553 3276 unigenito.

500 3369 501 3373 ,
533 3296 696 3388 Populus.
747 3297 866 3369 Arneu.

535 3409 719 3481 Sacerdos.
773 3410 857 3482 Pax.

533 3525 694 3618 Popudoc.
747 3524 891 3597 Etcum
919 3531 1035 3623 spiritu
1061 3538 1127 3601 tuo.

533 3638 721 3714 Diacorwa
773 3641 933 3715 Inclinato
959 3649 1068 3740 capita
1095 3655 1208 3717 vestra
1235 3647 1391 3719 Domino.

533 3753 695 3849 Populus.
749 3755 874 3830 Corum
901 3769 943 3830 te.
997 3743 1000 3750 Δ

532 3870 718 3944 Sacerdos.
770 3874 1017 3946 Incliuaverrmt
1056 3875 1113 3947 tihi
1153 3879 1262 3970 capita
1304 3898 1364 3947 suu
1407 3877 1498 3947 serui
1540 3878 1585 3946 tui
1625 3896 1801 3971 pauperes,

430 3987 508 4080 quia
535 3985 653 4060 diuites
682 3999 759 4061 sunt
784 3990 1036 4063 misericordiae
1063 4000 1156 4062 tuae:
1191 3995 1282 4062 mitte
1309 3993 1451 4063 Domine
1478 3991 1742 4079 benedictiones,
1769 4001 1803 4063 at

429 4100 600 4175 sanctifica
627 4106 772 4193 animas,
805 4128 948 4201 corpora
981 4116 1015 4177 et
1047 4110 1181 4201 spiritus
1219 4111 1363 4178 omnium
1389 4117 1558 4197 nostrum,
1593 4115 1627 4177 et
1659 4107 1713 4178 tac
1739 4128 1802 4180 nos

430 4214 557 4308 dignos·
579 4221 842 4293 communicandi
867 4225 1036 4317 mysteriis
1064 4221 1308 4296 vivificantibus
1326 4219 1448 4293 Christi
1467 4222 1654 4295 Salvatoris
1681 4225 1802 4298 nostri:

427 4330 681 4428 referemusqua
707 4331 766 4406 tihi
791 4338 932 4428 gloriam
959 4346 993 4408 et
1018 4337 1147 4410 laudem
1176 4348 1210 4410 ct
1235 4341 1415 4431 unigenito.
1448 4414 1452 4430 ,

534 4446 696 4540 Populus.
749 4451 870 4523 Amen.

534 4561 717 4636 Sacerdos.
770 4564 855 4638 Pax.

535 4677 698 4770 Populus.
751 4679 796 4751 Et
823 4704 897 4753 cum
924 4686 1038 4777 spiritu
1066 4694 1131 4755 tuo.

534 4790 718 4867 Sacerdos.
771 4794 854 4869 Sint.

537 4906 727 4981 Diaconos.
782 4912 865 4984 Cum
894 4915 1021 4985 timore.
1074 4913 1181 5011 Kyrie
1208 4917 1347 4990 eleison.

535 5016 697 5117 Populos.
751 5026 844 5103 Unus
871 5038 975 5124 pater.

466 5162 556 5206 tomus
567 5161 593 5205 ll.
