5150 6534
939 835 1181 941 nnrronon
1211 860 1545 940 mosroronnn
1582 875 1632 984 a.
1890 861 1965 935 sao

600 1056 747 1147 fismroc
778 1058 908 1145 spectet
942 1051 1092 1123 calicem.
1144 1050 1335 1121 locttaatar
1369 1055 1403 1120 et
1440 1069 1582 1143 sarycns
1614 1050 1708 1122 dicit.
1761 1046 1876 1121 Gloria
1909 1045 1967 1118 tibi

599 1170 741 1242 Domine
766 1168 850 1240 lesu
876 1167 1021 1255 Christe,
1048 1168 1103 1260 qui
1127 1188 1181 1237 me
1207 1165 1378 1257 indignum
1397 1164 1488 1251 dcet,
1514 1167 1712 1238 constituisti
1738 1187 1800 1262 per
1825 1165 1968 1257 gratiam

600 1296 711 1375 tuam,
743 1287 925 1357 ministrnm
960 1295 995 1355 et
1029 1284 1246 1356 mediatorem
1279 1284 1514 1377 mysteriorum
1548 1290 1677 1354 tuorum
1703 1280 1966 1378 praeclarorum,
2066 1326 2070 1333 -

600 1412 803 1489 sanctorum,
829 1400 1065 1472 vivificantium
1093 1411 1127 1471 et
1139 1398 1343 1470 divinorum:
1370 1400 1588 1492 pergratiam
1615 1398 1864 1471 misericordiae
1890 1406 1966 1468 tuae

598 1517 654 1590 lac
679 1540 734 1590 mc
760 1516 894 1608 dignum
919 1518 1017 1588 venia
1044 1515 1238 1588 delictorum
1264 1523 1299 1586 et
1323 1515 1521 1585 remissione
1547 1522 1772 1609 peccatorum.

701 1790 825 1884 Siqnat
849 1814 886 1862 se
912 1793 1010 1884 siano
1037 1793 1151 1861 crocis
1176 1792 1212 1858 ln
1228 1793 1347 1882 fronte
1368 1788 1588 1883 similiterque
1609 1791 1873 1858 circumstantes.

1107 1989 1109 1994 ,
1139 1901 1181 1976 la
1207 1905 1278 1976 atto
1305 1905 1436 1978 codice.

706 2096 830 2192 &quat
852 2100 1001 2189 frontem
1026 2118 1120 2165 marn
1145 2098 1243 2190 stqao
1271 2098 1385 2165 crucis
1411 2101 1445 2164 et
1470 2095 1563 2163 dicit.
1598 2092 1712 2165 Gloria
1742 2092 1801 2165 tihi
1826 2093 1969 2164 Domine

604 2216 660 2308 qui
685 2216 808 2284 creasti
833 2235 888 2284 ma
917 2233 979 2307 per
1012 2214 1150 2304 gratiam
1186 2221 1284 2283 tuam.
1338 2210 1453 2283 Gloria
1488 2208 1546 2281 tihi
1571 2210 1714 2281 Domine
1750 2209 1805 2302 qui
1837 2209 1970 2278 vocasti

603 2350 658 2400 me
682 2350 744 2424 per
769 2326 1029 2399 misericordiam
1055 2338 1152 2399 tuam.
1208 2326 1322 2399 Gloria
1348 2324 1406 2397 tibi
1431 2325 1574 2398 Domina
1608 2327 1662 2417 qui
1693 2325 1890 2397 constituisti
1914 2345 1969 2395 me

603 2444 820 2516 mediatorem
847 2443 924 2515 doni
952 2446 1011 2513 tui:
1048 2454 1081 2514 et
1106 2453 1243 2537 propter
1276 2444 1385 2514 omnia
1410 2441 1571 2514 beneficia
1598 2451 1654 2512 tua
1680 2463 1763 2535 erga
1788 2438 1968 2511 imbecilli-

603 2567 704 2632 tatem
743 2582 873 2647 merm,
912 2559 1078 2631 referatur
1116 2555 1174 2629 tihi
1213 2559 1304 2648 laus,
1349 2556 1476 2646 honor,
1515 2555 1704 2648 confessio,
1744 2565 1778 2628 et
1816 2554 1968 2627 adoratio

603 2697 700 2762 nunc,
714 2704 717 2710 ·
730 2684 792 2746 ete.

707 2791 887 2861 Accedunt
919 2790 1089 2879 meconi,
1124 2796 1159 2861 et
1191 2792 1305 2881 stqaat
1336 2810 1597 2883 unamquemque
1632 2810 1749 2860 eorum
1782 2790 1818 2857 r'a
1849 2792 1968 2881 fronte

603 2908 728 2979 dacos.
781 2903 932 2978 Christus
959 2908 1117 3002 suscipiat
1142 2907 1358 2977 ministerium
1385 2914 1488 2977 tuum:
1516 2904 1665 2977 Christus
1691 2903 1831 2976 illustret
1848 2906 1969 2977 taciem

602 3034 707 3096 trram:
746 3021 894 3094 Christus
921 3031 1102 3094 conservet
1126 3024 1230 3094 vitam
1265 3030 1368 3093 tuam:
1405 3020 1555 3093 Christus
1588 3042 1745 3093 crescere
1778 3019 1877 3093 iaciat
1905 3023 1968 3113 ju-

566 3190 570 3198 =
602 3150 772 3212 ventutem
799 3150 896 3211 tuam.
1819 3164 1821 3167 ·

706 3256 753 3326 Et
778 3255 992 3359 respondent.
1046 3250 1195 3325 Christus
1222 3255 1381 3348 suscipiat
1408 3254 1608 3326 oblationem
1634 3264 1733 3326 tuam.

569 3387 575 3400 ‘
709 3373 828 3442 Omnes
853 3370 997 3441 redeant
1022 3369 1069 3439 ad
1093 3368 1203 3440 locum
1228 3392 1339 3441 saum:
1358 3370 1599 3464 Sacerdosqae
1614 3374 1715 3463 sacta
1733 3370 1967 3471 inclinatione,

602 3490 712 3580 sarqr't
738 3494 773 3558 et
797 3488 881 3557 dicit
907 3493 988 3557 tono
1014 3487 1205 3580 annqelr'r'.

706 3602 820 3675 Gratia
854 3604 987 3675 Domini
1022 3606 1128 3674 nostri
1161 3602 1244 3673 Jesu
1281 3599 1417 3674 Christi:
1453 3613 1486 3674 et
1518 3607 1641 3675 caritas
1673 3604 1738 3674 Dei
1771 3603 1897 3691 Patris,
1934 3611 1968 3674 et

603 3720 853 3792 communicatio
881 3720 1014 3814 spiritns
1041 3721 1164 3806 sancti,
1191 3721 1233 3792 sit
1260 3740 1333 3789 aum
1361 3717 1514 3791 omnihus
1539 3718 1649 3791 nohis.

625 3841 630 3849 '
704 3833 881 3904 Sacerdos
905 3837 1019 3926 manat
1044 3856 1082 3905 se
1108 3838 1229 3926 tpsrrm,
1263 3840 1299 3904 et
1324 3833 1436 3905 etevat
1459 3858 1592 3905 mrum
1616 3858 1710 3906 arom
1735 3858 1838 3929 saper
1865 3842 1968 3929 capnt

602 3972 712 4036 aarum,
733 3956 775 4019 trt
799 3952 845 4019 eit
870 3953 906 4018 in
932 3960 1016 4021 aare
1042 3956 1076 4020 et
1099 3950 1244 4041 popellos
1267 3954 1445 4043 particeps
1470 3955 1517 4022 so
1540 3954 1752 4048 siqnatioas's.

705 4065 803 4135 Dicit
829 4064 1015 4135 Diaconos.
1069 4064 1194 4137 Omnes
1220 4086 1283 4136 nos
1310 4087 1384 4137 cnm
1412 4070 1544 4140 timore:
1585 4075 1619 4140 et
1652 4069 1699 4139 ad
1731 4069 1818 4141 doec
1843 4069 1968 4141 amba:

603 4179 693 4252 dedit
717 4179 816 4253 nohis
842 4185 1002 4277 mysteria
1029 4204 1098 4254 sua.
1562 4241 1566 4255 .
1652 4178 1654 4184 ’

709 4291 739 4333 ¹⁸
765 4297 893 4391 incipit
919 4297 1094 4370 Sacerdos
1119 4302 1286 4394 sranqerc
1318 4322 1460 4393 corpns:
1497 4308 1532 4372 et
1554 4301 1647 4371 dicit.
1674 4300 1860 4397 Propitiare
1886 4303 1966 4376 Do-

602 4414 691 4483 mina
715 4436 778 4509 per
803 4415 1009 4485 clementiam
1036 4426 1124 4487 tuam
1149 4418 1297 4511 peccatis
1329 4426 1363 4489 et
1395 4419 1588 4512 insipientiis
1614 4438 1795 4491 servornm
1826 4428 1966 4506 tuorum,

604 4535 639 4597 et
665 4529 834 4602 sanctifica
861 4529 949 4602 labia
976 4540 1090 4603 nostra
1117 4533 1344 4626 pergratiam
1371 4542 1481 4618 mam,
1501 4543 1550 4604 -nt
1583 4532 1661 4605 dent
1687 4533 1811 4605 fructus
1837 4535 1967 4626 gloriae

605 4653 639 4714 et
664 4642 770 4715 laudis
798 4644 958 4716 divinitati
985 4656 1078 4727 tuae,
1105 4669 1178 4718 cum
1206 4646 1358 4720 omnihus
1385 4652 1509 4723 sanctis
1536 4652 1599 4721 tuis
1625 4652 1659 4721 in
1685 4671 1791 4742 regno
1818 4660 1885 4723 tuo.

597 4817 600 4833 .
708 4760 755 4830 Et
780 4761 917 4833 cteoans
944 4783 1059 4833 aocenc
1081 4762 1174 4833 dicit.
1226 4761 1270 4833 Ilt
1296 4763 1351 4835 lac
1377 4785 1440 4837 nos
1467 4764 1586 4857 dignos
1612 4767 1753 4838 Domine
1778 4765 1871 4839 Deus
1896 4790 1965 4840 no-

605 4883 692 4964 ster,
718 4885 754 4945 nt
779 4885 941 4971 perpetuo
968 4877 1096 4972 absquo
1121 4878 1268 4970 macula,
1300 4901 1414 4953 coram
1445 4889 1479 4952 ts
1512 4887 1731 4956 consistamus
1763 4905 1837 4954 cnm
1864 4883 1967 4955 corde

603 5012 700 5085 puro,
725 4988 812 5062 facie
839 5001 954 5087 aperta
982 5004 1015 5065 et
1041 5017 1114 5065 cum
1140 4994 1259 5068 fidncia
1287 5019 1419 5092 quasa
1445 5007 1479 5070 te
1505 5009 1568 5088 est,
1586 4984 1853 5072 'masticantem
1870 4999 1967 5073 nobis

604 5105 697 5181 data:
724 5116 759 5179 et
784 5103 899 5180 omn'es
924 5112 1050 5204 pariter
1075 5112 1270 5186 invocemus
1285 5124 1321 5203 te
1337 5122 1372 5184 et
1387 5116 1436 5188 sic
1457 5114 1615 5188 dicamus.
1641 5115 1744 5188 Pater
1763 5124 1967 5208 nosteneto.

707 5223 859 5319 Popalns
879 5226 972 5298 dicit.
1024 5227 1126 5299 Pater
1151 5236 1275 5302 noster.

1682 5350 1759 5423 77'*
