5150 6534
830 943 835 956 .
914 871 955 946 tn
979 868 1185 948 ntundtln
1212 867 1387 947 annuunt
1412 870 1674 948 ABULFthGlI.
1898 875 1975 949 469

600 1053 719 1117 sionem
741 1052 846 1115 eadem
867 1052 970 1134 lingua
1000 1054 1029 1115 in
1052 1053 1232 1137 Polyglottis
1261 1052 1478 1115 barisiensibus
1501 1053 1624 1131 editam,
1656 1073 1733 1134 quae
1763 1058 1914 1137 reperitur
1941 1060 1972 1120 in

602 1151 679 1217 eod.
701 1151 762 1216 MS.
786 1151 971 1231 Colbertino,
994 1167 1030 1214 en
1054 1154 1151 1234 ipsum
1173 1151 1385 1234 Abullergium
1415 1160 1551 1214 autorem
1580 1150 1693 1215 habere
1723 1154 1840 1216 dicitur.
1886 1158 1973 1219 Alius

602 1251 692 1315 etiarn
714 1251 834 1315 omnino
858 1249 912 1312 luit
933 1253 970 1326 is,
995 1271 1082 1331 quem
1105 1249 1288 1327 Ebu-Ethof
1306 1259 1424 1313 uocant.

690 1348 778 1424 Quod
800 1368 840 1411 ex
861 1348 927 1411 Ebn
952 1349 1093 1413 Chalican
1121 1349 1215 1411 refert
1244 1348 1422 1423 Pocoehius,
1445 1349 1482 1410 de
1507 1350 1572 1429 ejus
1596 1349 1673 1410 sarna
1696 1350 1861 1429 doctrinae,
1886 1353 1975 1414 etiam

602 1447 683 1530 apud
705 1447 950 1526 Muhamedanos,
974 1458 1091 1511 constat
1114 1467 1153 1510 ex
1176 1449 1267 1510 uariis
1299 1455 1436 1509 autorum
1459 1448 1653 1509 testimoniis:
1687 1448 1724 1509 de
1756 1451 1821 1530 ejus
1845 1450 1883 1512 ad
1906 1451 1975 1512 blu-

601 1545 798 1610 hamedanam
832 1546 986 1626 perfidiam
1018 1549 1169 1629 apostasia
1206 1565 1363 1609 censemus
1400 1546 1585 1608 mendacium
1624 1565 1694 1609 esse
1731 1550 1974 1630 nugacissimum,

603 1646 684 1728 quod
718 1646 807 1707 unico
837 1656 1014 1727 argumento
1046 1649 1119 1709 satis
1149 1645 1305 1708 refellitur.
1357 1644 1498 1726 Sepultus
1530 1654 1576 1707 est
1607 1648 1684 1707 enim
1715 1648 1745 1708 in
1775 1647 1973 1709 blonasterio:

601 1761 690 1828 quam
713 1743 908 1824 sepulturam,
938 1753 970 1807 ut
1001 1745 1161 1809 Christiani
1184 1753 1339 1826 apostatae
1371 1763 1431 1806 non
1462 1747 1705 1825 concessissent,
1736 1747 1775 1807 ita
1805 1746 1973 1826 infidelibus
2056 1809 2062 1820 ,

601 1844 760 1906 maximam
795 1842 948 1907 habuisset
982 1846 1171 1926 turpitudinis
1204 1854 1312 1906 notam.
1370 1842 1430 1905 Sed
1460 1845 1547 1905 etiam
1582 1845 1608 1906 si
1639 1846 1679 1906 ita
1707 1845 1881 1926 scripsisset
1908 1844 1974 1906 Etru

603 1941 757 2022 Chalican‚
780 1944 891 2024 exigua
915 1944 995 2006 circa
1019 1962 1069 2006 res
1101 1943 1336 2006 Christianorum
1370 1942 1443 2005 hdes
1475 1944 1540 2023 ejus
1571 1944 1629 2005 erit
1663 1943 1741 2023 apud
1772 1963 1893 2021 omnes,
1924 1944 1975 2023 qui

605 2059 730 2104 crassae
754 2048 785 2104 et
807 2041 962 2123 plusquam
987 2041 1071 2104 anilis
1094 2044 1126 2104 in
1148 2061 1203 2106 sua
1224 2050 1310 2105 secta
1333 2043 1556 2122 superstitionis
1569 2043 1697 2124 vestigia
1721 2044 1828 2123 ineJ'us
1852 2043 1975 2105 historia

601 2142 715 2222 passim
738 2139 948 2202 observarunt.
979 2140 1057 2203 Nihil
1080 2160 1120 2202 ex
1143 2140 1227 2203 titulo
1250 2141 1355 2201 Patris
1378 2142 1493 2216 berecti,
1516 2151 1546 2202 et
1556 2141 1706 2227 Antistitis
1724 2141 1974 2216 Christianam-m,

603 2237 706 2321 colligi
729 2244 845 2318 posset,
869 2239 895 2300 si
918 2238 1083 2300 calumniae
1106 2239 1192 2300 istius
1216 2239 1302 2302 color
1326 2240 1431 2319 aliquis
1456 2240 1549 2302 loret:
1573 2240 1765 2319 nequeenim
1791 2241 1848 2302 illis
1871 2242 1973 2302 verbis

601 2336 678 2400 hdes
701 2345 752 2399 aut
774 2354 875 2398 mores
898 2337 1025 2414 hominis
1049 2338 1345 2417 commendabantur,
1369 2339 1423 2401 sed
1446 2340 1575 2422 dignitas
1603 2357 1689 2418 quam
1718 2340 1746 2400 in
1760 2339 1895 2401 Ecclesia
1919 2357 1974 2401 sua

603 2435 757 2500 obtinebat
780 2434 1012 2518 significabatur.

688 2534 782 2599 blulta
811 2552 903 2614 porro
934 2534 1148 2616 Abullaragius
1179 2536 1317 2615 scripsit;
1352 2544 1475 2626 praeter
1506 2535 1732 2597 Grammaticam
1759 2535 1881 2617 linguae
1913 2534 1973 2616 Sy-

601 2634 722 2713 riacae,
753 2641 783 2695 et
812 2632 974 2695 Historiam
1005 2651 1082 2713 quae
1112 2633 1176 2695 sola
1208 2634 1374 2696 Pocoeltius
1409 2633 1535 2698 viderat.
1581 2635 1625 2696 Ea
1654 2643 1752 2696 autem
1783 2636 1848 2716 ejus
1878 2651 1974 2715 opera

602 2733 743 2800 vidimus.

689 2830 896 2892 Grammaticu
917 2829 1049 2912 Syriaca
1071 2831 1262 2911 amplissima,
1288 2833 1335 2893 cui
1359 2832 1497 2912 adjuncta
1521 2839 1568 2892 est
1590 2831 1649 2893 Ars
1673 2834 1815 2910 metrica,
1848 2832 1973 2913 Syriaca

601 2925 640 2997 ab
662 2936 768 2991 autore
791 2928 914 3009 scripta,
938 2937 969 2990 et
991 2927 1122 2991 Arabico
1146 2929 1182 2991 ab
1207 2932 1286 3010 ipso,
1318 2937 1349 2991 ut
1373 2930 1536 2991 existimari
1559 2938 1670 3009 potest,
1695 2940 1800 2993 autore
1824 2947 1974 2993 conversa

602 3035 700 3090 extat:
723 3028 753 3089 in
775 3027 851 3092 bibl.
875 3026 1049 3089 Colbertina
1073 3036 1104 3090 et
1127 3028 1157 3089 in
1180 3029 1326 3091 bledicea.

689 3126 912 3189 Grammaticus
935 3128 1142 3205 compendium
1163 3129 1236 3189 satis
1266 3126 1428 3208 prolixum,
1453 3126 1616 3188 secundum
1639 3127 1807 3189 Dialectum
1837 3127 1974 3189 Edesse-

601 3241 683 3303 nnm,
706 3242 783 3305 quae
805 3224 950 3287 Nisibena
973 3226 1079 3304 purior
1102 3225 1197 3289 luisse
1221 3226 1344 3288 dicitur:
1369 3226 1493 3307 Syriaca
1516 3227 1545 3287 in
1568 3226 1712 3290 bledicea.

690 3321 903 3403 compendium
937 3323 1149 3402 Philosophiae
1182 3324 1396 3386 Aristoteliece
1423 3324 1587 3386 secundum
1622 3324 1763 3387 librorum
1799 3324 1971 3387 Aristotelis

602 3420 738 3484 ordinem
762 3441 828 3484 cum
851 3439 954 3483 eorum
977 3421 1115 3501 Epitome
1138 3420 1274 3503 Syrisce,
1297 3422 1414 3484 ibidem.

689 3518 902 3600 Compendinnr
923 3520 1058 3600 Lopicue
1081 3519 1217 3601 Syriace,
1240 3524 1269 3582 in
1294 3521 1399 3583 eadem
1421 3521 1567 3583 bledicea.

688 3617 885 3698 Phnosoptte
906 3621 1026 3699 intepru
1049 3619 1174 3701 Syriaca
1198 3620 1217 3682 2
1240 3621 1313 3695 vol,
1335 3622 1365 3681 in
1389 3622 1504 3683 eadem.

689 3715 901 3796 Compendinm
923 3717 1137 3780 Astrononrt'ne
1159 3725 1190 3779 et
1211 3718 1468 3797 Cosntoprephr‘ae
1491 3720 1615 3800 Syrisce
1638 3719 1667 3778 in
1690 3720 1796 3801 Regia.

689 3815 851 3877 Sermones
873 3814 976 3877 Etbier'
997 3826 1026 3878 et
1047 3816 1254 3896 Philosophici
1275 3819 1400 3898 Syriacc
1424 3820 1452 3878 in
1475 3817 1621 3880 bledicea.

691 3912 774 3987 Quae
797 3911 834 3973 ad
858 3912 1055 3976 Christianam
1077 3915 1265 3996 Religionem
1289 3924 1428 3996 spectant
1451 3925 1529 3980 sunt.
1582 3916 1861 3977 [demonstrationes
1882 3915 1973 3977 intel-

602 4012 755 4088 lectuales,
778 4029 835 4074 seu
858 4014 1007 4092 expositio
1031 4022 1061 4075 ct
1085 4013 1301 4077 demonstratio
1324 4016 1489 4096 Religionis
1508 4014 1705 4078 Christianae.
1729 4014 1818 4076 Extat
1841 4014 1971 4075 Arabiae

603 4107 780 4172 charactere
804 4109 929 4191 Syriaco
952 4113 982 4173 in
1005 4112 1081 4175 bibl.
1105 4111 1209 4193 Regia.

690 4207 861 4271 meremus
881 4210 1101 4291 Mystenorum,
1125 4211 1154 4272 in
1178 4231 1237 4291 quo
1260 4211 1344 4273 multi
1367 4230 1472 4274 sacrae
1492 4212 1666 4290 Scripturae
1689 4212 1748 4273 loci
1770 4211 1970 4291 explicantur,

602 4323 663 4368 non
692 4306 781 4369 modo
811 4308 974 4369 secundum
998 4310 1113 4371 literam
1144 4328 1184 4371 ex
1206 4310 1296 4374 LXX.
1320 4312 1538 4392 Interpretum,
1567 4310 1712 4388 Aquilae,
1744 4308 1911 4391 Symmachi
1941 4317 1972 4370 et

601 4403 730 4466 eliorum
750 4407 958 4483 versionibus,
988 4407 1042 4469 sed
1067 4409 1155 4469 etiam
1177 4411 1341 4472 secundum
1364 4411 1528 4472 doctrinam
1557 4408 1609 4471 SS.
1640 4409 1758 4469 Patrum
1788 4407 1973 4470 Graecorum

601 4509 634 4565 et
655 4502 810 4584 Syrorum,
834 4506 1012 4584 quosinter
1039 4505 1227 4570 adducuntur
1255 4509 1356 4571 hloses
1387 4507 1559 4586 barcepha,
1585 4507 1719 4568 loannes
1748 4507 1911 4582 barensis,
1941 4513 1973 4566 et

600 4601 765 4685 Dionysius
788 4604 944 4667 barsalibi.
988 4605 1080 4667 Extat
1104 4607 1133 4667 in
1156 4607 1219 4669 bib.
1243 4607 1380 4669 bledieea
1403 4607 1533 4669 Arabico
1557 4605 1732 4668 charactere
1756 4607 1892 4687 Syriaco.
1948 4605 1959 4625 ⁸

689 4699 831 4767 cellectio
855 4705 1010 4768 Camenam
1032 4717 1061 4769 et
1083 4706 1333 4770 Constinrtr‘onnm
1363 4707 1467 4768 Civilis
1488 4705 1575 4766 Jnris
1596 4722 1652 4784 per
1674 4703 1761 4767 locos
1790 4720 1972 4778 communes,

602 4815 681 4882 opus
703 4803 855 4868 eximium.
899 4805 990 4867 Extat
1013 4805 1138 4886 Syriaca
1168 4807 1393 4890 elegantissime
1423 4807 1536 4884 scripta
1566 4805 1595 4863 in
1625 4802 1690 4864 bib.
1720 4801 1911 4878 colbertina,
1939 4809 1972 4862 ut

601 4895 711 4961 ibidem
735 4903 825 4964 totius
847 4905 950 4984 operis
972 4906 1073 4967 versio
1096 4903 1237 4967 Arabica.
1283 4905 1445 4986 Reperitur
1467 4903 1556 4965 etiam
1579 4904 1608 4963 in
1631 4900 1776 4964 bledicem

687 4997 825 5063 Historia
845 5002 1064 5083 Dynnstimnm
1086 5009 1168 5065 extat
1191 5005 1220 5064 in
1247 5006 1339 5065 variis
1363 5001 1564 5078 bibliothecis,
1587 5000 1697 5081 etjam
1719 5008 1766 5063 est
1787 5002 1817 5062 in
1841 4999 1970 5061 omnium

601 5095 738 5159 manibus
760 5114 818 5177 per
840 5098 1009 5163 editionem.
1036 5100 1109 5163 Eam
1133 5109 1220 5162 autor
1242 5101 1368 5182 Syriaca
1391 5101 1480 5164 etiam
1502 5101 1678 5202 scripserat,
1701 5106 1732 5160 ut
1754 5105 1826 5160 nota
1849 5097 1969 5162 Codicis

528 5225 532 5232 ·
601 5191 731 5258 benicet
754 5195 851 5259 docet.
894 5198 969 5280 Ejus
991 5199 1094 5280 operis
1116 5199 1274 5278 Epitomen
1297 5199 1387 5262 habet
1409 5200 1486 5261 alter
1516 5197 1622 5261 Codex
1648 5196 1726 5259 illius
1756 5196 1970 5262 bibliothecae.

603 5290 678 5354 Sunt
701 5291 759 5355 alia
781 5313 859 5376 quae
882 5298 919 5361 ad
942 5299 1076 5361 notitiam
1098 5305 1230 5361 nostram
1252 5316 1313 5360 non
1335 5306 1549 5380 pervenerunt.

1683 5449 1758 5523 62*
