5150 6534
1041 878 1198 956 SEVERI
1231 877 1527 955 Antiochum.
1890 878 1965 953 325

602 1062 792 1136 demonstra
820 1085 902 1156 erga
928 1086 982 1135 me
1008 1069 1148 1158 gratiam
1175 1076 1277 1151 taam,
1305 1088 1360 1136 me
1384 1065 1462 1136 licet
1487 1065 1654 1157 indignum
1674 1064 1810 1136 salvans
1837 1056 1966 1138 seounss

602 1178 679 1251 dum
705 1183 935 1253 miserationes
962 1192 1053 1270 tuas,
1079 1193 1115 1254 ut
1140 1181 1323 1273 gloriiicem
1357 1190 1391 1252 te
1417 1203 1551 1275 semper
1577 1181 1727 1253 omnibus
1761 1178 1877 1253 diebus
1897 1170 1966 1253 ¹in‘-

602 1304 657 1366 tae
684 1318 789 1367 meac.
1360 1298 1365 1306 '

705 1410 854 1482 Maccus
878 1432 1003 1482 vocem.
1056 1410 1243 1483 Ecclesiam
1271 1421 1359 1482 tuam
1392 1421 1556 1499 sanctam,
1593 1435 1679 1508 quae
1712 1420 1764 1482 est
1796 1436 1816 1483 a
1848 1412 1968 1485 linibus

602 1525 645 1600 ad
671 1526 754 1600 linas
781 1539 909 1616 terrae,
937 1547 1104 1600 conserva
1130 1529 1164 1597 in
1191 1525 1340 1598 doctrina
1371 1531 1537 1613 veritatis,
1573 1540 1607 1600 ut
1643 1531 1798 1622 quoniam
1828 1526 1884 1599 illa
1918 1539 1972 1599 est

601 1664 723 1737 corpus
751 1642 872 1716 Christi
900 1647 962 1730 tui,
989 1645 1210 1733 conjungatur
1236 1642 1333 1714 simul
1358 1666 1431 1715 cum
1458 1646 1566 1737 capite
1599 1666 1671 1715 suo.
1722 1642 1831 1713 Etiam
1866 1666 1970 1715 erro-

590 1780 672 1857 rem
698 1762 852 1853 impium,
880 1770 913 1829 et
939 1783 959 1830 a
985 1756 1129 1831 Diabolo
1157 1769 1265 1830 ortum
1292 1757 1423 1853 depelle
1450 1782 1495 1829 ex
1520 1758 1690 1830 animabus
1708 1761 1847 1830 nostris:
1875 1758 1970 1830 auler

603 1878 779 1968 operarios
820 1877 1046 1946 mercenarios
1078 1884 1111 1945 et
1146 1877 1294 1968 iniquos,
1328 1875 1475 1946 maculas
1509 1874 1695 1947 haereseon
1734 1872 1825 1961 dele,
1860 1896 1969 1969 neque

599 1992 754 2084 permitte
779 2001 814 2062 ut
823 1997 901 2086 “per
927 2013 986 2063 eas
1013 1988 1258 2085 blasphemetur
1284 2012 1406 2062 nomen
1433 2000 1522 2062 tuum
1553 1994 1638 2062 inter
1672 2000 1801 2082 gentes.
1855 1989 1966 2062 Geni-

599 2107 689 2176 mina
717 2104 881 2178 haeretica
910 2130 994 2201 quae
1019 2129 1105 2177 nunc
1132 2110 1165 2176 iu
1191 2105 1347 2178 Ecclesia
1374 2115 1428 2177 tua
1456 2117 1532 2178 nata
1561 2116 1652 2193 sunt,
1679 2103 1796 2200 procul
1824 2103 1865 2175 ab
1893 2110 1966 2197 ejus

601 2223 739 2291 circuitu
765 2221 911 2317 depelle,
936 2245 1046 2317 neque
1071 2221 1226 2314 negligas
1254 2244 1377 2317 corpus
1404 2222 1612 2294 sacerdotale
1637 2221 1826 2309 Ecclesiae,
1853 2224 1899 2291 ita
1931 2231 1968 2292 ut

600 2338 713 2430 inique
747 2337 963 2428 discindatur,
998 2338 1058 2411 sed
1093 2347 1257 2409 memento
1293 2337 1494 2431 reliquorum
1532 2337 1819 2425 Orthodoxorum,
1858 2359 1969 2430 neque

602 2450 813 2524 obliviscaris
840 2458 1026 2525 testamenti
1053 2458 1119 2537 tui,
1138 2455 1222 2552 ,quia
1248 2475 1415 2548 pauperes
1441 2454 1519 2526 facti
1547 2476 1659 2525 surmus
1681 2451 1789 2524 valde.
1842 2452 1968 2523 Verum

601 2565 723 2659 adjuva
750 2590 804 2639 me
830 2570 921 2640 Deus
948 2578 981 2640 ct
1007 2568 1165 2641 Salvator
1190 2579 1322 2656 noster,
1349 2581 1486 2664 propter
1512 2569 1654 2661 gloriam
1681 2570 1820 2640 nominis
1840 2574 1906 2640 tui:
1934 2570 1968 2638 et

600 2679 785 2755 referemus
812 2683 868 2755 tibi
896 2684 1037 2776 gloriam
1063 2694 1097 2754 et
1122 2684 1263 2755 laudem.

704 2798 879 2871 Sacerdos
904 2800 1095 2871 inclinatos.
1148 2800 1316 2872 Memento
1331 2801 1474 2872 Domine
1500 2798 1749 2872 benefactorum
1765 2810 1966 2887 nostrorum,

601 2934 807 3009 quocumque
833 2917 950 3003 modo,
978 2926 1012 2987 et
1037 2916 1181 2988 retribue
1207 2916 1269 2988 illis
1298 2917 1383 2989 dona
1411 2916 1701 3005 abundantissima,
1730 2929 1764 2987 ut
1788 2921 1884 2987 etiam
1903 2915 1967 2985 iilis

604 3033 658 3124 qui
684 3053 851 3126 pauperes
878 3042 1080 3120 sustentant,
1109 3036 1163 3126 qui
1188 3038 1388 3129 peregrinos
1422 3038 1621 3128 suscipiunt,
1648 3043 1682 3105 et
1711 3032 1966 3105 necessitatibus

602 3156 792 3218 sanctorum
825 3153 1081 3234 communicant,
1123 3160 1156 3219 et
1195 3171 1327 3221 omnem
1361 3149 1522 3221 bonorum
1565 3148 1727 3219 fructuum
1762 3147 1964 3219 fertilitatem

603 3260 752 3333 oderunt.
805 3262 964 3336 Retribue
991 3265 1054 3336 illis
1082 3268 1114 3334 in
1141 3265 1195 3336 die
1217 3264 1330 3358 judicii
1353 3268 1442 3356 justi.
1496 3266 1664 3337 Memento
1691 3268 1790 3334 ctiam
1824 3265 1967 3335 Domine

602 3399 715 3449 eorum
756 3382 810 3473 qui
850 3378 949 3452 hodie
984 3379 1171 3453 obtuleruut
1209 3379 1270 3452 has
1305 3380 1511 3470 oblationes,
1545 3393 1578 3452 et
1608 3403 1722 3451 eorum
1753 3402 1814 3474 pro
1849 3377 1966 3472 quibus

602 3491 735 3566 oblatae
762 3505 852 3582 suut,
880 3506 1053 3568 eteorum
1082 3500 1278 3591 quicumque
1304 3497 1391 3568 idem
1417 3500 1449 3567 in
1476 3506 1586 3569 mente
1612 3495 1805 3567 habuerunt.

706 3610 854 3681 Eleouns
878 3634 1004 3683 ccccm.
1058 3612 1140 3684 Esto
1167 3613 1309 3684 Domine
1335 3613 1442 3683 viduis
1470 3622 1688 3700 sustentator,
1721 3611 1877 3706 orphanis
1903 3632 1966 3679 re-

600 3724 744 3817 fugium,
771 3729 905 3799 senibus
931 3728 1088 3818 baculus,
1111 3731 1274 3819 juventuti
1301 3729 1536 3823 paedagogus,
1571 3739 1605 3800 et
1630 3728 1758 3800 illorum
1787 3730 1841 3821 qui
1874 3728 1966 3817 inju-
2008 3739 2011 3747 ’

601 3844 686 3912 riam
711 3845 876 3938 patiuntur
904 3844 1050 3935 adjutor,
1077 3867 1192 3915 eorum
1220 3848 1274 3938 qui
1302 3868 1322 3915 a
1353 3844 1448 3917 malis
1483 3846 1649 3940 spiritibus
1682 3853 1847 3916 tentantur
1877 3840 1967 3912 libe-

601 3964 703 4028 rator.
755 3959 919 4032 Miserere
946 3959 1073 4032 illorum
1102 3964 1156 4054 qui
1183 3960 1352 4031 doloribus
1389 3970 1422 4031 et
1455 3960 1694 4032 infirmitatibus
1730 3957 1969 4045 conflictantur,

501 4171 504 4176 .
603 4071 701 4144 solve
726 4072 801 4146 illos
830 4079 883 4170 qui
911 4078 999 4148 omni
1026 4098 1152 4167 genere
1179 4080 1407 4171 oppressionis
1427 4087 1483 4148 aut
1498 4080 1738 4171 persecutionis
1764 4074 1966 4147 obsidentur.

602 4187 799 4262 Incurvatos
826 4191 950 4283 dirige,
978 4214 1038 4264 eos
1067 4196 1121 4286 qai
1147 4193 1338 4264 ceciderunt
1364 4196 1475 4284 erige,
1503 4213 1609 4286 neque
1636 4196 1738 4276 sinas,
1765 4200 1800 4260 ut
1816 4211 1968 4261 somnum

602 4308 731 4397 peccati
758 4306 918 4379 ullatenus
946 4308 1163 4393 dormiamus,
1197 4312 1251 4402 qui
1278 4308 1320 4379 ad
1347 4318 1487 4379 mortem
1520 4320 1688 4379 aeternam
1722 4307 1872 4378 deducit:
1906 4304 1967 4375 sed
2073 4320 2079 4329 ·

600 4439 664 4491 nos
692 4440 807 4494 omnes
833 4446 894 4518 per
926 4427 1159 4519 poeniteutiam
1192 4426 1328 4519 purilica
1362 4436 1395 4495 et
1424 4446 1486 4519 per
1517 4423 1685 4518 lacrymas
1718 4427 1966 4495 conversionis:

603 4544 638 4605 ct
662 4525 847 4610 referemus
874 4538 931 4610 tibi
958 4539 1108 4630 gloriam.

707 4651 881 4727 Sacerdos
913 4655 1104 4727 inclinatos.
1163 4656 1331 4727 Memento
1366 4655 1508 4726 Domine
1538 4649 1552 4689 ⁶
1579 4653 1711 4746 Regum
1744 4653 1966 4726 Orthodoxo-

602 4786 675 4867 rum
703 4775 737 4838 et
762 4779 901 4859 terram,
928 4772 1091 4865 simulque
1118 4772 1271 4865 quidquid
1298 4793 1398 4867 super
1424 4769 1515 4842 illam
1532 4780 1597 4858 est,
1625 4771 1778 4867 pacifica:
1805 4772 1969 4841 attritam

603 4885 811 4975 tranquillam
837 4899 870 4959 et
898 4890 1039 4981 quietam
1066 4888 1240 4975 ducamus,
1267 4909 1408 4959 vacuam
1436 4896 1470 4958 et
1494 4885 1633 4959 liberam
1660 4910 1681 4958 a
1707 4884 1810 4959 turbis
1830 4896 1864 4957 et
1878 4907 1967 4958 con-

602 5000 813 5072 tentionibus.

703 5116 854 5188 Elecooc
878 5140 1002 5189 ccccm.
1054 5108 1171 5210 Re‘ges
1197 5116 1312 5189 hdeles
1339 5129 1372 5190 et
1404 5141 1521 5213 pacem
1555 5130 1702 5191 amantes
1735 5118 1873 5214 pacifica
1905 5141 1967 5215 per

600 5236 780 5323 potentiam
808 5245 897 5305 tuam
924 5233 1111 5321 excelsam,
1139 5243 1172 5304 et
1199 5233 1332 5305 ordines
1360 5257 1475 5306 eorum
1502 5238 1556 5329 qui
1582 5238 1796 5307 ministerium
1811 5246 1845 5306 et
1859 5237 1963 5305 auxi-

600 5342 679 5417 lium
705 5346 866 5442 praebent
900 5350 1062 5427 adversus
1094 5349 1208 5423 hostes
1242 5353 1339 5442 regni
1374 5350 1496 5423 Christi
1529 5352 1593 5440 tui,
1626 5349 1771 5444 adiunge
1803 5351 1896 5437 illos,
1932 5358 1966 5420 et

1674 5467 1751 5541 44*
