5150 6534
593 832 671 906 484
1090 828 1448 906 LlTllllGld

593 1030 661 1090 tate
689 1020 828 1105 animae,
857 1021 1041 1113 montisque
1067 1016 1235 1103 munditie,
1262 1013 1443 1092 audeamus
1471 1018 1631 1087 invocare
1658 1028 1691 1089 te
1707 1018 1819 1089 Deum
1839 1019 1971 1096 Pauca

594 1136 787 1222 coelestem,
816 1157 961 1224 oremus,
989 1144 1022 1204 et
1049 1133 1207 1218 dicamne,
1235 1131 1336 1202 Pater
1362 1142 1489 1219 noster,
1517 1135 1573 1226 qui
1599 1154 1638 1204 es
1659 1136 1697 1203 in
1725 1134 1845 1206 coelis.

697 1251 861 1343 Populus.
914 1250 1154 1322 Sanctificetur.
1786 1246 1793 1256 ’

699 1349 894 1439 Sacerdos.¹
937 1367 1071 1451 Sancte,
1100 1366 1365 1457 sanctorumque
1391 1360 1615 1433 sanctificator
1645 1362 1808 1451 Domine,
1842 1364 1970 1466 custodi

592 1507 656 1556 nos
684 1506 745 1578 per
772 1505 892 1554 nomen
920 1490 1008 1552 tuum
1037 1492 1198 1565 sanctum,
1226 1490 1260 1549 et
1286 1477 1328 1549 ab
1357 1476 1482 1549 artibus
1510 1489 1659 1566 satanae,
1687 1490 1720 1550 et
1737 1479 1882 1551 filiorum
1903 1491 1970 1568 ue?

594 1623 691 1695 apuam
724 1597 830 1669 libera
866 1621 939 1669 nos.
993 1599 1183 1668 Praeserva
1217 1600 1315 1667 etiam
1351 1617 1415 1665 nos
1458 1594 1500 1666 ab
1540 1596 1691 1668 omnibus
1731 1594 1970 1688 tentationibus

595 1714 735 1787 occultis
764 1724 797 1784 et
824 1713 1006 1785 manifestis
1040 1713 1191 1784 omnibus
1226 1712 1342 1784 diebrm
1378 1715 1468 1783 vitae
1502 1723 1650 1783 nostrae.
1704 1712 1811 1784 Salva
1840 1714 1973 1807 quoque

593 1855 656 1904 nos
684 1855 702 1902 a
731 1830 925 1916 rebellione,
953 1834 1125 1924 virgisque
1152 1828 1294 1913 luroris,
1321 1838 1355 1898 et
1381 1850 1424 1898 ne
1452 1827 1602 1923 expellas
1637 1850 1701 1900 uos
1728 1851 1749 1898 a
1784 1836 1967 1922 conspectu

594 1961 662 2019 tao.
716 1946 768 2017 Ne
796 1946 932 2017 inducas
960 1969 1023 2016 uos
1051 1950 1082 2015 in
1111 1948 1311 2016 tentationes
1337 1940 1568 2035 gravissimas,
1597 1966 1683 2038 quae
1698 1953 1862 2039 superent
1878 1946 1966 2015 vires

595 2075 745 2135 nostras:
774 2062 834 2133 sed
861 2061 967 2133 libera
994 2084 1057 2134 nos
1085 2086 1104 2132 a
1133 2062 1259 2155 laqueis
1287 2057 1422 2149 diaboli,
1450 2065 1526 2154 quia
1553 2070 1642 2132 tuum
1670 2069 1723 2132 est
1748 2079 1909 2162 regnum,
1934 2069 1966 2130 et

597 2192 628 2251 tu
657 2202 694 2250 es
722 2180 799 2250 Rex
827 2178 969 2270 gloriae,
996 2176 1120 2272 tibique
1147 2176 1276 2249 laudern
1306 2175 1486 2265 ollerimus,
1514 2188 1575 2248 eto.

701 2295 861 2386 Populus.
915 2296 1033 2365 Annon.
1168 2298 1171 2307 '

699 2411 883 2482 Sacerdos.
937 2411 1020 2481 Pax.

698 2524 859 2615 Populus.
912 2523 955 2593 Et
981 2548 1055 2594 curm
1083 2526 1200 2617 spiritu
1227 2534 1292 2594 tuo.

699 2642 887 2711 Diaconos.
941 2641 1039 2711 Ante.

699 2756 860 2847 Popalas.
915 2753 1039 2826 Coram
1068 2764 1110 2824 te.

698 2870 883 2941 Sacerdos.
937 2871 1097 2966 Princeps
1136 2873 1337 2959 viventium,
1381 2882 1650 2965 mortuorumque
1688 2870 1835 2943 Domine
1875 2871 1961 2941 Deus

594 2990 782 3062 irriserator.
810 2990 972 3081 propitius
1001 2997 1097 3076 esto,
1125 2997 1158 3057 et
1184 2990 1346 3058 miserere
1380 2985 1613 3083 peccatoribus
1647 2990 1758 3059 servis
1795 2990 1876 3075 tuis,
1911 2987 1962 3080 qui

595 3102 791 3173 inclinantur
819 3126 933 3172 coram
970 3108 1143 3195 majestate
1172 3113 1236 3173 tua.
1292 3104 1433 3199 Suscipe
1461 3108 1649 3192 orationes,
1690 3113 1724 3174 et
1750 3125 1872 3199 preces
1899 3123 1962 3172 no-

596 3229 702 3305 straS,
731 3228 764 3289 et
791 3217 959 3288 sanctifica
988 3241 1048 3289 nos
1076 3229 1277 3314 persancte
1314 3232 1385 3291 tuo:
1422 3220 1547 3291 illustra
1580 3222 1802 3311 cogitationes
1836 3228 1962 3290 nostras

594 3337 702 3422 gratia
731 3344 803 3405 tua:
832 3357 914 3405 orna
941 3334 1072 3426 linguas
1100 3345 1233 3406 nostras
1261 3339 1402 3407 veritato
1429 3348 1500 3408 tua:
1528 3335 1664 3432 purifica
1683 3337 1809 3406 animos
1835 3344 1963 3406 nostrus

594 3470 655 3540 per
682 3448 890 3520 clementiam
919 3461 1022 3535 tuam,
1055 3461 1087 3520 ot
1114 3461 1276 3521 converte
1310 3473 1373 3523 nos
1407 3452 1447 3521 ad
1484 3455 1635 3524 timorem
1667 3462 1766 3522 tuum.
1822 3450 1964 3521 Benedic

595 3561 692 3633 uolris
720 3566 872 3637 omnihus
900 3588 961 3659 per
987 3564 1236 3637 henedictiones
1264 3575 1353 3637 tuas:
1382 3565 1549 3637 circumda
1581 3588 1643 3637 nos
1676 3588 1770 3637 muro
1805 3564 1884 3637 lorti
1911 3565 1963 3637 di-

595 3676 747 3752 lectionis
782 3692 868 3753 tuao.
928 3682 1061 3777 Sparge
1098 3705 1197 3775 super
1231 3704 1294 3753 nos
1326 3705 1437 3754 rorem
1476 3682 1672 3754 clementiae
1710 3692 1804 3753 tuae:
1842 3681 1966 3754 dimitte

564 3776 569 3784 ’
596 3792 714 3864 delicta
742 3808 775 3867 et
801 3807 942 3892 peccata
969 3808 1097 3883 nostra,
1126 3809 1158 3868 et
1185 3820 1287 3892 parre
1315 3798 1411 3869 nohis
1438 3822 1499 3894 por
1527 3822 1673 3872 amorem
1701 3819 1785 3889 erga
1817 3793 1966 3868 lromines

596 3920 694 3981 terum.
750 3910 908 3983 Concede
935 3912 1032 3986 nobis
1059 3916 1201 3985 Donrine
1227 3917 1404 4009 petitiones
1431 3926 1585 4005 nostrae,
1621 3927 1654 3986 et
1689 3914 1730 3985 alr
1758 3917 1849 3984 omni
1878 3937 1966 4009 apo-

594 4029 696 4097 stasia
725 4031 884 4099 immunes
911 4052 974 4100 nos
1003 4030 1112 4100 effice:
1150 4038 1283 4123 praesta
1313 4034 1410 4102 etiarn
1438 4042 1473 4102 ut
1498 4055 1581 4127 pure
1608 4044 1642 4104 et
1668 4040 1784 4102 sancte
1811 4052 1967 4102 commu-

595 4145 742 4212 nicemus
769 4149 905 4239 corpori
933 4156 966 4216 et
993 4148 1146 4235 sanguini
1173 4150 1333 4237 unigeniti
1361 4147 1434 4217 Filii
1462 4151 1518 4231 tui,
1546 4172 1620 4219 oum
1648 4170 1713 4243 quo
1742 4145 1802 4217 tibi
1830 4145 1969 4219 debetur

594 4255 713 4345 gloria,
740 4258 855 4348 honor,
883 4271 1015 4330 etcum
1044 4261 1167 4355 Spiritu
1197 4272 1251 4332 tuo
1279 4266 1498 4336 sanctissimo.

699 4373 858 4465 Papulas.
912 4378 1031 4447 Arnen.

697 4487 880 4561 Sacerdos.
934 4494 1018 4563 Pax.

697 4604 857 4696 Papulas.
911 4607 1054 4678 Etcum
1082 4610 1196 4702 spiritu
1223 4620 1292 4680 tuo.

696 4719 882 4792 Diaconos.
938 4723 1021 4793 Cum
1034 4799 1036 4804 ,
1051 4727 1178 4794 timore.

696 4833 878 4908 Sacerdos.
934 4838 1126 4910 Benedictio
1154 4839 1218 4909 Dei
1244 4844 1306 4930 sit,
1333 4852 1396 4912 etc.

698 4948 855 5041 Populus.
910 4951 952 5024 Et
980 4976 1053 5024 cum
1082 4959 1195 5048 spiritu
1224 4966 1290 5027 tuo.

694 5063 876 5136 Sacerdos.
932 5069 1055 5139 Sancta
1084 5075 1218 5141 sanctis,

694 5179 854 5271 Populus.
910 5182 1001 5253 Unus
1030 5187 1130 5255 Pater
1157 5195 1300 5258 sauctus.

696 5293 880 5368 Sacerdos.
935 5299 1201 5371 Glorificationcs
1229 5301 1469 5392 indeficientes,
1496 5303 1612 5375 laudes
1641 5301 1861 5378 exaltationis
1892 5308 1976 5382 infi-
