5150 6534
602 788 680 865 238
1103 792 1461 875 ttttttttl

704 976 886 1051 Sacerdos.
938 978 1105 1073 Propitius
1131 984 1231 1073 igitur
1256 993 1331 1055 csto
1356 983 1509 1057 omnibus
1535 984 1756 1080 iniquitatibus
1780 985 1905 1056 uostris
1931 995 1966 1077 et

601 1094 729 1166 illomm
756 1095 918 1182 Domine,
945 1117 1054 1190 neque
1081 1099 1114 1167 in
1139 1102 1332 1172 memoriam
1358 1081 1516 1173 revoces*
1530 1102 1665 1172 crimina
1698 1123 1785 1197 quoe
1813 1125 1836 1172 ιι
1865 1097 1965 1172 nobis

600 1220 635 1282 et
658 1210 702 1282 'ob
728 1209 792 1282 illis
819 1214 997 1284 commissu
1024 1221 1117 1284 sunt:
1144 1236 1261 1285 verum
1288 1237 1372 1308 rege
1397 1237 1461 1287 uos
1486 1219 1520 1287 iu
1546 1214 1612 1288 hoc
1627 1216 1765 1288 soeculo
1789 1213 1962 1287 liberoso

597 1325 728 1418 judiciis
755 1338 788 1399 et
814 1331 993 1420 augustiis,
1020 1338 1055 1401 et
1086 1333 1119 1401 in
1153 1329 1264 1404 futuro
1298 1331 1354 1403 loc
1388 1353 1452 1404 uos
1483 1334 1661 1431 pervenire
1696 1330 1739 1403 od
1774 1329 1962 1403 habitacula

598 1440 692 1530 lucis,
720 1443 831 1535 gandii
858 1454 892 1516 et
920 1444 1084 1518 loetitiae:
1111 1458 1147 1518 ut
1172 1445 1225 1517 hic
1251 1456 1285 1518 et
1302 1446 1368 1519 illic
1381 1448 1617 1540 glorificemus,
1641 1446 1824 1537 nutemus,
1847 1468 1962 1519 vene-

598 1583 710 1631 remur
736 1569 771 1631 et
795 1559 993 1633 extollamus
1019 1584 1141 1634 nomeu
1167 1572 1256 1635 tuum
1285 1562 1386 1636 valde
1417 1562 1644 1636 honorandum
1678 1573 1713 1635 et
1742 1560 1962 1641 teneurunt

599 1676 759 1771 simulque
785 1676 919 1748 Domini
944 1680 1049 1750 nostri
1074 1677 1157 1750 lesu
1184 1676 1326 1767 Christi,
1353 1689 1387 1751 et
1412 1678 1553 1775 Spiritus
1578 1681 1625 1751 tui
1651 1681 1766 1752 suncti

701 1792 862 1886 Populos.
914 1792 1019 1894 Sicut
1087 1878 1089 1882 ι

701 1909 884 1980 Sacerdos.
936 1909 1019 1980 Pax.

701 2024 859 2119 Populos.
911 2024 1054 2095 Etcum
1081 2029 1196 2120 spiritu
1222 2036 1290 2100 tuo.
1347 2094 1352 2105 ,

701 2139 884 2212 Sacerdos.
936 2139 1188 2213 Misericordiae
1214 2143 1278 2214 Dei
1305 2144 1378 2215 sint

701 2254 831 2327 Postea
853 2259 988 2349 [rumpit
1014 2256 1170 2327 Oblatum
1196 2263 1230 2327 et
1255 2260 1369 2352 riqnut
1394 2257 1528 2329 dicens:
1554 2254 1737 2329 Credimus.

700 2370 879 2442 Diaconos
905 2372 990 2442 dicit
1016 2372 1235 2444 Catholicom

834 2732 1009 2803 Sacerdos
1033 2732 1118 2802 dicit
1145 2732 1342 2803 Orationem
1367 2738 1447 2801 onte
1472 2730 1573 2801 Pater
1596 2741 1721 2804 noster.

699 2952 857 3049 Princeps
883 2975 1005 3045 magne
1031 2965 1066 3025 et
1091 2954 1191 3024 Puter
1215 2976 1299 3025 vere
1330 2957 1499 3048 utriusque
1532 2953 1675 3042 soeculi,
1707 2950 1869 3040 Domine,
1902 2954 1955 3048 qni

595 3092 658 3142 uos
686 3092 732 3140 ex
757 3068 856 3142 nihilo
884 3071 1036 3157 eduxisti,
1063 3080 1098 3141 ιιι
1124 3092 1287 3159 essemus,
1314 3080 1348 3142 et
1372 3073 1447 3141 vius
1473 3079 1584 3142 rectas
1611 3068 1738 3157 salutis,
1763 3090 1827 3163 per
1839 3067 1955 3141 Filium

595 3196 684 3256 tuum
710 3189 912 3278 unigenitum
940 3186 1080 3258 docuisti
1105 3208 1183 3258 uos:
1211 3197 1245 3257 tu
1270 3209 1357 3258 nnnc
1384 3189 1481 3258 etium
1508 3209 1569 3280 per
1592 3187 1730 3277 graiium
1749 3192 1838 3256 utum
1857 3207 1953 3258 com-

594 3306 722 3398 patiens
748 3302 919 3375 nobiscum
945 3302 1106 3387 Domine,
1141 3301 1309 3373 sanctifico
1336 3312 1463 3373 mentes
1496 3311 1530 3371 et
1560 3301 1691 3391 linguas
1725 3308 1877 3388 nostros,
1913 3322 1953 3373 eo

593 3419 659 3490 line
684 3432 719 3492 ut
744 3442 827 3515 pure
854 3423 1047 3491 invocemus
1074 3428 1107 3488 te
1121 3417 1227 3489 Deum
1242 3416 1374 3488 Putrem
1389 3420 1656 3512 omnipotentem,
1683 3426 1844 3504 sunctum,
1870 3437 1952 3486 ore-

594 3557 732 3629 musque
758 3545 791 3605 et
817 3533 978 3606 dicemus:
1005 3535 1105 3605 Pater
1131 3541 1245 3603 noster
1273 3535 1391 3626 quies
1418 3537 1450 3603 iu
1478 3532 1592 3604 coelis.

697 3649 856 3742 Populos.
908 3648 1146 3722 Sanctificetur.

696 3764 877 3837 Sacerdos.
930 3764 1070 3861 Semper
1097 3775 1171 3837 esto
1206 3772 1371 3834 armatura
1406 3774 1536 3850 nosue,
1570 3764 1727 3834 Domine:
1762 3760 1951 3845 auxiliator,

595 3889 629 3949 et
654 3880 801 3973 adjutor,
837 3891 870 3951 et
896 3905 916 3952 u
941 3881 1174 3953 tentationibus
1205 3889 1443 3975 praeservatur
1478 3888 1512 3950 et
1543 3878 1720 3950 liberator:
1755 3880 1831 3971 quio
1865 3887 1951 3947 tuum

595 4005 647 4066 est
671 4018 830 4087 regnum,
862 4006 895 4067 et
927 4006 1074 4091 potestus
1109 4008 1143 4067 et
1167 3995 1254 4082 laus,
1287 3998 1510 4089 unigenitique
1536 3992 1611 4065 Filii
1644 3996 1706 4082 tui,
1741 4002 1775 4063 et
1809 3992 1951 4089 Spiritus

594 4113 656 4200 tui,
682 4122 744 4182 etc.
1377 4134 1379 4140 ’

696 4227 856 4320 Populos.
907 4231 1025 4301 Amen.

696 4343 878 4415 Sacerdos.
930 4345 1012 4415 Pax.

696 4457 855 4551 Populos.
906 4457 949 4529 Et
974 4483 1048 4530 cum
1075 4461 1191 4554 spiritu
1216 4468 1282 4529 tuo.

695 4572 881 4645 Diaconos.
935 4574 1102 4646 lnchueue.

697 4689 856 4783 Populos.
911 4689 1032 4762 Corum
1060 4701 1092 4762 te
1117 4690 1270 4763 Domine.

695 4806 877 4877 Sacerdos.
929 4805 1110 4878 Adorande
1144 4810 1199 4901 qui
1231 4816 1282 4876 ter
1321 4805 1491 4893 adoraris,
1527 4816 1561 4876 et
1592 4813 1706 4877 sancte
1742 4802 1947 4895 glorificaris,

594 4919 761 4992 sanctifico
786 4920 928 4993 Domine
956 4924 1080 4992 animus
1113 4931 1147 4992 et
1179 4943 1323 5015 corpora
1357 4942 1471 4992 eorum
1504 4923 1559 5015 qui
1594 4941 1708 5000 corum
1741 4930 1774 4991 te
1806 4920 1948 4992 inclinati

593 5047 680 5123 snut,
707 5047 742 5108 ut
768 5046 882 5108 sancte
909 5039 1075 5131 mysteriis
1100 5039 1172 5108 istis
1199 5040 1487 5123 communicemus,
1514 5046 1548 5107 et
1573 5035 1756 5107 referemus
1782 5033 1843 5108 tihi
1868 5036 1947 5129 glo·

591 5152 695 5240 mem,
723 5162 785 5223 etc.

695 5266 854 5359 Populus.
904 5266 1025 5340 Amen.
