5150 6534
941 874 993 952 ln
1024 870 1317 951 brionello
1350 864 1623 949 srulnons.
1914 867 1966 945 97

601 1056 733 1136 cobitas,
756 1062 787 1119 et
809 1073 895 1119 suum
916 1074 1038 1139 quoque
1061 1058 1102 1119 ita
1129 1056 1311 1138 appellatum
1340 1054 1513 1118 Nestoriani
1541 1052 1667 1117 babent:
1697 1051 1835 1135 coptiua
1862 1053 1967 1138 Syne-

597 1159 722 1219 ccrism
742 1163 863 1222 vocant.
907 1157 1050 1229 Quamvis
1078 1156 1158 1219 enim
1180 1156 1297 1218 Graeca
1318 1173 1397 1227 vox,
1425 1172 1513 1235 quam
1541 1155 1744 1232 retinuerunt,
1778 1153 1858 1217 aliud
1888 1171 1967 1235 opus

599 1256 723 1320 Graecis
745 1255 931 1319 notissimum
954 1256 1119 1339 signilicct,
1140 1272 1249 1336 nempe
1272 1254 1450 1318 Sanctorum
1472 1254 1608 1331 nonuna,
1631 1260 1663 1314 et
1685 1262 1772 1333 gesta
1796 1253 1968 1317 Calendarii

599 1353 704 1417 ordine
727 1353 881 1436 disposita,
904 1364 934 1418 et
957 1356 1053 1419 simile
1070 1373 1191 1435 quoque
1202 1353 1342 1438 Coptitae
1365 1359 1535 1435 agnoscunt
1555 1352 1635 1414 inter
1656 1351 1749 1416 libros
1772 1337 1968 1417 Ecclesiasti-

600 1469 654 1515 cos
676 1470 758 1529 suos,
781 1454 928 1537 singulari
950 1462 1048 1517 tannen
1070 1454 1301 1538 significatione,
1324 1453 1424 1533 bymni
1447 1450 1485 1512 ad
1499 1452 1627 1514 Sanctos
1650 1450 1692 1512 ita
1715 1450 1862 1534 dispositi,
1884 1454 1966 1536 Syn-
2090 1538 2092 1541 Ι

601 1553 718 1613 werlu
733 1552 938 1634 appellantur:
961 1554 1092 1635 taliaque
1107 1560 1210 1615 extant
1224 1553 1254 1614 in
1269 1552 1476 1626 Bibliothecis3
1500 1557 1529 1612 et
1543 1549 1648 1612 similia
1666 1549 1777 1615 babent
1787 1551 1965 1633 Aethiopes.
2074 1551 2076 1555 ’

686 1649 915 1716 Observandum
938 1671 1058 1736 quoquc
1080 1660 1144 1730 cst,
1167 1671 1206 1714 ne
1230 1651 1302 1732 quid
1325 1650 1362 1714 ad
1392 1652 1509 1712 Rituum
1537 1648 1734 1712 Orientalium
1764 1653 1967 1735 cognitionem
2019 1642 2112 1696 blicam
2139 1642 2289 1741 sfffl⁰¹⁰¹¹¹²

600 1756 742 1830 spectans
766 1752 935 1829 omittatur,
965 1752 1044 1834 apud
1067 1753 1180 1832 Syros,
1209 1751 1403 1833 reliquosque
1433 1748 1604 1812 Orientales
1628 1747 1823 1827 Christianos,
1853 1753 1882 1813 in
1906 1769 1966 1832 qno
1979 1730 2065 1784 ’ΝΜ
2082 1732 2110 1783 in
2126 1726 2240 1783 ⁰⁸⁰⁰*

602 1847 746 1911 Graecam
770 1850 954 1932 disciplinam
977 1859 1161 1932 sequuntur,
1184 1849 1293 1912 Missas
1316 1850 1495 1914 Sanctorum
1516 1849 1675 1929 proprias,
1698 1856 1730 1910 ut
1751 1852 1782 1911 in
1802 1851 1968 1915 Occidente

602 1955 671 2010 sunt
693 1954 724 2009 et
746 1947 868 2013 luerunt
890 1969 907 2013 a
930 1950 1183 2035 longinquissimis
1207 1947 1409 2029 temporibus,
1432 1947 1529 2010 nullas
1552 1964 1632 2010 csse.
1676 1947 1789 2011 Verum
1804 1949 1969 2033 liturgiam

602 2046 709 2109 eodem
732 2065 854 2130 semper
875 2057 982 2113 tenore
1005 2052 1036 2112 in
1063 2050 1240 2114 Sanctorum
1271 2046 1498 2112 solennitatibus
1527 2045 1696 2109 celebrant:
1726 2046 1860 2129 nihilque
1889 2048 1970 2130 adji-

602 2145 698 2224 citur,
727 2147 785 2210 nisi
812 2147 967 2229 Epistulae
996 2157 1048 2212 aut
1069 2148 1194 2211 alterius
1223 2147 1293 2210 libri
1321 2147 1401 2211 sacri
1429 2146 1538 2223 lectio,
1567 2146 1825 2229 Evangeliumquc
1848 2147 1887 2211 ad
1917 2166 1969 2212 eas

602 2246 774 2325 pertinens:
795 2246 874 2309 inter
896 2263 974 2328 quae
998 2247 1157 2329 aliquando
1180 2247 1299 2309 Scdroe
1320 2246 1370 2308 vel
1386 2245 1469 2315 ,aliae
1490 2243 1577 2325 bujus
1600 2249 1723 2329 generis
1737 2248 1890 2310 orationes
1913 2264 1970 2308 ca-

605 2350 726 2407 nuntur.
769 2343 841 2408 lllae
863 2354 962 2409 autem
988 2364 1201 2427 nonnunquam
1220 2345 1383 2408 Prooemio
1405 2342 1608 2425 appellantur:
1637 2343 1691 2407 sed
1720 2362 1874 2409 commune
1897 2347 1970 2409 nibil

603 2441 716 2505 babent
751 2460 818 2506 cum
853 2447 963 2508 nostris
987 2445 1243 2509 Praelationibus:
1272 2451 1324 2505 ant
1353 2462 1419 2505 cum
1447 2444 1574 2506 vetustis
1604 2444 1668 2505 aliis
1697 2443 1781 2507 Ritus
1816 2444 1970 2521 Gallicani,
2047 2491 2050 2495 »

604 2541 716 2604 Gottici
738 2549 789 2604 aut
810 2541 1006 2607 blosarabici:
1029 2546 1087 2607 imo
1110 2552 1141 2607 et
1164 2546 1258 2626 ipsius
1281 2543 1422 2622 Romani,
1443 2542 1475 2603 in
1497 2542 1604 2625 quibus
1628 2544 1666 2605 de
1690 2543 1869 2607 Sanctorum
1890 2562 1971 2625 quo-

603 2658 669 2703 rum
690 2641 835 2703 memoria
858 2642 1021 2725 agebatur,
1045 2643 1201 2723 laudibus,
1225 2652 1256 2706 et
1278 2644 1372 2720 actis,
1393 2642 1486 2705 multa
1508 2641 1746 2707 continebantur.
1791 2644 1863 2706 Tam
1883 2663 1971 2707 com-

603 2739 701 2801 munis
725 2745 833 2815 autem,
857 2741 1053 2831 omnibusque
1066 2742 1232 2824 approbata
1255 2741 1411 2823 disciplina
1433 2741 1487 2803 luit
1500 2742 1579 2803 circa
1593 2740 1770 2804 Sanctorum
1787 2742 1971 2821 memoriam,

604 2845 675 2901 vota
698 2838 736 2901 ad
760 2857 865 2902 eornm
887 2842 1046 2922 sepulcra,
1069 2840 1339 2922 confidentiamque
1361 2841 1392 2901 in
1414 2859 1520 2904 eornm
1542 2839 1621 2922 apud
1648 2840 1743 2903 Deum
1772 2841 1972 2904 interventio-

605 2937 712 3014 nibus,
734 2944 767 2999 ut
790 2939 847 3020 ipsi
868 2940 1091 3020 blubamedani,
1121 2940 1220 3001 multis
1249 2940 1400 3002 miraculis
1429 2940 1576 3019 convicti,
1605 2940 1830 3003 venerationem
1853 2940 1972 3004 illorum

605 3037 698 3099 uariis
719 3038 749 3098 in
772 3036 847 3099 locis
870 3040 1066 3117 retinuerint,
1089 3045 1120 3102 et
1149 3038 1186 3101 ad
1213 3055 1285 3100 suos
1308 3038 1443 3101 homines
1473 3038 1691 3101 transtulerint.
1734 3037 1839 3120 ltaque
1867 3040 1973 3103 Idolo-

605 3134 711 3197 latriae
733 3153 773 3197 nc
794 3136 927 3201 umbram
950 3138 1069 3220 quidem
1092 3145 1297 3220 agnoverunt,
1320 3138 1351 3200 in
1374 3138 1425 3219 pio
1447 3138 1499 3200 illo
1522 3138 1656 3216 bonore,
1685 3154 1772 3218 quem
1795 3139 1972 3202 Sanctorum

597 3234 768 3297 memoriae
791 3254 806 3297 a
836 3235 1012 3301 Christianis
1040 3237 1152 3300 delerri
1181 3235 1339 3301 videbant:
1369 3245 1402 3299 ιιι
1430 3255 1529 3318 neque
1555 3237 1586 3298 in
1617 3237 1698 3299 cultu
1720 3254 1874 3301 sacrarum
1896 3240 1973 3300 ima-

605 3350 718 3415 gruum.

893 3749 896 3754 ,
976 3701 1174 3794 Praecipue
1199 3702 1241 3771 B.
1274 3700 1425 3792 Virginis
1450 3701 1599 3771 Mariae.
1987 3709 2039 3850 Li}
2053 3710 2097 3761 32.
2115 3708 2132 3760 ι
2150 3709 2194 3762 28.
2212 3717 2236 3762 n
2251 3708 2294 3765 oo.

700 3930 844 4010 Prarnrrs
868 3945 1063 4009 Orientalium
1093 3967 1167 4032 erga
1183 3948 1223 4013 B.
1269 3948 1424 4029 Virginem
1446 3954 1491 4010 tot
1512 3954 1582 4010 sunt
1604 3956 1793 4031 argumenta,
1809 3956 1812 3961 '
1827 3957 1860 4011 nt
1889 3952 1972 4016 libris
2021 3966 2111 4020 cottus
2129 3963 2294 4021 Orientalium

608 4044 846 4120 Ecclesiasticis,
870 4063 994 4125 quorum
1017 4047 1122 4127 aliqui,
1145 4065 1220 4127 quos
1236 4046 1419 4109 Graecorum
1441 4046 1581 4127 exemplo
1597 4047 1758 4111 lbcotolrio
1774 4055 1895 4127 vocant,
1918 4069 1974 4113 seu
1987 4070 2050 4124 erga
2067 4053 2098 4108 Β.
2115 4052 2255 4123 virginem.

609 4146 721 4209 Preces
744 4147 781 4208 ad
803 4145 979 4228 Deiparam,
1003 4147 1083 4227 pleni
1105 4156 1176 4209 sunt
1198 4146 1383 4209 orationibus
1407 4146 1536 4223 adeam,
1559 4153 1663 4208 utres
1686 4146 1822 4210 ulteriori
1837 4149 1974 4229 explica-

611 4247 693 4309 tione
715 4263 775 4307 non
797 4246 946 4326 indigeat:
970 4246 1078 4326 etjam
1102 4246 1140 4309 de
1160 4246 1219 4308 boc
1242 4252 1419 4328 argumento
1441 4243 1550 4307 dictum
1574 4245 1671 4306 estin
1695 4244 1914 4310 Commentario
1937 4248 1974 4311 ad
2022 4248 2052 4299 Ρ·
2069 4248 2131 4299 ²3⁵·

611 4345 766 4426 Copticam
788 4344 951 4426 Liturgiam
974 4344 1083 4427 Basilii.
1127 4345 1283 4407 Jacobitae
1307 4344 1501 4425 pracsertim,
1527 4344 1576 4423 qui
1605 4341 1751 4407 adversus
1779 4347 1975 4411 Nestorianos

612 4442 651 4506 de
673 4442 772 4505 divina
794 4445 858 4524 ejus
882 4443 1069 4505 maternitate
1099 4449 1242 4507 tractatus
1273 4443 1381 4505 multos
1411 4441 1585 4520 ediderunt,
1614 4460 1680 4503 cam
1707 4444 1853 4529 singulari
1878 4467 1977 4511 venc-

611 4544 729 4605 ratione
752 4548 983 4624 prosequuntur.
1027 4540 1112 4603 Unde
1134 4542 1165 4604 in
1187 4542 1342 4624 plerisque
1365 4540 1694 4605 commemorationibus
1723 4546 1819 4626 primo
1849 4545 1915 4610 loco
1945 4548 1976 4610 B.

612 4642 708 4726 Virgo
731 4641 899 4704 nominatur
920 4640 1014 4702 veluti
1037 4648 1241 4703 creaturarum
1271 4640 1541 4723 praestantissima:
1570 4647 1659 4722 atquc
1687 4640 1716 4702 id
1746 4643 1925 4708 observatur
1946 4648 1978 4708 in

613 4739 729 4803 Graeca
741 4740 875 4821 Liturgitt
890 4738 997 4801 Jacobi
1014 4726 1204 4849 ‘Efintqe'rmg
1223 4736 1283 4824 τῆς
1304 4732 1473 4822 conoydes,
1495 4726 1656 4825 ἆχράντου
1677 4736 1732 4802 καὶ
1755 4733 1978 4829 mepevtqq.

614 4832 711 4923 μένης
740 4828 873 4918 ἐνδόξου
900 4831 1073 4921 δεσποίνης
1099 4834 1192 4921 ημῶν
1212 4825 1375 4901 θεοτόκου
1403 4832 1459 4901 καὶ
1486 4826 1710 4923 ᾰειπαρθὲνου
1739 4836 1892 4926 Μαρίαςε
1920 4862 1978 4906 nec

613 4938 700 5001 aliter
721 4939 752 5000 in
775 4938 899 5018 reliquis
922 4937 1056 5001 Graecis.
1101 4938 1155 4999 llic
1176 4957 1250 5000 vero
1274 4939 1473 5019 praemittitur
1493 4939 1635 5001 memoria
1662 4936 1786 5001 loannis
1816 4939 1977 5022 Baptistae,

614 5038 684 5118 quia
714 5037 828 5100 scilicet
855 5038 934 5099 inter
963 5044 1050 5100 natos
1078 5037 1251 5117 mulierum,
1282 5040 1425 5120 majorem
1453 5036 1505 5100 illo
1533 5055 1594 5100 non
1624 5038 1808 5118 surrexisse,
1840 5041 1977 5107 Christus

614 5136 681 5217 ipse
703 5143 828 5199 testatus
852 5143 908 5199 est.
942 5136 990 5198 An
1012 5135 1063 5200 illu
1086 5154 1177 5199 causa
1199 5137 1238 5198 sit
1260 5155 1316 5199 cur
1336 5153 1445 5200 nomen
1467 5137 1533 5217 ojus
1556 5136 1777 5219 praemittatur,
1800 5154 1860 5200 non
1874 5137 1979 5220 liquet,

614 5252 716 5315 neque
738 5235 828 5315 plane
849 5236 1018 5299 verisimilis
1040 5235 1176 5299 ridetur:
1199 5253 1266 5298 nam
1288 5237 1319 5298 in
1342 5236 1456 5317 aliquot
1485 5220 1705 5316 exemplaribus
1734 5243 1804 5317 post
1831 5236 1979 5301 loannem

616 5329 780 5414 Baptistam
802 5336 970 5398 nominatur
992 5334 1161 5417 Stephanus
1183 5335 1399 5419 Protomartpr,
1421 5342 1454 5397 ut
1476 5335 1506 5397 in
1529 5332 1662 5398 Romana
1684 5335 1832 5416 editione,
1860 5337 1895 5401 in'
1914 5336 1978 5401 Co-
2024 5346 2055 5401 ι’.
2075 5348 2136 5402 198.
