5150 6534
861 951 866 963 1
990 845 1272 927 unrrnnm
1309 845 1589 925 rnsrorrs.
1891 842 1966 921 osc

599 1033 675 1108 Filii
701 1039 758 1125 nri,
785 1060 860 1110 cum
886 1038 983 1110 suari
1009 1035 1192 1126 harmonia,
1219 1045 1254 1110 et
1280 1038 1415 1129 gemitu,
1444 1057 1578 1110 oremus
1604 1043 1639 1107 et
1664 1033 1821 1107 dicamus.
1867 1031 1970 1105 Potor

600 1162 717 1225 noster
742 1156 799 1247 qui
825 1174 864 1225 es
889 1153 1065 1225 incaelis.
1988 1145 1990 1148 ’

704 1267 866 1362 Papulas.
918 1266 1157 1341 Sanctificetur.

705 1382 889 1456 Sacerdos.
943 1384 1072 1471 Omnia,
1100 1384 1318 1478 quaomnia,
1351 1391 1386 1453 et
1411 1383 1492 1454 vitia
1519 1390 1715 1478 operantur,
1747 1383 1781 1451 in
1815 1403 1857 1454 ca
1884 1404 1970 1477 quae

497 1482 500 1486 ’
600 1495 692 1570 hona
718 1508 752 1577 et
776 1502 918 1571 virtutes
945 1499 1130 1594 producunt
1156 1502 1221 1571 cito
1248 1507 1411 1570 converto
1438 1518 1521 1589 erga
1554 1518 1618 1570 nos
1649 1497 1809 1569 Domine:
1843 1506 1878 1568 st
1907 1520 1971 1570 re-

599 1612 747 1689 feremus
774 1614 832 1687 uti
858 1615 1002 1708 gloriam
1028 1625 1063 1687 ot
1086 1614 1231 1705 laudem,
1258 1624 1321 1687 otc.
1875 1627 1878 1636 '
1938 1605 1947 1620 “

704 1730 867 1824 Papulas.
919 1731 1040 1804 Amen.

560 1858 563 1864 '
704 1844 890 1919 Sacerdos.
940 1846 1024 1920 Pax.

705 1960 866 2054 Populus.
918 1961 1063 2034 Etcum
1091 1965 1205 2059 spiritu
1232 1972 1300 2034 tuo.

654 2100 656 2106 ·
688 2075 891 2157 Diaconos.
943 2077 1103 2151 Inclinato
1130 2081 1237 2172 capita
1264 2086 1379 2150 vestra
1406 2096 1522 2149 coram
1546 2072 1633 2146 Deo.

703 2191 865 2286 Populos.
919 2191 1044 2267 (loram
1070 2203 1104 2267 to
1128 2193 1282 2268 Domine.

703 2305 888 2382 Sacerdos.
940 2309 1104 2405 Populum
1129 2331 1243 2382 eorum
1278 2311 1333 2404 qui
1365 2307 1623 2405 procumbentes
1649 2331 1765 2383 coram
1798 2318 1833 2381 te
1866 2308 1970 2381 incli-

600 2426 670 2496 nati
695 2434 782 2512 sunt,
808 2435 843 2497 et
867 2428 1098 2499 miserationes
1125 2435 1201 2498 tuas
1227 2424 1395 2498 coelestes
1422 2427 1595 2521 suscipere
1622 2447 1661 2498 se
1688 2433 1885 2521 expectant,
1911 2423 1969 2497 di-

600 2561 688 2633 gnos
714 2538 770 2612 lac
795 2543 1047 2636 participatione
1069 2545 1305 2637 mysteriorum
1322 2552 1452 2614 tuorum
1485 2550 1698 2632 sanctorum,
1724 2551 1759 2613 et
1776 2540 1819 2615 ad
1846 2540 1968 2635 gaudia

599 2652 738 2728 fluenda
765 2664 875 2728 tecum
900 2659 935 2729 iu
960 2680 1070 2750 regno
1103 2667 1160 2732 tuo
1192 2657 1268 2731 illos
1294 2680 1479 2755 praepara:
1513 2668 1548 2729 et
1579 2655 1764 2730 referemus
1795 2655 1854 2730 tibi
1885 2656 1969 2750 glo-

600 2773 683 2843 riam
710 2782 744 2845 et
770 2770 913 2862 laudem,
941 2783 1003 2844 etc.

703 2887 866 2981 Popalas.
919 2888 1039 2961 Amen.

703 3002 887 3076 Sacerdos.
939 3006 1024 3078 Pax.
1103 3063 1106 3070 ,

704 3100 866 3212 Papulae.
918 3118 962 3192 ΕΙ
989 3143 1064 3192 oum
1089 3124 1206 3217 spiritu
1233 3131 1300 3195 tuo.
1421 3144 1424 3147 ·

704 3234 888 3308 Sacerdos.
940 3236 1002 3309 sn.

593 3384 594 3388 ¹
703 3349 891 3424 Diacooar.
945 3352 1180 3447 Unusquisque
1206 3373 1281 3423 cum
1307 3355 1436 3424 timore.

703 3464 888 3538 Sacerdos.
942 3466 1068 3539 Sancto
1095 3470 1229 3543 sanctis.

701 3580 865 3675 Populos.
916 3581 1010 3656 Unus
1036 3584 1138 3656 Pater
1163 3594 1309 3658 sanctus.

703 3694 886 3770 Sacerdos.
939 3697 1032 3771 Unus
1059 3699 1158 3772 Pater
1184 3710 1332 3791 sanctus,
1359 3710 1422 3772 etc.

655 3847 660 3857 ·
703 3814 890 3885 Diaconos.
943 3813 1022 3888 Fac.

701 3927 885 4003 Sacerdos.
938 3930 1054 4004 Gloria
1079 3930 1147 4003 tibi.

701 4043 889 4116 Diaconos.
942 4045 1075 4118 Stemus
1102 4036 1268 4119 decenter.

702 4160 862 4253 Papulas.
914 4162 1114 4236 Laudamus.

704 4274 887 4348 Sacerdos.
940 4277 1009 4350 Ora
1036 4300 1103 4351 non
1131 4279 1292 4352 sufficiunt
1316 4278 1359 4351 ad
1388 4278 1586 4353 laudandum
1612 4285 1662 4351 te:
1697 4301 1806 4375 noque
1831 4280 1965 4373 linguae

600 4389 642 4462 ad
669 4392 890 4464 enarrandam
916 4393 1059 4486 gloriam
1085 4404 1195 4484 mam,
1230 4394 1319 4491 quod
1351 4396 1451 4489 digna
1477 4395 1532 4468 illa
1553 4394 1664 4468 iecisti
1698 4393 1844 4486 deliciis,
1877 4420 1963 4493 qnae

598 4507 823 4601 percipiuntur
848 4510 883 4579 in
909 4529 1053 4605 corpore
1080 4520 1114 4582 et
1140 4514 1304 4603 sanguino
1328 4514 1487 4604 unigeniti
1513 4510 1588 4583 Filii
1614 4512 1678 4583 tui:
1711 4534 1773 4606 per
1806 4537 1903 4608 quem
1931 4525 1966 4587 et

598 4642 674 4693 oum
701 4644 767 4717 quo
794 4634 827 4696 te
853 4621 951 4695 decet
977 4623 1097 4716 gloria,
1124 4624 1232 4699 honor
1257 4638 1293 4700 et
1317 4638 1466 4723 potestas
1501 4649 1575 4699 cum
1602 4625 1726 4725 Spiritu
1752 4638 1807 4702 tuo
1835 4642 1963 4704 sancto.

701 4737 863 4831 Populos.
915 4741 1035 4812 Amen.

702 4838 886 4914 Sacerdos.
933 4844 1017 4915 Pax.

700 4955 863 5051 Papulae.
913 4956 957 5031 Et
984 4981 1058 5030 cum
1084 4962 1199 5055 spiritu
1225 4970 1292 5033 tuo.

701 5071 889 5145 Diaconos.
944 5074 1034 5146 Post.

703 5186 864 5281 Papulae.
917 5188 1039 5264 Coram
1064 5200 1110 5293 te.

701 5300 886 5401 Sacerdos.
941 5304 1071 5382 Christo
1105 5309 1159 5402 qui
1196 5306 1317 5404 dedisti
1355 5329 1477 5423 corpus
1517 5318 1608 5383 cmm
1646 5320 1683 5398 ut
1720 5311 1963 5405 comederetur,
