5150 6534
975 1323 1577 1504 titulati

1313 1577 1318 1587 e

753 1654 796 1773 S.
861 1652 1822 1778 tinnuuttsttoltlltt.

998 1961 1149 2032 Primam
1176 1963 1298 2033 Oratio
1324 1969 1405 2034 arole
1430 1964 1566 2035 Pacem.
1638 2050 1642 2058 Ι

663 2226 779 2330 Deus
807 2256 862 2348 qui
897 2275 935 2326 es
967 2276 1061 2326 maro
1087 2248 1252 2323 ineffabile
1280 2257 1447 2343 caritatis,
1480 2264 1518 2354 et
1547 2252 1692 2350 abyssus
1718 2257 1963 2351 imperscruta-

593 2368 668 2444 bilis
694 2373 801 2466 pacis,
827 2368 903 2443 lons
929 2369 1105 2456 bonorum,
1134 2376 1167 2438 et
1191 2365 1334 2458 largitor
1360 2368 1558 2458 dilectionis,
1585 2373 1754 2466 quimittis
1779 2394 1902 2467 pacem
1920 2372 1964 2448 ud

594 2486 669 2560 illos
697 2489 752 2581 qui
778 2508 853 2575 eam
880 2487 1079 2580 suscipiunt:
1108 2486 1201 2578 aperi
1226 2482 1322 2556 nobis
1349 2484 1413 2557 boc
1430 2495 1683 2582 temporemure
1708 2492 1857 2561 caritatis
1873 2498 1962 2580 tuae

594 2614 628 2675 et
658 2605 762 2694 irriga
793 2623 857 2673 nos
885 2598 1018 2673 'fluentis
1049 2599 1237 2690 ditissimis,
1276 2622 1322 2672 ex
1354 2602 1506 2675 ubertate
1544 2606 1674 2695 gratim
1712 2612 1808 2695 tuae,
1849 2614 1886 2678 et
1917 2627 1962 2678 ox

593 2716 739 2792 fontibus
771 2718 977 2790 suavissimis
1010 2714 1224 2806 benignitatis
1259 2725 1345 2788 tuae.
1398 2718 1470 2789 Fac
1502 2741 1570 2792 nos·
1600 2718 1685 2792 filios
1721 2718 1961 2814 tranquillitatis

594 2845 628 2906 et
658 2832 822 2907 haeredes
854 2835 967 2928 pacis,
994 2831 1141 2904 accende
1176 2835 1209 2902 in
1241 2831 1341 2904 nobis
1375 2835 1486 2925 ignem
1521 2838 1786 2923 caritatis‘tuae‚
1821 2848 1856 2909 ot
1876 2835 1960 2931 ¹ler-

594 2974 714 3024 vorem
740 2951 863 3023 amoris
889 2952 945 3021 tui.
999 2948 1085 3022 Sere
1110 2950 1144 3019 in
1170 2945 1267 3019 nobis
1296 2952 1445 3021 timorem
1474 2961 1576 3040 tuum,
1611 2961 1645 3022 et
1675 2951 1835 3024 confirma
1864 2951 1960 3026 iufir-

594 3070 739 3140 mitatcm
764 3075 912 3147 nostram
938 3068 1081 3137 veritate
1115 3072 1181 3135 tua.
1236 3062 1440 3158 Constringe
1470 3077 1687 3155 ooniacum,
1720 3076 1754 3138 et
1787 3064 1959 3141 nobiscum

594 3186 755 3271 invicem,
790 3205 865 3270 una,
891 3180 1052 3276 firmaque
1078 3201 1142 3250 nec
1170 3179 1353 3253 dissolubili
1379 3183 1567 3256 concordia.
1620 3182 1761 3255 Praesta
1792 3186 1894 3255 etiarn
1926 3190 1978 3254 ut.

594 3302 693 3371 vacui
720 3297 809 3387 dolo,
838 3310 871 3370 et
897 3300 971 3393 pnri
997 3294 1038 3367 ab
1067 3298 1157 3367 omni
1182 3294 1304 3384 livore,
1331 3294 1511 3370 salutemus
1535 3302 1679 3372 invicem
1712 3302 1747 3369 in
1779 3298 1897 3372 osculo
1927 3304 1960 3370 ot

595 3414 752 3510 amplexu
779 3417 871 3509 pacis
898 3424 932 3484 et
959 3414 1104 3482 caritatis
1131 3413 1341 3499 moniciae,
1374 3425 1411 3486 ut
1444 3439 1520 3487 cum
1552 3415 1655 3489 corde
1679 3436 1764 3511 puro
1791 3424 1827 3487 et
1852 3418 1958 3488 anima

594 3530 724 3617 munda,
750 3529 804 3600 bic
832 3527 962 3624 quidem
990 3525 1208 3598 arrhabonem
1234 3532 1326 3600 vitae
1351 3531 1507 3604 membris
1534 3534 1657 3604 nostris
1685 3526 1901 3619 misceamus,
1926 3539 1958 3603 ct

594 3646 660 3717 illic
687 3649 720 3716 in
746 3646 856 3716 lutuno
884 3644 1019 3717 saeculo
1046 3645 1173 3713 invitati
1201 3646 1302 3714 simus
1337 3645 1379 3716 ad
1403 3645 1525 3720 festum
1556 3647 1635 3720 illud
1667 3655 1861 3742 perpetuumu
1895 3646 1957 3718 de-

594 3761 743 3857 liciisque
777 3759 1105 3832 abundantissimum:
1142 3768 1175 3828 et
1205 3760 1441 3855 triumphaliter
1477 3762 1763 3851 calabrariam,
1795 3783 1817 3834 o
1849 3761 1958 3850 beate,

594 3882 627 3949 in
653 3901 760 3969 regno
787 3888 857 3965 tuo,
884 3876 971 3971 quim
997 3879 1031 3946 in
1058 3884 1420 3971 aeternumpermanet,
1447 3889 1482 3950 et
1502 3882 1703 3971 unigenitum
1726 3877 1845 3951 Filium
1860 3886 1958 3966 tuum,

595 4005 629 4066 et
654 3996 811 4090 Spiritum
838 4003 927 4064 tuum
954 4002 1112 4064 sanctum.

696 4109 857 4201 Papulas.
909 4108 1028 4182 Amen.

697 4225 880 4296 Sacerdos.
935 4224 1018 4295 Pax.

697 4341 857 4434 Populos.
910 4338 954 4409 Et
980 4363 1054 4410 cum
1080 4342 1195 4434 spiritu
1221 4348 1287 4412 tuo.

697 4456 884 4530 Diaconos.
937 4455 1003 4527 Det
1028 4459 1251 4550 unusquisque
1278 4480 1404 4553 pacem.

697 4572 858 4666 Populus.
912 4572 1046 4644 Omnes.

696 4689 884 4759 Diaconos.
936 4688 1028 4774 Post,
1056 4697 1117 4758 etc.

697 4803 857 4896 Populus.
911 4804 1034 4876 Coram
1060 4812 1094 4874 to
1119 4801 1269 4875 Domine.

698 4919 872 4990 Sacerdos
906 4920 1041 4989 eieoaos
1075 4941 1200 4990 cacam.
1254 4921 1346 4991 Deus
1379 4917 1571 5007 invisibilis,
1605 4927 1638 4987 et
1668 4915 1964 5013 incomprebensi-

547 5107 556 5124 ,
595 5033 687 5126 bilis,
721 5033 892 5106 inellabilis
926 5043 959 5104 et
997 5035 1137 5123 infinite,
1172 5039 1226 5129 qui
1263 5039 1296 5105 in
1334 5039 1456 5119 sanctis
1489 5044 1677 5107 sanctorum
1710 5033 1857 5108 excelsis
1890 5033 1964 5106 ba-

595 5149 697 5234 titas,
730 5154 763 5221 in
795 5161 926 5223 secreto
960 5149 1167 5238 habitaculo,
1215 5151 1304 5244 quod
1338 5149 1488 5223 manibus
1523 5149 1644 5221 iactum
1679 5171 1746 5222 non
1779 5162 1847 5238 est,
1894 5174 1964 5224 su-

594 5289 656 5361 pra
696 5266 810 5339 coelos
853 5267 1041 5357 coelorum,
1083 5276 1117 5337 et
1158 5289 1259 5361 supra
1302 5266 1458 5362 quidquid
1501 5269 1654 5361 superius
1697 5264 1761 5341 illis
1797 5276 1865 5355 est3
1904 5270 1965 5363 qui
