5150 6534
593 837 669 913 aso
1113 791 1187 974 ‘gn
1213 840 1237 918 o
1263 842 1390 919 uhu

590 1024 667 1085 nanu
686 1026 766 1104 quoa
787 1026 937 1087 marom
958 1027 1063 1105 samm
1082 981 1269 1089 tremam:
1291 1028 1352 1089 ono
1372 1029 1410 1089 oe
1431 1027 1548 1090 uacum
1572 1027 1726 1092 rossem
1747 1031 1859 1092 memo
1879 1030 1917 1109 fit
1935 1031 1967 1092 a

592 1122 778 1186 calendario
799 1125 1018 1187 Maronitarum
1040 1127 1090 1187 die
1110 1126 1163 1189 27.
1186 1125 1348 1201 ianuarii,
1369 1145 1432 1188 uno
1453 1146 1521 1189 mum
1542 1135 1650 1190 sancto
1671 1127 1813 1208 Ephrem.
1858 1129 1968 1192 Sancti

590 1223 723 1302 Ephrem
743 1222 904 1299 Ductoris,
934 1232 963 1285 et
989 1224 1020 1287 S.
1041 1224 1155 1287 Jacohi
1174 1226 1332 1302 Edeoscai,
1355 1229 1440 1304 opus
1462 1245 1540 1288 aevo
1561 1228 1675 1288 asom-it
1695 1226 1908 1306 Borehroeut,
1935 1228 1967 1291 id

592 1329 639 1383 est
661 1320 892 1404 Abullaragius,
920 1325 1037 1385 initiam
1064 1324 1206 1385 trohuisse
1232 1325 1357 1406 hymnos
1384 1326 1452 1386 ittos
1478 1326 1531 1404 qui
1552 1324 1692 1387 Coronos
1713 1327 1826 1388 Graeci
1843 1348 1967 1391 mmai-

589 1428 711 1500 pontur.
757 1421 857 1483 Verba
880 1430 964 1483 sunt:
987 1422 1083 1503 Atque
1104 1425 1195 1484 etiam
1217 1424 1272 1484 suh
1296 1442 1373 1485 aevo
1396 1426 1495 1485 coacti
1514 1424 1627 1486 tacott
1645 1424 1804 1502 Edesscni,
1826 1433 1860 1488 et
1876 1427 1966 1489 eiecti

592 1522 719 1601 Georpii
736 1524 868 1602 peritiam
889 1522 1107 1598 Arabicarum,
1135 1530 1297 1601 coeperunt
1318 1523 1420 1603 hymni
1440 1524 1492 1602 qui
1513 1521 1652 1585 Curiones
1673 1524 1862 1586 &acconam
1884 1543 1966 1585 maa-

593 1630 750 1700 cupontur.
774 1621 849 1682 Hinc
862 1622 975 1702 colligit
985 1622 1135 1684 Naironus
1160 1621 1311 1684 diversum
1333 1621 1415 1683 illum
1438 1640 1507 1683 osse
1523 1641 1540 1683 a
1554 1622 1696 1701 Zanzalo,
1720 1641 1810 1704 quem
1826 1623 1966 1688 eumdem

595 1720 688 1783 luisse
712 1738 778 1781 cum
800 1719 967 1796 Edessena,
989 1739 1078 1783 nemo
1101 1722 1181 1802 quod
1204 1723 1297 1782 sciam
1320 1721 1510 1785 existimavit.

681 1820 769 1883 Circa
792 1819 997 1882 Muhamedani
1029 1821 1144 1901 imperii
1174 1823 1257 1882 initia
1284 1821 1399 1881 vixisse
1420 1818 1567 1882 Jacobum
1589 1818 1777 1883 Edessenum
1799 1821 1966 1884 uerisimile

593 1928 648 1985 est.
692 1920 733 1981 At
756 1919 962 1981 orthodoxum
992 1920 1072 1981 illum
1094 1919 1206 1995 luisse,
1229 1937 1328 1999 nequo
1351 1917 1583 2000 Ahullaragius,
1607 1937 1705 1999 neque
1728 1919 1858 1984 idoneus
1880 1920 1960 1983 ullus

593 2021 672 2081 inter
700 2017 870 2080 Orientalos
888 2019 1001 2096 Autor,
1032 2021 1193 2082 momoriae
1222 2018 1364 2101 prodidit.
1410 2017 1590 2099 Stephanum
1613 2018 1804 2082 Edenensem
1824 2018 1966 2083 Maroni-

593 2128 689 2181 tarum
711 2118 911 2180 Patriarcham
938 2118 1174 2197 Antiochenum,
1203 2138 1292 2199 quem
1316 2117 1436 2179 adducit
1457 2120 1488 2179 in
1511 2117 1710 2181 testimonium
1733 2118 1902 2196 Naironus,
1933 2127 1966 2182 et

593 2235 708 2296 omncs,
734 2225 881 2298 quotquot
903 2225 971 2279 sunt
994 2226 1043 2278 aut
1065 2218 1186 2279 luerunt
1209 2218 1389 2292 Maronitas,
1412 2216 1484 2278 nihil
1507 2233 1672 2294 moramur,
1694 2219 1724 2280 in
1747 2217 1857 2299 quihus
1880 2235 1967 2280 maor

592 2318 718 2397 patriae,
743 2318 768 2378 si
791 2316 925 2378 veritatis
947 2317 1087 2378 limitibus
1111 2319 1331 2393 contineretur,
1355 2325 1437 2378 esset
1459 2316 1666 2378 excusandus:
1690 2318 1847 2378 verumin
1871 2315 1966 2379 rebus

594 2416 631 2478 ad
653 2416 806 2477 historiam
828 2415 1072 2478 Ecclesiasticam
1095 2416 1317 2498 spectantibus,
1345 2416 1472 2477 illudere
1501 2415 1684 2492 lectoribus,
1714 2416 1782 2496 quia
1803 2416 1895 2496 pauci
1917 2415 1966 2478 his

594 2517 700 2578 studiis
723 2535 847 2596 oporam
869 2516 1031 2592 dederunt,
1062 2524 1092 2577 ot
1115 2516 1189 2577 alios
1213 2534 1317 2577 omncs
1340 2515 1446 2576 lallare
1471 2515 1559 2576 facile
1583 2522 1639 2593 est,
1664 2516 1743 2576 omni
1765 2515 1967 2577 excusatione

594 2624 686 2678 caret.
731 2616 815 2689 Quae
845 2618 922 2678 enim
952 2623 1019 2676 sunt
1051 2617 1186 2677 nationes
1215 2614 1387 2680 Catholicae
1416 2613 1584 2676 Orientalcs
1614 2634 1630 2675 a
1664 2615 1771 2695 quibus
1792 2614 1900 2677 Jacobi
1921 2612 1968 2675 illi

594 2716 653 2777 duo
677 2714 844 2777 Orthodoxi
863 2715 987 2795 Judicati
1010 2714 1129 2791 luerint,
1152 2716 1211 2776 nisi
1232 2715 1387 2776 Jacobitae
1410 2716 1628 2776 sincerissimi?
1673 2715 1747 2776 Nam
1769 2713 1811 2774 illi
1834 2714 1866 2774 iu
1880 2713 1969 2776 Con-

594 2812 726 2876 fessione
756 2815 843 2892 fidei,
875 2832 952 2894 quae
975 2814 1011 2874 ah
1035 2812 1214 2875 Ordinandis
1238 2815 1388 2894 exigitur,
1416 2814 1494 2874 inter
1521 2813 1671 2875 Doctores
1700 2813 1859 2875 Ecclesiae
1888 2831 1966 2875 suae

593 2914 819 2992 probatissimos
835 2912 981 2975 Jacobum
993 2912 1180 2975 Edesscnum
1203 2921 1233 2974 et
1246 2911 1449 2993 Serugcnsem
1471 2913 1641 2975 nominant:
1665 2930 1768 2975 corum
1792 2912 1969 2974 testimonia

592 3012 800 3093 producuntur
828 3032 845 3074 a
874 3011 1036 3094 theologis
1073 3012 1110 3073 ad
1145 3012 1376 3093 impugnandam
1406 3011 1534 3074 Concilii
1564 3011 1818 3074 Calchedonensis
1857 3009 1968 3088 fidem3

594 3113 773 3192 tandemque
795 3111 912 3173 illorum
927 3110 1081 3194 Litargiae
1102 3111 1250 3172 habentur
1273 3112 1302 3171 in
1319 3110 1481 3172 Codioibus
1503 3110 1686 3192 Jacobiticis,
1710 3110 1760 3171 ubi
1783 3126 1889 3172 eorum
1913 3109 1968 3191 qui

593 3220 663 3291 post
685 3211 757 3273 illud
780 3212 919 3274 vixerunt
942 3209 1184 3273 Orthodoxorum
1207 3209 1286 3271 nulla
1309 3210 1471 3291 reperitur.
1515 3211 1582 3273 Pari
1605 3213 1721 3273 ratione
1744 3208 1868 3286 Severi,
1891 3207 1970 3270 Phi-

592 3311 705 3388 loxeni,
727 3309 888 3373 Barsomae
912 3316 942 3372 et
965 3310 1090 3371 aliorum
1103 3308 1323 3371 haereticorum
1340 3309 1414 3371 lama
1426 3309 1615 3391 purgabitur,
1631 3310 1700 3389 quia
1712 3308 1831 3369 nomina
1843 3306 1968 3370 illorum

593 3419 697 3473 extant
719 3412 749 3472 in
771 3410 926 3491 Diptychis
949 3408 1166 3490 Liturgiarum,
1196 3426 1270 3488 quas
1293 3408 1458 3472 hiaronita'e
1482 3410 1540 3471 sibi
1563 3409 1724 3487 vindicant,
1747 3426 1814 3469 etun
1836 3406 1971 3469 iacobi-

591 3518 686 3572 tarum
701 3510 842 3592 propriae
858 3511 927 3581 sint,
951 3517 982 3570 ut
1003 3506 1072 3570 alihi
1093 3506 1295 3588 probavimus
1323 3507 1405 3570 idem
1424 3508 1466 3570 de
1480 3508 1658 3570 Calendario
1680 3508 1731 3570 illo
1750 3506 1969 3587 judicandum:

593 3629 693 3689 noque
716 3608 883 3670 Orthodoxi
902 3609 1030 3688 judicari
1053 3615 1215 3688 potuerunt
1235 3606 1367 3669 lacobus
1391 3608 1582 3685 EdessenuS,
1612 3617 1641 3670 et
1664 3607 1863 3690 Serugensis,
1894 3605 1971 3686 quia

595 3709 665 3769 nihil
689 3710 820 3771 occurrit
843 3709 871 3769 ia
895 3725 998 3769 corum
1020 3706 1154 3787 scriptiS,
1186 3723 1245 3787 quo
1268 3706 1343 3768 lides
1367 3706 1519 3769 Cadiolica
1544 3707 1730 3784 offendatur,
1761 3705 1819 3767 nisi
1843 3705 1880 3767 ah
1905 3705 1970 3767 illis

596 3808 646 3888 qui
676 3808 725 3869 illa
756 3825 793 3868 ne
824 3827 864 3869 ex
891 3805 975 3869 titulo
1004 3807 1122 3887 quidem
1152 3815 1318 3867 noverunt:
1351 3826 1416 3868 cum
1447 3816 1550 3868 contra
1581 3807 1738 3868 laudentur
1765 3803 1970 3884 aJacobitis,

596 3908 676 3989 quod
699 3908 843 3970 adversus
867 3907 1130 3970 Calchedoncnscs
1154 3907 1303 3986 antiquam
1334 3905 1420 3967 fidem
1449 3914 1571 3968 strenue
1592 3904 1862 3987 propugnaverint.
1887 3903 1972 3984 Epi-

594 4024 720 4087 scopum
743 4008 835 4069 luissc
858 4006 1000 4068 iacobum
1017 4006 1203 4068 Edesseaum
1227 4014 1340 4067 certum
1363 4015 1410 4067 cst
1433 4027 1471 4068 cx
1485 4007 1679 4085 inscriptione
1692 4004 1810 4066 Codicis
1822 4003 1972 4082 Medicei,

595 4109 624 4168 in
648 4126 707 4186 quo
731 4109 921 4169 continentur
932 4107 1091 4184 Responsa
1113 4108 1177 4186 ejus
1202 4106 1238 4167 do
1260 4106 1334 4166 ,hira
1350 4105 1501 4168 Canonioo
1526 4107 1568 4165 od
1584 4106 1775 4184 promotiones
1784 4106 1973 4182 propositas

596 4206 635 4267 ob
657 4206 764 4268 Adoro
786 4209 914 4286 prrodom
936 4207 1104 4267 sacerdote.
1149 4205 1182 4265 ln
1212 4207 1348 4286 margine
1377 4213 1406 4266 et
1430 4206 1534 4266 caulem
1558 4222 1615 4284 qua
1639 4203 1739 4266 codex
1759 4202 1894 4282 scriptus
1920 4210 1972 4266 est

596 4325 693 4382 manu,
721 4309 841 4385 antiqua
864 4324 936 4367 sanc
959 4312 989 4365 et
1012 4305 1175 4380 sexcentis,
1198 4311 1229 4364 ut
1251 4304 1411 4380 minimum,
1436 4305 1520 4366 arinis
1543 4304 1719 4380 vetustiore,
1743 4301 1866 4383 legitur.
1902 4302 1972 4364 Hoc

596 4424 673 4484 opus
699 4405 814 4484 facttum
839 4404 935 4482 sitisse
967 4423 1046 4463 orario
1080 4403 1266 4463 Graecorum
1297 4401 1559 4465 DCCCCXCVIH.
1611 4404 1638 4463 ls
1668 4411 1767 4463 autem
1796 4401 1972 4481 respondet

597 4522 675 4566 anno
700 4503 800 4565 Acrae
825 4501 1009 4564 Christianae
1031 4500 1255 4564 DCLXXXVll.
1278 4502 1512 4563 Mulramcdanac
1534 4501 1648 4564 LXVII.
1683 4502 1726 4562 Ea
1749 4501 1843 4582 igitur
1864 4508 1972 4561 act-ate

596 4606 713 4666 vixisse
735 4602 879 4665 iacobum
893 4601 1079 4663 Edessenum
1102 4610 1216 4664 certum
1239 4600 1368 4679 videtur,
1392 4602 1450 4662 hoo
1472 4609 1519 4662 cst
1541 4600 1661 4662 labente
1685 4600 1812 4681 septimo
1829 4600 1971 4663 saeculo.

689 4866 724 4935 2.
766 4865 907 4958 Linpuis
933 4886 1021 4957 puae
1047 4866 1221 4954 accipiunt
1247 4887 1346 4933 unum
1373 4863 1504 4954 Corpus
1529 4868 1681 4932 sonetum
1705 4864 1873 4955 unipeniti

1145 4980 1229 5048 Filii
1256 4982 1315 5065 tui,
1344 4984 1407 5048 etc.

698 5152 962 5237 Fauoucmrssmx
986 5172 1033 5226 est
1054 5163 1130 5226 haec
1152 5163 1263 5227 locutio
1287 5165 1317 5226 in
1331 5166 1473 5245 Syrorum
1495 5162 1724 5242 sacrisOhiciis,
1747 5170 1776 5224 et
1798 5165 1974 5245 praecipue

599 5269 630 5329 in
653 5268 838 5330 orationihus
860 5269 1024 5348 gratiarum
1053 5268 1179 5329 actionis
1205 5275 1275 5347 post
1298 5267 1557 5346 Communionem,
1585 5274 1643 5329 tam
1670 5270 1701 5330 in
1730 5267 1795 5329 istis
1823 5284 1919 5348 quam
1942 5269 1975 5331 in

600 5368 725 5430 aliarum
745 5365 951 5429 Ecclesiarum
980 5366 1175 5430 Orientalium
1196 5366 1353 5450 Liturgiis:
1383 5386 1441 5431 aec
1463 5369 1559 5431 minus
1581 5366 1736 5431 familiaris
1758 5367 1838 5430 inter
1861 5366 1976 5431 Theo·
