5150 6534
597 808 647 880 74
969 807 1586 887 OBSERVATIONES

290 994 356 1048 Usus
374 995 443 1048 illies
461 996 583 1065 frequens
682 991 763 1053 lllam
794 991 886 1072 igitur
920 1010 997 1071 quae
1024 991 1141 1056 iacebo
1172 992 1302 1056 adscribi
1333 995 1427 1070 solet,
1463 994 1491 1054 in
1515 993 1687 1074 quotidiano
1710 993 1876 1056 ministerio
1899 991 1973 1074 Syri

284 1089 296 1132 l
318 1098 374 1134 0⁸¹⁰
395 1080 583 1134 0⁰¹¹¹¹¹¹⁰¹¹¹¹¹f⁵⁰
596 1090 803 1171 frequentant,
826 1110 867 1152 ex
889 1099 1007 1153 tretasta
1029 1109 1151 1154 suarum
1173 1091 1377 1154 Ecclesiarum
1400 1092 1578 1167 traditione,
1608 1091 1735 1154 schisma
1764 1090 1972 1154 lacebitarum

283 1168 409 1234 explicavit
428 1167 558 1218 Barsalibi,

594 1190 693 1252 maltis
717 1191 802 1252 annis
825 1188 1037 1252 antecedente:
1060 1208 1128 1251 eum
1150 1189 1238 1252 aliter
1259 1208 1325 1252 earn
1355 1190 1391 1252 ab
1415 1189 1600 1254 Orthodoxis
1631 1207 1728 1270 aeque
1750 1206 1786 1250 ae
1808 1188 1972 1272 haereticis

593 1297 767 1371 usurpatam
789 1289 884 1350 fuisse
907 1287 1025 1350 dillrcile
1048 1287 1137 1352 soret.
1182 1289 1231 1350 Ad
1254 1288 1388 1351 eamdem
1411 1289 1662 1352 commentarium
1684 1305 1772 1350 suum
1794 1303 1974 1352 accomme-

593 1389 674 1450 davit
695 1387 860 1468 Dionysius
882 1386 1045 1464 Barsalibi,-
1071 1387 1122 1467 qui
1145 1386 1324 1449 duodecimo
1348 1388 1471 1450 sinebat
1493 1388 1634 1465 saeculo,
1658 1405 1725 1448 curn
1749 1385 1846 1448 adhuc
1862 1386 1974 1452 anci

591 1486 623 1547 in
639 1486 807 1549 Palaestina
819 1494 999 1567 regnarent:
1023 1493 1055 1546 et
1079 1486 1105 1546 si
1127 1484 1282 1548 Maronitis
1306 1487 1466 1563 eredimus,
1489 1486 1581 1548 multo
1594 1494 1694 1564 antea,
1717 1492 1806 1548 sexte
1829 1485 1974 1550 videlicet

592 1586 734 1662 saeculo,
769 1585 865 1646 simile
898 1602 976 1664 opus
1007 1584 1174 1662 scripserat
1209 1584 1342 1648 loannes
1376 1585 1477 1664 blare,
1512 1604 1600 1665 quem
1635 1592 1735 1646 tamen
1757 1591 1881 1675 praeter
1903 1603 1971 1664 eea,

592 1682 788 1746 Orientalium
819 1683 984 1760 Anterum,
1021 1684 1071 1762 qui
1108 1681 1234 1763 Syriace
1263 1684 1312 1746 vel
1347 1685 1481 1747 Arabico
1514 1685 1722 1764 scripserunt,
1754 1701 1844 1746 nemo
1874 1685 1971 1748 norit.

591 1782 677 1844 Unde
699 1800 759 1843 nen
783 1783 879 1844 inanis
902 1782 1036 1861 suspicio
1059 1789 1106 1842 est
1128 1781 1251 1843 alterins
1273 1800 1350 1862 opus
1380 1783 1421 1845 illi
1449 1800 1466 1843 a
1489 1782 1645 1868 blaronitis
1668 1781 1842 1845 attributum
1865 1782 1972 1846 luisse.

590 1881 663 1942 lnde
686 1898 779 1961 porro
802 1880 993 1943 manifestum
1021 1888 1085 1958 est,
1116 1898 1304 1942 communem
1334 1887 1366 1943 et
1394 1882 1661 1944 celebratissimum
1688 1879 1871 1961 Liturgiam,
1904 1899 1973 1944 eam

592 1998 662 2043 csse
684 1999 763 2060 quae
784 1980 891 2042 Jacebi
913 1980 1034 2053 dicitur,
1056 1979 1094 2040 ad
1117 1996 1205 2058 quam
1227 1979 1363 2059 reliquae
1386 1980 1540 2060 Syriacae,
1564 1988 1705 2060 tanquam
1724 1978 1761 2040 ad
1774 1977 1972 2059 praecipuam

592 2078 773 2141 referendae
796 2085 882 2141 sunt:
905 2087 938 2140 ut
959 2077 1108 2161 generale
1130 2076 1202 2138 illud
1225 2076 1377 2156 Officium,
1400 2098 1461 2160 quo
1484 2079 1715 2160 praeparatoria
1737 2079 1852 2154 emnia,
1876 2086 1908 2140 et
1932 2077 1972 2140 ad

592 2177 760 2240 Gratiarum
782 2179 931 2239 actionem
953 2185 1024 2257 post
1047 2177 1283 2238 communionem
1316 2178 1515 2257 pertinentia,
1549 2196 1611 2240 non
1641 2179 1679 2240 ad
1707 2195 1773 2239 cam
1802 2175 1892 2256 Xysti
1922 2177 1971 2238 cui

592 2277 643 2338 illa
666 2278 860 2358 conjungitur
882 2278 912 2337 in
935 2276 1034 2337 multis
1057 2275 1280 2356 exemplaribus
1303 2277 1375 2338 liss.
1400 2295 1477 2358 quae
1507 2278 1630 2356 reliquis
1657 2275 1884 2356 praetulerunt,
1918 2277 1972 2356 qui

592 2375 754 2438 editionem
776 2374 905 2437 llissalis
929 2373 1081 2436 Chaldaici
1105 2385 1298 2440 curaverunt.
1344 2376 1402 2438 lsta
1425 2384 1524 2438 tamen
1547 2378 1683 2457 quamvis
1706 2381 1869 2438 censeatur
1890 2376 1973 2438 inter

591 2475 744 2556 reliquas,
767 2482 910 2554 extatque
933 2476 963 2535 in
986 2475 1115 2553 antiquis
1139 2473 1318 2551 Codicibus,
1341 2477 1466 2538 rarioris
1489 2484 1589 2539 tamen
1611 2475 1731 2536 omnino
1754 2491 1828 2536 usus
1852 2482 1915 2550 est,
1938 2483 1971 2537 et

591 2593 687 2656 prope
711 2573 836 2649 nullius;
868 2592 964 2636 neca
993 2572 1137 2636 lucebitis
1165 2572 1242 2649 alio,
1277 2581 1310 2635 ut
1337 2574 1475 2652 ridetur,
1506 2575 1566 2636 sane
1596 2575 1779 2654 composita,
1811 2579 1844 2634 ut
1873 2573 1972 2636 altera

590 2673 662 2736 dulii
684 2673 782 2752 Papae
805 2673 943 2747 nemine,
964 2691 1053 2751 quam
1075 2679 1107 2731 nt
1130 2673 1160 2732 in
1182 2671 1383 2734 Rornanorum
1406 2682 1542 2736 ueterum
1554 2672 1730 2736 Pontificum
1753 2671 1813 2734 sude
1835 2690 1870 2734 aa
1893 2689 1972 2751 pcr-

591 2774 700 2835 sistere
724 2771 799 2834 false
823 2771 1035 2853 gloriarentur.
1080 2771 1201 2832 lllerurn
1224 2772 1353 2851 quippe,
1376 2772 1447 2833 lulli
1469 2773 1663 2852 praesertim,
1692 2770 1785 2833 falsas
1815 2769 1971 2850 Epistolas

591 2871 702 2931 liabent
726 2871 755 2930 in
779 2871 842 2932 suis
866 2869 1119 2947 Collectienibus,
1144 2871 1300 2931 sententiis
1330 2870 1443 2950 aliquot
1467 2871 1599 2950 opinioni
1623 2870 1661 2932 de
1684 2888 1742 2932 una
1765 2877 1870 2932 natura
1893 2887 1971 2931 suae

591 2971 666 3032 satis
690 2968 872 3046 commodis,
897 2969 1113 3049 interspersas,
1144 2986 1218 3049 quas
1241 2967 1321 3030 inter
1344 2969 1399 3030 alia
1423 2969 1476 3032 SS.
1499 2970 1620 3032 l‘atrnm
1642 2971 1812 3031 testimonia
1835 2968 1972 3050 allegant

591 3069 692 3130 dulor
713 3069 800 3129 Fidei
819 3068 964 3143 Patrem,
987 3067 1122 3128 etmulti
1146 3067 1196 3128 alii
1219 3069 1376 3148 anonymi,
1399 3077 1522 3148 praeter
1545 3070 1679 3150 insignes
1695 3066 1869 3147 Theologos
1900 3066 1972 3129 lsa-

592 3168 795 3241 Ebn-Zaraa,
817 3168 964 3232 Severum
985 3166 1287 3245 Aschrrroninensem,
1312 3185 1477 3247 omnesque
1491 3167 1609 3230 tandem
1627 3165 1877 3246 quilacobiticae
1898 3166 1973 3229 lidei

593 3267 793 3330 vindicandae
816 3268 897 3328 serio
921 3267 1130 3329 incubuerunt.

306 3373 364 3439 Syri
383 3375 579 3428 credonetece-
681 3365 768 3437 ered
792 3374 890 3428 autem
914 3367 1079 3446 praecipua
1100 3366 1247 3427 habeatur
1261 3368 1341 3427 inter
1355 3365 1451 3445 Syros
1474 3365 1550 3426 haee
1563 3365 1670 3427 Jacobi
1680 3364 1816 3444 liturgia
1842 3369 1972 3441 praeter

283 3475 329 3510 '¹¹¹¹'
348 3463 431 3529 prime
442 3461 579 3531 liturgiam
594 3483 631 3526 ea
654 3482 732 3543 quae
755 3465 883 3526 diximus
906 3465 1015 3545 prebat
1038 3463 1176 3542 Dionysii
1204 3464 1351 3526 Barsalibi
1383 3465 1583 3525 testimonium
1611 3465 1662 3543 qui
1690 3463 1774 3524 initio
1803 3458 1972 3523 Cemmen-

283 3547 416 3612 cripsisse.

303 4054 336 4109 Ut
354 4056 430 4109 etiam
450 4058 549 4111 Graeci.

594 3564 662 3624 terii
688 3564 717 3622 ia
740 3564 819 3624 illam
842 3567 882 3624 ita
905 3565 1045 3643 loquitur.
1091 3565 1250 3638 Traditur,
1273 3564 1353 3643 qaod
1372 3563 1455 3642 seria
1476 3562 1530 3626 111.
1554 3571 1623 3642 poet
1644 3564 1821 3624 descensum
1835 3558 1972 3638 Spiritum

594 3664 695 3724 sancti
725 3661 861 3723 docebas
889 3664 1051 3742 Apostolus
1077 3661 1248 3740 Litarpr'um
1275 3662 1441 3723 celebravit
1469 3664 1604 3723 eamdem
1633 3662 1771 3735 ananiae,
1800 3675 1890 3737 quam
1918 3657 1973 3720 laic

593 3761 747 3823 babemus.
794 3760 924 3842 Ceaeque
945 3769 1070 3840 repetas
1092 3768 1185 3835 esset,
1207 3763 1286 3820 aride
1308 3763 1477 3839 accepisset
1498 3780 1582 3835 eom,
1603 3762 1648 3821 ito
1677 3758 1840 3837 respondit.
1891 3755 1975 3818 Vivit

593 3859 758 3937 Dominus,
779 3864 855 3924 attuit
876 3863 991 3940 arljeca',
1015 3869 1069 3922 eat
1090 3862 1216 3923 detrarce'
1237 3859 1276 3920 eb
1300 3880 1336 3921 eo
1358 3861 1438 3939 qrrod
1459 3861 1566 3921 audivi
1585 3879 1606 3920 a
1620 3859 1751 3920 Domino
1772 3863 1886 3918 nostru.
1918 3853 1972 3916 Ea

591 3966 718 4037 prepter
739 3961 814 4021 baec
835 3961 977 4040 Liturpia
995 3961 1162 4039 praecipue
1184 3961 1299 4019 ecirnia
1321 3968 1366 4019 est
1387 3968 1417 4019 et
1438 3961 1568 4020 emerium
1587 3960 1697 4037 prima.

682 4056 865 4120 Graecorum
892 4076 1013 4139 quoquo
1043 4059 1207 4120 communis
1245 4057 1364 4118 traditio
1397 4065 1443 4118 est
1472 4058 1618 4119 Jacebum
1645 4055 1810 4136 liturgiam
1840 4052 1972 4132 primum

594 4157 771 4235 scripsisse,
795 4158 873 4237 qrrod
897 4158 1025 4237 probant
1047 4159 1207 4218 autoritate
1230 4157 1346 4233 Procli,
1370 4159 1454 4236 cuius
1477 4156 1655 4237 opusculum
1685 4155 1796 4216 editum
1824 4159 1872 4214 est
1899 4167 1979 4214 cum·

595 4256 718 4318 Graecis
740 4256 882 4340 Liturgiis
907 4274 924 4317 a
946 4256 1098 4319 llerellio:
1122 4264 1182 4322 turn
1206 4255 1321 4336 Synodi
1343 4255 1519 4330 Trullanae,
1542 4255 1627 4335 cujus
1650 4271 1767 4331 canon,
1790 4248 1927 4332 quamvis
1951 4266 1970 4311 a

594 4355 668 4416 sede
690 4355 823 4417 Romana
846 4355 973 4435 probata
1000 4373 1062 4416 nen
1089 4354 1194 4432 luerit,
1224 4356 1255 4416 in
1286 4353 1420 4416 Gratiani
1448 4353 1611 4415 Decretum
1639 4351 1752 4414 relatus
1783 4357 1847 4411 est:
1877 4353 1909 4410 et
1937 4347 1970 4409 in

594 4453 730 4515 camdem
753 4457 929 4517 sententiam
951 4456 1139 4535 posteriores
1164 4472 1268 4516 onmes
1293 4455 1402 4515 Graeci
1415 4460 1642 4529 concesserunt,
1667 4458 1698 4512 ut
1716 4455 1799 4530 patet
1818 4445 1968 4525 exprime

592 4549 752 4631 Responso
775 4552 944 4615 Hieremiae
966 4553 1158 4616 l‘atriarclrae
1174 4552 1495 4630 Constantinopolitani
1510 4550 1547 4612 ad
1563 4550 1863 4632 Wintenbergenses.
1907 4545 1970 4608 Ju-

557 4639 561 4646 ’
592 4650 701 4712 dicium
725 4651 835 4714 Leonis
857 4652 961 4714 Allatii
987 4652 1026 4713 dc
1054 4651 1159 4714 cadem
1186 4651 1323 4732 liturgia
1351 4651 1442 4730 longa
1470 4649 1690 4713 Dissertationc
1720 4648 1912 4727 expositum,
1937 4651 1972 4708 et

339 4951 367 5002 P.
388 4952 432 5003 29.

591 4749 690 4813 Iliveti
713 4768 871 4812 censuram
894 4752 964 4813 alibi
986 4751 1192 4830 expendimus.

1011 4961 1131 5027 Oratio
1160 4964 1239 5028 eale
1262 4958 1415 5029 decertem
1437 4961 1548 5050 pecie.

305 5173 423 5224 secunda
450 5173 581 5244 liturgiae
689 5150 836 5226 Saeuam
865 5162 940 5223 baec
964 5169 1012 5222 est
1035 5161 1189 5241 Litargiae
1211 5178 1294 5241 pars,
1318 5169 1350 5222 ut
1372 5168 1455 5222 notat
1478 5160 1635 5237 Barsalibi,
1659 5159 1744 5238 cujus
1768 5154 1862 5220 verba
1885 5161 1969 5235 eunt,

284 5273 338 5309 tm.

594 5263 679 5325 Haec
701 5273 747 5326 est
767 5267 901 5326 secarede
922 5265 1080 5344 Liturpe'ae
1099 5283 1189 5342 pars,
1212 5283 1290 5343 qaae
1311 5267 1489 5326 terminatur
1511 5262 1622 5324 celebri
1641 5263 1696 5323 itte
1714 5261 1970 5342 proclamatione,
