5150 6534
588 882 664 956 426
1089 880 1449 959 LITURGIA

587 1064 734 1164 'canaque
760 1092 822 1143 nos
848 1073 965 1141 iterum
989 1068 1030 1139 ad
1057 1071 1157 1139 vitam
1185 1074 1351 1154 nostram,
1379 1090 1398 1138 a
1424 1089 1513 1137 vana
1540 1067 1755 1161 loquacitate,
1784 1050 1818 1138 et
1844 1067 1952 1137 noxia

587 1209 697 1257 rerum
724 1186 881 1256 inutilium
909 1207 1000 1273 cura,
1028 1184 1171 1276 adjunge
1198 1206 1261 1256 nos
1288 1207 1363 1255 cum
1389 1187 1430 1254 iis
1458 1186 1511 1277 qui
1538 1194 1572 1253 te
1599 1181 1755 1274 diligumt,
1783 1181 1825 1253 ad
1852 1182 1958 1251 insti-

586 1307 745 1373 tutionem
772 1327 792 1373 a
819 1310 851 1371 te
879 1299 1121 1396 accipiendam:
1148 1310 1329 1395 propterea
1357 1302 1442 1370 enirn
1470 1309 1503 1369 et
1530 1298 1691 1392 ejusmodi
1707 1320 1818 1369 rerum
1840 1318 1958 1383 causa,

586 1440 673 1488 nunc
708 1421 882 1514 poenitens
909 1416 1062 1488 Ecclesia
1095 1427 1149 1487 tua
1184 1415 1382 1512 deprecatur
1414 1424 1446 1486 tc
1481 1425 1516 1485 et
1549 1437 1610 1508 per
1642 1423 1675 1484 te
1710 1424 1808 1508 atque
1844 1425 1958 1484 tecum

588 1535 718 1605 Patrem
748 1544 836 1604 tuum
863 1533 985 1603 dicens.

692 1649 852 1742 Populus.
904 1650 1077 1721 Miserere.
1233 1649 1417 1719 Sacerdos.
1470 1646 1543 1720 Nos
1571 1669 1712 1740 qnoque.

692 1765 851 1858 Populus.
905 1765 955 1835 'le
981 1764 1162 1836 laudamus.

691 1881 878 1952 Diuccnes.
933 1880 1037 1965 Quam
1067 1881 1206 1952 timenda
1234 1891 1285 1951 est
1311 1878 1395 1950 baec
1421 1878 1512 1952 horu.

722 2156 897 2228 Sacerdos
923 2157 1105 2226 inclinatus
1131 2156 1214 2225 dicit
1241 2155 1496 2226 lnvrocuticnem
1522 2153 1674 2246 Spiritus
1698 2155 1818 2222 sancti.

690 2344 783 2415 lllitte
809 2344 905 2416 nobis
927 2345 1082 2439 Spiritum
1110 2356 1259 2416 sanctum
1276 2344 1465 2429 Dominum,
1492 2343 1728 2429 vivificantem,
1758 2345 1814 2435 qui
1843 2344 1956 2414 omnia

589 2459 738 2553 perlicit,
766 2463 819 2553 qui
848 2463 936 2530 omni
963 2459 1045 2532 bora
1080 2460 1166 2531 dona
1195 2459 1328 2548 dividit,
1364 2471 1397 2530 et
1430 2457 1607 2544 distribuit,
1641 2458 1847 2551 largiturque
1878 2460 1958 2529 sin-

589 2573 675 2665 gulis
702 2584 800 2670 prout
825 2575 907 2657 vult,
935 2581 989 2670 qui
1017 2576 1168 2647 omnibus
1196 2579 1371 2670 proximus
1399 2585 1464 2660 est,
1497 2596 1605 2668 neque
1632 2573 1708 2645 loco
1736 2575 1957 2645 circumscri-

588 2689 692 2761 bitur:
721 2694 774 2783 qui
801 2695 902 2762 vitam
932 2714 1047 2763 eorum
1075 2694 1128 2785 qui
1154 2696 1271 2762 vivunt
1297 2701 1495 2780 conservat,
1531 2700 1565 2759 et
1595 2693 1777 2761 sanctitatis
1810 2703 1956 2764 sancto-

588 2829 660 2876 rum
686 2807 855 2903 perfector
882 2818 943 2878 cst.
971 2809 1064 2879 blitte
1091 2831 1165 2879 eum
1193 2807 1234 2877 ad
1261 2829 1323 2877 nos
1349 2809 1502 2892 Domine,
1531 2815 1566 2876 ut
1593 2828 1654 2900 per
1677 2828 1793 2879 uranus
1820 2816 1957 2879 nostras

588 2925 792 3013 peccatrices
820 2924 906 2995 dona
933 2922 1016 2994 hacc
1043 2927 1195 3018 proxima
1222 2932 1373 3014 tangens,
1401 2943 1468 2993 non
1494 2922 1758 3010 ministerialiter,
1786 2923 1847 2994 sed
1874 2933 1958 2994 tau·

590 3059 688 3130 quam
714 3041 886 3126 Dominum,
914 3062 1021 3132 neque
1049 3043 1172 3135 typice,
1200 3039 1260 3111 sed
1286 3039 1445 3135 perfecte.

692 3153 841 3224 Electrae
876 3177 1000 3224 ccccm.
1034 3154 1178 3226 *Panem
1206 3154 1336 3251 quidem
1363 3154 1460 3244 hunc,
1494 3154 1597 3226 faciat
1630 3176 1751 3249 corpus
1785 3154 1959 3249 Unigeniti

588 3272 646 3341 tui:
680 3292 801 3364 corpus
835 3293 1040 3365 praeparans
1073 3274 1303 3343 remissionem
1336 3283 1550 3367 pcccatorum
1586 3281 1791 3361 nostrorum,
1832 3295 1957 3369 corpus

590 3386 717 3458 donans
744 3386 1083 3482 incorruptibilitatem
1109 3388 1259 3459 futuram.

693 3501 853 3593 Populus.
907 3503 1026 3574 Anien.

694 3617 876 3688 Sacerdos.
907 3612 922 3651 ⁶
948 3617 991 3687 Et
1018 3616 1155 3689 culicem
1183 3623 1279 3690 istum
1307 3620 1424 3690 efficiat
1451 3620 1492 3690 ad
1528 3622 1756 3691 remissionem
1788 3629 1958 3714 peccato·

590 3754 663 3801 rum
690 3742 890 3821 nostrorum,
919 3731 960 3803 ad
986 3737 1269 3829 participationem
1298 3734 1483 3830 adoptionis
1510 3735 1664 3821 liliorum,
1699 3745 1732 3805 et
1764 3733 1806 3804 ad
1832 3737 1957 3829 pignus

594 3851 685 3918 vitae
713 3847 851 3919 futurae.

694 3964 853 4055 Populos.
906 3966 1026 4036 Amen.

693 4078 877 4151 Sacerdos.
930 4080 1002 4152 Nos
1030 4093 1138 4151 autem
1165 4082 1306 4152 Domine
1335 4085 1366 4151 in
1394 4082 1592 4152 immunditia
1621 4082 1778 4173 demersi,
1806 4095 1840 4155 et
1866 4107 1960 4155 con-

591 4193 710 4264 turbati
738 4218 799 4289 pro
827 4196 888 4266 illis
916 4220 1001 4290 quae
1028 4200 1205 4288 gessimus,
1233 4200 1472 4268 conscientiam
1498 4197 1615 4269 liducia
1642 4200 1774 4294 plenam
1801 4223 1869 4272 non
1887 4200 1961 4273 ba-

591 4309 720 4402 bemuS,
746 4311 806 4382 scd
833 4313 1055 4384 tantummodo
1082 4316 1114 4383 in
1142 4312 1368 4383 misericordia
1397 4325 1430 4384 et
1447 4314 1620 4384 clementia
1636 4324 1699 4401 tua,
1728 4303 1826 4411 quam
1844 4316 1960 4389 abun-

594 4427 711 4497 danter
737 4449 838 4521 super
864 4449 926 4500 nos
954 4428 1105 4517 elludisti,
1133 4427 1352 4519 confidentes,
1380 4432 1450 4500 ausi
1477 4452 1589 4501 sumus
1623 4431 1785 4503 accedere
1818 4433 1860 4503 ad
1892 4455 1961 4505 sa-

594 4540 764 4614 cerdotale
796 4541 859 4612 boc
894 4547 1108 4615 ministerium
1142 4544 1318 4615 tirrrendunt
1351 4556 1384 4615 et
1422 4546 1634 4616 tremendum.
1687 4548 1743 4618 Ex
1775 4551 1960 4622 ministerio

591 4658 694 4750 legali
729 4668 763 4729 et
794 4659 927 4732 umbras
960 4659 1050 4732 solas
1085 4663 1271 4731 continente
1308 4660 1385 4731 nibil
1424 4661 1597 4754 quidquam
1638 4663 1847 4750 adducimus,
1888 4687 1961 4737 non

591 4772 723 4869 prod,
751 4777 949 4846 amictumve
975 4768 1176 4870 pretiosum,
1202 4797 1269 4848 non
1297 4780 1438 4865 mitram,
1465 4799 1530 4848 non
1556 4777 1698 4874 phialam
1733 4802 1866 4851 auream
1902 4792 1963 4853 aut

591 4894 720 4977 tiaram,
748 4913 856 4985 neque
882 4890 1006 4963 bovem
1032 4895 1161 4983 integre
1189 4890 1347 4982 oblatum,
1373 4915 1440 4964 non
1464 4892 1588 4965 hircum
1615 4919 1676 4990 pro
1704 4898 1863 4991 peccatis,
1889 4918 1963 4967 non

592 5011 729 5078 arietem
756 5007 950 5101 perlectum,
977 5029 1043 5078 non
1070 5007 1205 5078 vitulam
1231 5007 1349 5096 rufam,
1376 5019 1410 5079 et
1437 5008 1564 5104 absque
1584 5010 1725 5100 macula,
1752 5032 1818 5082 non
1845 5021 1962 5083 turtu-

593 5144 663 5193 rem
699 5132 754 5193 aut
788 5122 991 5211 columbam,
1024 5124 1084 5195 sed
1123 5147 1241 5220 panem
1273 5119 1285 5158 ⁷
1320 5147 1366 5195 ex
1400 5125 1504 5197 simila
1538 5130 1667 5199 mistum
1695 5148 1770 5198 cum
1805 5127 1895 5216 oleo,
1925 5139 1963 5200 et

594 5236 700 5328 tbure,
728 5241 760 5308 in
788 5239 924 5310 odorem
952 5241 1121 5312 suavitatis
1148 5240 1206 5312 tibi
1232 5240 1413 5314 offerimus:
1446 5265 1555 5336 neque
1587 5247 1673 5315 enim
1706 5250 1840 5338 poterat
1871 5263 1963 5315 san-

594 5356 669 5444 guis
703 5364 871 5427 taurorum
905 5364 960 5428 aut
992 5356 1155 5428 hircorum
1188 5355 1321 5429 auferre
1361 5367 1532 5454 peceatum
1567 5359 1687 5432 mundi.
1738 5357 1815 5430 Lux
1848 5368 1960 5430 autem
