5150 6534
983 847 1013 924 S.
1040 846 1264 926 Dioscuri
1296 847 1520 943 EPISGOPI,
1548 864 1598 926 aa.
1907 852 1984 927 499

617 1032 820 1108 dubitatione
845 1036 935 1109 viam
960 1039 1089 1127 regiam
1117 1034 1387 1126 ambulaverunt,
1412 1035 1575 1131 legesque
1596 1045 1705 1109 rectas
1719 1034 1813 1108 nobis
1830 1039 1983 1112 tradide-

614 1159 707 1223 rant:
734 1173 872 1247 quorum
899 1148 1104 1224 orationibus
1131 1150 1411 1247 acceptabilibus,
1438 1161 1574 1222 avertas
1601 1155 1684 1223 iram
1712 1175 1732 1222 a
1758 1153 1882 1248 populo
1908 1165 1981 1228 tuo:

615 1275 651 1337 et
675 1288 873 1362 compescas
900 1266 1081 1340 seditiones
1109 1289 1129 1337 a
1156 1289 1264 1359 grege
1290 1277 1367 1355 tuo,
1395 1278 1428 1338 ct
1455 1271 1564 1338 omnia
1592 1267 1827 1356 adversitatum
1855 1291 1994 1361 genera¹

614 1402 702 1475 quae
732 1404 805 1465 nos⁸
828 1381 1038 1454 circumdant.
1081 1382 1326 1475 'Cogitationes
1366 1387 1464 1454 etiam
1505 1405 1621 1455 eorum
1661 1388 1714 1478 qui
1750 1384 1870 1458 infensi
1906 1397 1982 1458 suut

612 1497 738 1594 populo
765 1508 822 1571 tuo
849 1497 996 1594 depelle,
1024 1507 1058 1570 et
1084 1499 1126 1572 ad
1154 1499 1303 1571 ellectum
1331 1521 1374 1569 ae
1399 1501 1533 1593 patiaris
1559 1502 1757 1593 pervenire,
1784 1504 1860 1595 quia
1887 1502 1981 1576 Deus

614 1632 653 1686 es
679 1622 731 1702 tu,
758 1618 815 1708 qui
840 1617 892 1686 vis
920 1618 1065 1686 omnium
1091 1619 1211 1702 vitarum
1241 1626 1274 1687 et
1301 1614 1358 1686 tibi
1384 1615 1525 1707 gloriam
1553 1614 1730 1688 offerimus.

717 1729 878 1823 Populea.
930 1731 1050 1801 Amen.

716 1844 892 1918 Sacerdos
917 1846 1107 1916 inclinatas.
1160 1845 1329 1917 Memento
1354 1846 1498 1917 Domine
1523 1868 1585 1941 per
1611 1869 1759 1919 amorem
1786 1857 1875 1920 tuum
1897 1872 1979 1943 erga

612 1958 763 2033 homiues
790 1963 933 2032 omnium
960 1964 1162 2046 animarum,
1183 1972 1327 2055 patrum,
1353 1959 1559 2056 filiorumque
1585 1972 1793 2051 nostrorum,
1822 1968 1876 2058 qai
1903 1970 1979 2060 pri-

613 2073 688 2150 dem
715 2075 980 2166 obdormieruut,
1006 2100 1079 2150 cum
1107 2076 1171 2148 lide
1204 2081 1236 2149 in
1272 2088 1305 2149 te
1335 2098 1420 2149 vera
1455 2086 1489 2148 et
1522 2077 1732 2151 Ortbodoxa:
1769 2080 1978 2153 sacerdotum

609 2212 768 2290 pauonum
795 2196 850 2287 qui
880 2196 915 2264 in
950 2205 984 2265 te
1017 2192 1160 2264 defuncti
1194 2202 1290 2280 suat3
1316 2195 1542 2268 Diaaouorum
1578 2196 1633 2287 qui
1666 2194 1842 2289 praeclare
1875 2201 1978 2294 mini-

610 2316 802 2382 straverunt
829 2309 904 2399 tibi,
931 2309 1199 2402 Religiosorum,
1225 2309 1425 2401 lugentium,
1452 2307 1696 2405 perfectorum,
1729 2311 1978 2405 Magistrorum,

610 2432 645 2495 et
661 2422 848 2497 Doctorum
866 2425 1052 2512 Ecclesiae,
1079 2425 1333 2512 ltlouachorum,
1359 2424 1544 2518 Virginum,
1571 2427 1805 2498 continentium
1833 2439 1867 2499 et
1893 2452 1978 2501 san-

609 2548 738 2612 ctorum
764 2544 1037 2634 conjugatorum:
1064 2545 1119 2637 qui
1145 2543 1265 2638 pudice
1292 2539 1555 2630 ambulaverunt,
1582 2545 1833 2634 peregrinorum
1861 2555 1895 2616 et
1908 2568 1978 2640 pa-

610 2658 674 2730 tria
700 2656 888 2752 pulsorum,
916 2660 1011 2731 simul
1037 2681 1111 2730 cum
1138 2657 1290 2731 omnibus
1317 2657 1380 2729 illis
1408 2659 1462 2751 qui
1488 2678 1571 2753 pure
1588 2658 1691 2728 vitam
1708 2680 1799 2728 suam
1817 2659 1976 2749 linierunt,

608 2782 643 2845 at
666 2774 702 2844 ia
728 2773 793 2845 lide
820 2774 1017 2847 Orthodoxa
1045 2770 1189 2846 defuncti
1216 2785 1302 2848 suut.

713 2889 863 2961 Elecooc
893 2912 1019 2962 vocata.
1070 2891 1195 2963 Eorum
1223 2893 1277 2985 qui
1304 2892 1378 2985 pie,
1406 2898 1440 2959 et
1467 2889 1625 2959 decenter
1652 2890 1840 2960 sacerdotio
1875 2888 1976 2963 functi

608 3014 685 3077 suut
711 3025 824 3078 coram
851 3015 902 3096 ta,
928 3017 962 3077 et
988 3017 1082 3079 caste
1108 3010 1376 3078 ministraverunt
1402 3003 1477 3076 tibi:
1514 3007 1568 3098 qui
1601 3002 1715 3099 populi
1750 3008 1796 3076 tui
1832 3008 1975 3099 quietem

608 3120 786 3193 sacerdotii
812 3124 864 3193 sui
890 3121 993 3194 divini
1018 3120 1240 3194 functionibus
1267 3130 1524 3216 promoverunt,
1552 3129 1585 3190 at
1611 3120 1802 3215 temporalis
1830 3121 1975 3193 alimenti

608 3234 851 3317 distributione;
879 3240 934 3332 qui
959 3238 1134 3310 Ecclesiae
1160 3236 1246 3309 filios
1274 3237 1431 3309 doctrinis
1458 3238 1559 3307 rectis
1585 3237 1808 3324 instituerunt,
1836 3248 1973 3309 etcou-
1999 3223 2002 3232 ’

606 3351 822 3425 firmaverant
848 3375 909 3426 eos
936 3356 969 3424 ia
987 3353 1059 3425 ade
1086 3351 1299 3424 Orthodoxa:
1334 3338 1388 3446 qui
1423 3354 1526 3421 vitam
1562 3372 1654 3422 suam
1690 3350 1907 3447 profuderunt
1938 3356 1971 3424 iu

606 3465 766 3560 religiosa
794 3472 1053 3556 exercitatione,
1080 3471 1215 3562 sitaque
1242 3468 1404 3541 solitaria:
1430 3488 1539 3561 neque
1566 3466 1608 3537 da
1622 3477 1655 3538 te
1669 3467 1865 3554 dubitantes,
1894 3471 1973 3538 aui-

607 3604 679 3656 mas
706 3605 786 3658 suas
812 3582 902 3655 nihili
927 3582 1079 3656 feceruut
1103 3583 1292 3657 voluntarie
1319 3590 1457 3679 propter
1488 3604 1628 3675 regnum
1661 3591 1763 3654 tuum:
1796 3586 1973 3656 vicerunt-

606 3721 672 3794 que
698 3709 731 3773 at
756 3698 994 3795 perfectionem
1021 3686 1190 3772 consecuti
1216 3711 1312 3790 suut,
1339 3697 1489 3772 moribus
1507 3697 1680 3794 inculpatis
1695 3721 1801 3793 usque
1817 3698 1858 3769 ad
1874 3698 1972 3771 finem

608 3818 789 3910 conspicui.
844 3816 906 3902 Qui
933 3815 1113 3888 secundum
1138 3816 1328 3888 facultatem
1355 3837 1469 3904 suam,
1495 3812 1728 3886 habitationem
1755 3815 1972 3911 temporalem

606 3938 911 4020 conservavcmnt,
938 3941 971 4002 et
997 3941 1282 4004 sustentaverunt:
1311 3933 1365 4025 qui
1399 3930 1623 4020 Monasteria,
1657 3940 1690 4000 et
1723 3931 1787 4002 alia
1821 3932 1970 4003 aedificia

604 4046 727 4118 nomini
765 4054 822 4118 tuo
856 4056 1052 4118 consecrata
1086 4044 1309 4119 fundaverunt
1347 4056 1381 4117 et
1416 4044 1638 4118 stabilierunt:
1672 4049 1726 4140 qui
1761 4069 1872 4119 mores
1907 4051 1965 4118 in-

604 4159 759 4257 culpatos·
782 4165 816 4233 iu
840 4160 993 4234 Ecclesia
1021 4173 1075 4233 tua
1103 4161 1338 4233 exhibuerunt:
1366 4171 1524 4255 casteque
1557 4164 1729 4245 vixerunt,
1763 4171 1796 4232 et
1828 4160 1969 4236 fructum

603 4273 726 4349 bonum
753 4276 876 4373 tibique
901 4277 1086 4373 placentem
1114 4277 1315 4365 obtuleruut,
1342 4276 1428 4349 filios
1456 4298 1536 4349 suos
1563 4280 1595 4347 iu
1623 4277 1819 4349 sacrificium
1839 4277 1968 4350 voluu-

603 4394 720 4464 tarium
746 4396 870 4467 nomini
896 4405 970 4482 tuo,
996 4395 1158 4490 fidemque
1186 4396 1349 4465 sinceram
1380 4396 1461 4489 ipsis
1492 4394 1759 4483 transmiserunt,
1794 4394 1886 4467 velut
1898 4419 1967 4490 pa-

604 4515 731 4580 ternam
756 4508 1009 4582 haereditatem:
1043 4509 1117 4580 illos
1151 4514 1205 4604 qui
1241 4520 1396 4605 tanquam
1431 4509 1583 4580 advenae
1609 4511 1642 4579 iu
1675 4509 1795 4582 mundo
1826 4514 1966 4597 versati,

603 4631 638 4696 ot
661 4646 829 4720 pauperes
856 4627 971 4718 spiritu
996 4621 1076 4697 facti
1102 4623 1248 4713 fuerunt,
1278 4626 1458 4696 secundum
1484 4634 1784 4711 sermonemtuum,
1811 4627 1845 4695 in
1858 4647 1965 4717 ragno

603 4749 661 4813 tuo
686 4737 742 4812 iac
769 4743 970 4835 quiescere·
1006 4739 1164 4811 Omnibus
1192 4745 1291 4814 etiam
1318 4733 1399 4832 illis,
1434 4750 1572 4838 propter
1599 4761 1682 4835 quos
1718 4740 1878 4811 destinata
1915 4750 1966 4811 est

600 4854 855 4946 haecoblatio,
883 4865 916 4927 et
942 4877 1081 4948 quorum
1109 4862 1380 4931 commemoratio
1408 4879 1522 4930 coram
1547 4865 1581 4930 te
1607 4854 1695 4927 facta
1712 4863 1778 4947 est,
1805 4852 1966 4949 simulque

599 4969 665 5046 illis
692 4992 830 5067 quorum
855 4993 922 5043 nou
948 4973 1165 5060 meminimus,
1192 4984 1348 5068 tanquam
1373 4973 1534 5046 Dominus
1547 4970 1673 5045 bouus:
1700 4972 1841 5065 quietem
1858 4992 1965 5065 prae-

600 5096 674 5176 sta,
699 5110 802 5184 parca
829 5096 863 5158 ct
890 5089 1032 5178 dimitto,
1059 5086 1153 5159 aufer
1179 5097 1213 5160 at
1239 5087 1314 5159 dele
1341 5089 1500 5176 Domine,
1532 5089 1737 5183 insipientias
1769 5085 1899 5158 illorum
1932 5095 1966 5157 et

599 5212 751 5294 nassas,
788 5224 856 5276 non
890 5225 1058 5276 revocans
1093 5206 1127 5274 iu
1160 5207 1355 5276 memoriam
1388 5203 1546 5276 humanos
1573 5200 1722 5275 defectus
1756 5204 1873 5295 gregis
1901 5203 1963 5291 tui;

601 5320 677 5413 quia
703 5318 810 5393 nullus
836 5318 936 5395 bomo
964 5342 1066 5417 super
1091 5329 1213 5393 terram
1237 5319 1300 5393 fuit
1324 5319 1410 5393 liber
1436 5343 1455 5391 a
1482 5321 1611 5415 pcccati
1626 5314 1791 5407 sordibus,
1817 5318 1881 5389 uisi
1907 5320 1963 5412 qui

637 5456 760 5501 ramma.
1573 5461 1579 5477 ⁸
1706 5433 1756 5509 66
