5150 6534
954 1276 1394 1527 ORDO

489 1713 1102 1897 consutis
1189 1709 1858 1891 LITURGIAE

963 2061 1214 2142 SECUNDUM
1243 2060 1384 2137 RITUM

803 2291 1068 2411 ottobon
1135 2286 1546 2406 utenburron.

783 2499 786 2507 v

1030 2583 1316 2619 4—-

595 2884 775 2985 PRIMO
807 2908 981 2979 Sacerdos
1014 2906 1215 3000 quotidiano
1245 2910 1340 2975 ueste
1376 2905 1547 2998 deposito,
1578 2910 1756 2997 postquam
1789 2900 1858 2971 ob-

492 3026 595 3097 ioerit
619 3048 752 3113 munus,
779 3026 888 3095 dicits.

595 3139 703 3210 Aufer
730 3162 829 3211 ame
856 3140 998 3212 Domine
1024 3138 1223 3211 vestimenta
1251 3136 1385 3208 sordida
1412 3134 1530 3230 quibus
1557 3134 1658 3206 induit
1683 3157 1737 3204 me
1765 3144 1860 3206 sata-

491 3242 571 3346 nas,
597 3267 631 3327 et
656 3255 756 3327 indue
783 3279 837 3327 me
863 3254 1013 3327 vestibus
1042 3254 1177 3343 electis,
1204 3253 1312 3345 dignis
1338 3256 1520 3324 ministerio
1547 3261 1625 3338 tuo,
1657 3248 1766 3341 gloria
1792 3257 1859 3337 tua,

492 3381 526 3442 et
551 3369 679 3443 honore
706 3383 761 3442 tuo
790 3371 984 3465 praeclaro:
1012 3370 1129 3458 Pater,
1155 3366 1219 3439 Fili
1246 3380 1279 3440 et
1290 3368 1431 3463 Spiritus
1454 3378 1587 3456 sancte,
1612 3389 1699 3437 nune
1715 3375 1749 3437 et
1764 3387 1860 3438 sem-

490 3496 551 3569 per
577 3485 611 3547 et
637 3478 670 3544 in
696 3475 832 3546 saecula
859 3475 1091 3563 saeculorum,
1121 3473 1239 3547 Arnen.

595 3592 643 3661 ut
671 3597 853 3685 postquam
887 3590 1095 3684 aliquamdiu
1125 3592 1297 3675 amatr,
1332 3588 1501 3659 inclinans
1531 3608 1569 3658 se
1604 3609 1722 3657 uorum
1754 3586 1860 3657 ultori

492 3705 595 3774 uicit:

595 3819 735 3892 Praesta
762 3821 904 3892 Domine
930 3821 1042 3908 Deus,
1069 3830 1105 3891 ut
1131 3823 1279 3915 aspersis
1307 3818 1461 3891 cordibus
1487 3822 1611 3892 nostris
1638 3828 1672 3889 et
1697 3816 1860 3891 mundatis

492 3932 533 4004 ab
562 3939 651 4006 omni
677 3939 879 4007 conscientia
905 3935 1013 4026 mala,
1039 3938 1241 4029 impurisque
1267 3934 1547 4026 cogitationibus,
1583 3957 1769 4005 mereamur
1802 3938 1860 4005 in-

491 4050 588 4142 gredi
628 4053 662 4121 in
705 4063 853 4124 sanctum
882 4062 1070 4125 sanctorum
1102 4059 1191 4120 tuum
1227 4050 1399 4123 excelsum
1435 4061 1468 4121 et
1499 4049 1655 4122 subbme:
1687 4051 1861 4145 praeclare

492 4175 527 4235 et
552 4189 635 4261 pure
668 4176 790 4239 stemus
825 4189 939 4239 coram
974 4165 1069 4238 altari
1104 4174 1159 4236 tuo
1192 4151 1329 4253 sancto,
1366 4176 1400 4236 et
1432 4167 1609 4238 offeramus
1645 4166 1704 4238 tibi
1739 4187 1859 4239 sacer-

493 4280 809 4375 retrosurgentes,
837 4279 999 4356 sacrificia
1024 4303 1109 4377 pura
1134 4291 1168 4352 et
1194 4279 1411 4353 excellentia:
1438 4285 1472 4352 iu
1506 4305 1591 4354 vera
1625 4282 1706 4372 lide,
1739 4286 1858 4370 Pater,

492 4397 572 4487 Fur,
600 4409 662 4469 etc.

596 4515 644 4584 Et
669 4516 762 4585 dicit.
807 4514 899 4587 Deus
927 4514 1069 4613 obsecro
1096 4522 1129 4585 te
1155 4523 1191 4585 ut
1217 4514 1353 4607 dignum
1378 4537 1433 4586 me
1460 4516 1583 4588 efficias
1611 4517 1792 4589 accedendi
1818 4517 1862 4589 ad

494 4629 598 4701 altare
624 4639 714 4702 tuum
741 4642 889 4715 sanctum
915 4629 1041 4725 absque
1067 4632 1167 4717 vitio,
1195 4640 1228 4701 et
1255 4630 1382 4724 absque
1404 4631 1546 4703 macula.
1580 4631 1656 4725 Ego
1683 4636 1771 4705 enim
1788 4654 1860 4704 sum

494 4768 613 4818 servus
639 4755 800 4841 peccator
826 4750 882 4841 qui
907 4749 1047 4842 peceavi
1075 4756 1109 4818 et
1135 4749 1284 4819 commisi
1310 4756 1449 4842 peccata
1476 4758 1510 4819 et
1536 4752 1671 4820 crimina
1686 4770 1800 4820 eoram
1815 4758 1859 4834 te,

491 4882 601 4955 neque
628 4860 746 4953 dignus
773 4884 845 4935 sum
871 4861 1050 4935 accedendi
1076 4863 1120 4935 ad
1146 4862 1251 4934 altare
1277 4873 1366 4935 tuum
1393 4886 1527 4959 purum,
1555 4876 1611 4937 aut
1637 4864 1678 4936 ad
1700 4866 1859 4958 mysteria

411 5049 416 5064 ,
492 4986 549 5047 tua
582 4986 707 5049 sancta.
759 4978 883 5050 Verum
917 5001 1003 5071 rogo
1039 4990 1073 5051 te
1108 4989 1142 5051 et
1175 4978 1340 5075 deprecor
1371 4978 1552 5053 bonitatem
1586 4990 1620 5051 et
1652 4979 1858 5051 clementiam

493 5101 599 5179 tuam,
626 5095 819 5187 miserator,
845 5098 1062 5185 misericors,
1089 5106 1123 5167 et
1148 5095 1312 5167 hominum
1341 5106 1486 5168 amator:
1521 5099 1635 5191 aspice
1664 5118 1719 5167 me
1752 5095 1857 5169 oculis

492 5208 741 5282 misericordiae
767 5221 801 5282 et
826 5209 1055 5302 benignitatis,
1082 5209 1240 5306 efficeque
1266 5222 1303 5283 ut
1329 5220 1486 5307 aceeptus
1515 5233 1627 5283 coram
1654 5220 1711 5303 te,
1737 5217 1857 5288 eonsi-

494 5330 578 5398 stam
604 5322 667 5397 hae
692 5324 792 5416 hora,
820 5337 854 5398 et
879 5329 969 5400 omni
993 5335 1154 5423 tompore.
1192 5326 1314 5402 Emitte
1340 5349 1442 5423 super
1466 5350 1521 5401 ms
1547 5332 1689 5423 gratiam
1715 5330 1857 5429 Spiritus
