5150 6534
622 760 676 775 ··
743 818 1018 898 LITURGlh
1068 813 1277 892 sancti
1328 811 1559 889 lGllthl.
1804 811 1881 885 215

510 1011 563 1081 cia
590 1008 787 1079 clementiae
812 1017 889 1077 tuae
915 1001 1084 1075 Domine?
1118 1010 1174 1071 aut
1207 1002 1279 1094 quis
1313 1000 1420 1095 possit
1455 1020 1615 1070 enarrare
1647 977 1883 1070 abundantiam

511 1126 633 1195 ameris
660 1124 705 1194 tui
732 1144 814 1212 erga
842 1119 1005 1204 heminae,
1032 1138 1053 1187 ο
1079 1115 1205 1187 beate?
1237 1117 1293 1209 qui
1325 1135 1387 1186 nos
1416 1136 1491 1184 cum
1523 1114 1725 1184 multitudine
1757 1117 1881 1208 impie-

509 1247 612 1311 tatum
639 1238 870 1322 detineremur,
898 1243 931 1304 et
959 1234 1085 1305 catems
1112 1240 1328 1326 peccatorum
1356 1228 1533 1324 compediti
1561 1251 1732 1316 essemus,
1761 1231 1881 1328 dignos

510 1353 621 1425 fecisti
651 1351 837 1444 hujusmodi
869 1351 1051 1421 ministerio
1086 1345 1225 1418 excelso
1263 1338 1297 1417 et
1329 1366 1463 1435 magno.
1516 1344 1655 1415 Praesta
1687 1343 1806 1434 nobis,
1847 1355 1883 1417 ut

511 1468 702 1542 abstersio
731 1464 886 1538 sordibus
921 1466 1069 1559 peccati,
1104 1472 1138 1532 et
1171 1464 1348 1556 purissime
1382 1481 1445 1532 nos
1481 1458 1661 1532 secundum
1693 1482 1815 1556 corpus
1849 1472 1882 1533 et

512 1588 655 1656 animam
681 1581 853 1671 habentes,
881 1579 972 1670 digni
999 1578 1177 1649 efficiamur
1203 1575 1405 1648 beatitudine
1425 1576 1481 1647 illa
1508 1599 1630 1670 quaen
1657 1585 1691 1647 te
1717 1567 1883 1672 premissa

512 1710 576 1787 est,
603 1698 666 1769 illis
695 1700 749 1792 qni
775 1696 898 1767 saciant
924 1692 1127 1765 voluntatem
1156 1702 1257 1780 tuam,
1285 1702 1319 1763 et
1344 1692 1579 1762 illuminatione
1606 1702 1706 1785 atque
1732 1691 1882 1763 illustra-

511 1817 603 1886 tione
629 1814 771 1908 Spiritus
798 1815 844 1883 tui
872 1812 987 1894 sancti,
1015 1819 1051 1881 ut
1077 1812 1175 1879 etiam
1202 1807 1373 1879 functione
1399 1806 1586 1878 Sacerdotii
1613 1810 1774 1898 unigeniti
1807 1807 1882 1894 Filii

512 1932 571 2018 tui,
597 1951 659 2023 per
686 1950 783 2023 quem
811 1937 844 1998 ct
870 1948 944 1996 curn
973 1946 1038 2017 quo
1065 1935 1099 1996 te
1126 1923 1223 1996 decet
1249 1922 1377 2015 gloria,
1410 1920 1518 1994 honor
1551 1931 1585 1994 et
1611 1926 1782 2018 imperium
1810 1946 1883 1994 cum

514 2044 639 2138 Spiritu
666 2055 722 2117 tuo
751 2053 878 2114 sancto.

618 2158 779 2250 Papulas.
831 2157 951 2227 Amen.

619 2272 807 2343 Diaconos.
860 2271 1005 2360 Stemus,
1032 2280 1095 2340 etc.

620 2387 781 2480 Papulas.
833 2385 1096 2476 Misericordiae,
1123 2394 1185 2455 etc.
1268 2383 1272 2387 ’

559 2566 564 2574 .
620 2502 805 2574 Sacerdos.
859 2499 1002 2590 Caritas,
1030 2511 1092 2571 etc.

621 2618 781 2710 Papulas.
834 2615 878 2686 Et
904 2638 978 2686 eum
1006 2618 1120 2710 spiritu
1149 2622 1214 2685 tuo.

621 2733 805 2804 Sacerdos.
858 2730 998 2802 Sursum
1024 2728 1137 2800 corda.

621 2847 783 2940 Papulas.
836 2845 1006 2918 Habemus
1034 2844 1076 2915 ad
1104 2843 1290 2915 Dominum.

621 2963 805 3034 Sacerdos.
861 2961 994 3033 Gratias
1023 2981 1161 3051 agamus
1187 2960 1274 3030 Deo.

620 3077 783 3170 Populus.
835 3076 980 3167 Dignum
1008 3084 1042 3146 et
1063 3078 1187 3166 justum
1215 3083 1276 3143 est.

621 3193 796 3265 Sacerdos
822 3192 1015 3262 inclinatas.
1062 3190 1155 3260 Vere
1181 3188 1279 3260 decet
1305 3187 1364 3259 tibi
1392 3187 1620 3261 adorationem
1647 3213 1721 3262 curn
1748 3191 1887 3278 honore,

518 3307 618 3382 laude
645 3320 679 3380 et
705 3307 927 3397 exaltatione,
962 3304 1114 3377 exhiberi
1141 3305 1182 3376 ab
1207 3303 1359 3376 omnilms
1380 3307 1540 3375 creaturis
1567 3309 1631 3377 tuis
1658 3306 1888 3394 rationalibus,

519 3424 681 3519 simulque
706 3427 876 3514 unigenito
903 3422 989 3493 Filio
1017 3431 1084 3507 tuo,
1112 3431 1146 3492 et
1172 3421 1306 3515 Spiritui
1333 3430 1390 3491 tuo
1417 3431 1544 3492 sancto.

621 3540 772 3610 Elaeam
797 3561 924 3610 nocem.
978 3538 1030 3608 Tu
1062 3537 1118 3607 ille
1149 3559 1187 3607 es
1222 3539 1276 3629 qui
1316 3557 1335 3605 a
1375 3533 1565 3607 substantiis
1607 3537 1816 3623 sublimibus,
1856 3546 1890 3608 et

518 3653 801 3738 immaterialibus
831 3653 955 3723 decore
978 3673 1123 3739 summo,
1152 3661 1185 3722 et
1211 3649 1448 3745 triumphaliter
1480 3653 1513 3719 in
1540 3653 1704 3741 excelsis,
1736 3653 1888 3725 honora-

482 3763 486 3767 ’
518 3772 578 3857 ris,
604 3768 760 3855 laudaris,
788 3778 822 3838 et
856 3765 1096 3858 glorificatione
1130 3776 1293 3861 perpetua
1318 3764 1519 3854 celebraris,
1553 3768 1703 3840 cantibus
1734 3770 1825 3863 puris
1858 3777 1891 3839 et

520 3887 660 3971 sanctis,
687 3883 820 3955 citharis
848 3881 1026 3967 suavibus,
1063 3893 1097 3953 et
1124 3881 1299 3973 jucundis,
1335 3882 1657 3977 exaltationibusque
1691 3895 1725 3956 et
1759 3884 1890 3981 hymnis

520 3996 784 4093 triumphalibus,
810 3997 904 4068 lestis
932 3996 1208 4082 indesinentibus,
1237 4005 1271 4066 et
1301 4001 1440 4069 canticis
1467 4021 1533 4069 nnn
1568 3999 1796 4089 cessantibus,
1830 4023 1892 4094 per

520 4135 580 4184 ora
607 4118 821 4208 incorporea,
848 4136 909 4206 per
936 4112 1066 4202 linguas
1094 4133 1160 4183 non
1188 4133 1341 4198 carneas,
1369 4135 1429 4207 per
1456 4120 1637 4209 praeconia
1665 4119 1788 4186 eximia
1816 4119 1892 4210 spi-

520 4228 696 4315 ritualium,
723 4250 784 4323 per
811 4227 983 4321 aequalem
1013 4238 1207 4298 concentum
1235 4230 1421 4318 igneorum,
1448 4252 1510 4324 per
1523 4252 1626 4324 puras
1652 4253 1759 4302 voces
1776 4230 1892 4302 'lhro-

513 4349 650 4431 ‘norum,
677 4365 738 4438 per
765 4365 883 4414 sonum
909 4364 1063 4433 magnum
1093 4341 1290 4430 Cherubim,
1331 4353 1364 4414 et
1395 4345 1672 4418 sanctificationes
1699 4348 1893 4441 purissimas

521 4456 714 4552 Seraphim,
742 4461 796 4552 qui
831 4456 1019 4529 terribiliter
1054 4458 1115 4529 alis
1142 4458 1317 4553 plaudunt,
1345 4460 1565 4554 volantesque
1598 4473 1650 4533 ter
1676 4462 1893 4550 sanctificant,

522 4572 675 4658 clamant,
702 4574 931 4644 vociferantur
957 4583 990 4643 et
1017 4573 1136 4644 dicunt.

624 4688 786 4780 Papulas.
841 4688 993 4774 Sanctus,
1021 4689 1177 4775 Sanctus,
1204 4688 1357 4774 Sanctus.

626 4802 801 4873 Sacerdos
834 4804 1024 4876 inclinat-us.
1078 4804 1221 4874 Sanctus
1256 4808 1342 4875 enim
1379 4827 1435 4894 es,
1467 4805 1560 4876 Deus
1595 4806 1713 4891 Pater,
1750 4804 1893 4875 Sanctus

524 4920 622 4989 etiam
657 4921 846 5009 unigenitus
879 4917 982 4988 Filius
1016 4927 1112 5007 tuuS,
1147 4918 1290 4991 Sanctus
1325 4923 1424 4991 etiam
1457 4920 1599 5015 Spiritus
1633 4931 1708 4991 tuus
1741 4929 1893 4992 sanctus:
1991 4954 2005 4968 ι·

524 5037 579 5128 qui
606 5032 731 5106 similes
759 5032 959 5105 coelestibus
987 5056 1049 5127 per
1075 5054 1221 5105 amorem
1255 5044 1344 5107 tuum
1376 5058 1459 5127 erga
1486 5035 1653 5123 homines,
1686 5056 1747 5105 nos
1774 5033 1895 5122 iecisti,

524 5157 557 5220 et
583 5156 756 5242 tantopere
784 5148 928 5219 dilexisti
956 5153 1039 5237 nds,
1066 5157 1101 5218 ut
1128 5152 1225 5219 etiam
1252 5153 1454 5243 unigenitum
1481 5150 1598 5221 Filium
1617 5161 1705 5222 tuum
1732 5149 1893 5221 tibicen-

524 5261 774 5337 substantialem
800 5269 949 5339 mitteres
976 5265 1018 5335 ad
1045 5265 1182 5353 salutem
1197 5277 1364 5339 nostram:
1392 5269 1446 5361 qui
1473 5269 1663 5338 incarnatus
1691 5277 1762 5353 est,
1801 5263 1894 5335 inef-
