5150 6534
1120 815 1277 890 33⁰
1867 813 3107 893 oBSBRVA'rloltRs

1120 997 3066 1085 eor-frag-edapauhreperianturmGraecisCateuis‚
3109 996 3864 1079 plumbngeffliuvit

1121 1095 3862 1181 exmcfflwmmsegmahmvirdoeumuner-

1120 1196 1945 1261 &chadelo-tranent.
2032 1195 3621 1277 EtsiGmeceplerumquescripsissevideatur,
3677 1195 3863 1258 multa

1120 1294 3861 1377 Suriaeeextadinvariislanuscriptis.pat1iaejusfuitsozopolis,etean-
3949 1368 3962 1373 -

1118 1394 2258 1477 tionelegitr'mssflciissyrorum
2300 1392 3864 1475 JacobitarumzdeSoeemqlm-aau-Sozopaffi:

1120 1493 2485 1574 laudaturquequodlaeonemltomanum,
2540 1492 3749 1575 ovesChristidevorarecupientem,
3806 1496 3868 1551 et

1121 1592 1622 1657 Calchedon-eme
1663 1592 1996 1656 Concilium
2038 1592 2454 1655 debellaverit.
2508 1591 2675 1655 Haec
2718 1590 2989 1675 Liturgia
3029 1595 3338 1673 reperitur
3378 1595 3439 1655 in
3480 1592 3693 1674 paucis
3736 1588 3867 1655 Co-

1121 1692 1375 1768 dicibus,
1421 1709 1622 1773 neque
1665 1710 1813 1754 usus
1855 1691 2015 1753 illius
2059 1690 2346 1771 frequens
2391 1709 2534 1753 esse
2579 1692 2849 1753 videtur:
2892 1692 3005 1754 sed
3049 1688 3865 1778 quodejusrecensiol'acta

1123 1791 1315 1854 fu‘sse
1359 1789 1597 1852 dioetur
1636 1810 1672 1853 a
1715 1790 2010 1871 Dionysio
2051 1790 2381 1868 Barsalibi,
2425 1808 2546 1851 non
2592 1789 2958 1853 mediocrem
3016 1789 3212 1853 eidem
3262 1790 3572 1873 Liturgiac
3631 1789 3869 1851 autori-

1121 1899 1305 1952 tatem
1347 1888 1649 1951 conciliat.
1736 1891 1898 1954 Sane
1940 1889 2305 1970 antiquitatis
2348 1888 2487 1970 plus
2531 1888 2812 1969 quiddam
2854 1889 3085 1952 habere
3126 1888 3389 1967 videtur,
3433 1906 3615 1970 quam
3642 1886 3867 1949 multae

1123 1989 1279 2050 aliae
1322 1987 1767 2068 posterioribus
1808 1987 2073 2050 saeculis
2119 1988 2529 2068 compositae,
2590 1988 2651 2050 in
2709 1988 2928 2070 quibus
2985 1995 3234 2051 autores
3291 1988 3476 2071 genio
3519 1985 3868 2049 uberrimae

1123 2086 1368 2168 linguae
1410 2104 1560 2149 suae
1590 2086 1833 2148 nimium
1857 2086 2256 2163 indulserunt,
2299 2088 2611 2168 majorque
2654 2095 2750 2149 est
2792 2088 2966 2149 istius
3008 2087 3379 2168 simplicitas,
3437 2085 3643 2148 Edidit
3671 2084 3868 2148 Guido
3903 2134 3913 2142 .

1123 2184 1437 2247 Fabricius
1478 2184 1857 2247 Boderianns
1901 2184 2169 2248 offcium
2210 2184 2533 2267 Baptismi‚
2594 2187 2758 2268 quod
2813 2186 2974 2268 apud
3034 2185 3227 2267 Syros
3282 2185 3470 2268 vulgo
3514 2192 3869 2266 umpatur,

1123 2291 1188 2347 et
1231 2284 1464 2347 Severo
1505 2284 1817 2363 tribuitur,
1877 2283 2261 2346 Antiocheno
2304 2286 2567 2361 scilicet,
2625 2294 2693 2347 ut
2747 2287 2972 2348 habent
3024 2303 3239 2349 omnes
3291 2285 3586 2364 Codices,
3645 2291 3707 2346 et
3765 2302 3871 2366 res

1122 2384 1258 2464 ipsa
1300 2383 1671 2446 demonstrat
1686 2409 1705 2445 :
1749 2401 1872 2446 non
1914 2383 2349 2462 Alexandrino,
2395 2385 2498 2465 qui
2543 2384 2741 2447 nullus
2783 2403 3047 2465 unquam
3091 2384 3219 2448 suit.
3266 2385 3538 2465 subjecit
3579 2382 3870 2446 Ordinem

1123 2482 1432 2563 Liturgiae
1476 2481 1856 2560 Generalem,
1900 2485 2003 2564 qui
2048 2484 2108 2545 in
2153 2483 2350 2546 multis
2391 2484 2723 2546 simillimus
2767 2484 2826 2546 ei
2874 2492 2989 2561 est,
3033 2502 3210 2564 quem
3241 2503 3323 2546 ex
3343 2483 3575 2547 Codice
3602 2482 3871 2547 Colber-

1127 2583 1251 2643 tino
1297 2581 1728 2660 transtulimus,
1772 2591 1837 2645 et
1878 2602 2057 2664 quem
2101 2582 2477 2646 Boderianus
2520 2582 2753 2664 absque
2796 2585 3118 2646 autoritate
3163 2581 3396 2645 Severo
3441 2582 3741 2645 attribuit:
3789 2579 3868 2643 ad

1128 2698 1306 2760 quem
1348 2678 1690 2743 nuliatemrs
1734 2681 2098 2762 pertinebat,
2141 2689 2205 2742 et
2247 2682 2324 2744 de
2370 2700 2492 2764 quo
2537 2682 2755 2745 dictum
2800 2692 2898 2745 est
2939 2682 3239 2764 superius.

1582 2958 1653 3029 2.
1738 2959 1921 3050 Opus
1972 2963 2438 3053 cujuscumque
2489 2960 2778 3030 bortrinis
2827 2963 3007 3055 ignis
3053 2958 3405 3054 probabit.

1327 3149 1512 3228 Num.
1564 3161 1681 3224 hoc
1736 3162 1873 3224 loco
1929 3162 2381 3245 intelligendum
2435 3171 2530 3225 est
2589 3163 2667 3227 de
2726 3164 2870 3247 igne
2930 3165 3319 3246 purgatorio,
3375 3163 3647 3245 quamvis
3708 3162 3870 3224 hunc

565 3273 755 3326 Ειιειιὸν.
792 3291 839 3326 e.
871 3274 963 3326 68.
1128 3264 1407 3347 Apostoli
1458 3264 1656 3327 locum
1713 3264 2123 3350 Augustinus,
2191 3274 2254 3328 et
2309 3265 2644 3349 Gregorius
2700 3268 3017 3349 Nyssenus
3073 3269 3156 3329 ita
3200 3267 3578 3347 interpretati
3624 3265 3870 3345 fuerint,

1127 3374 1192 3426 nt
1237 3383 1318 3428 ex
1359 3382 1437 3427 eo
1472 3365 1801 3426 communis
1822 3363 2136 3428 Ecclesiae
2161 3364 2510 3429 Catholicae
2555 3367 2826 3430 doctrina
2874 3368 3068 3448 possit
3112 3365 3483 3428 confirmari:
3528 3365 3638 3428 sed
3669 3366 3871 3448 agitur

1129 3464 1206 3526 de
1251 3475 1525 3526 extremo
1568 3463 1825 3525 Judicio.
1914 3463 2198 3536 Quamvis
2257 3466 2412 3527 enim
2472 3465 2550 3527 de
2609 3468 3064 3547 quaestionibus
3122 3468 3284 3528 circa
3345 3467 3669 3528 animarum
3715 3483 3871 3544 pur-

1126 3564 1466 3644 gationem,
1527 3580 1681 3643 quae
1737 3570 2052 3643 tantopere
2111 3562 2379 3626 Graecos
2425 3572 2485 3626 et
2528 3565 2777 3629 Latinos
2821 3573 3228 3641 vexaverunt,
3287 3583 3483 3646 pauca
3539 3572 3644 3626 aut
3701 3564 3868 3627 nulla

1130 3662 1502 3743 Theologice
1544 3668 1797 3723 tractata
1840 3662 2120 3744 legantur
2162 3663 2222 3723 in
2268 3663 2662 3727 Orientalium
2707 3666 2910 3728 libris:
2969 3666 3219 3745 agnosci
3277 3674 3478 3725 tamen
3521 3663 3702 3725 facile
3747 3681 3874 3743 po-

1131 3770 1249 3824 test
1308 3762 1442 3823 illos
1501 3764 1726 3823 veteris
1782 3760 2096 3824 Ecclesiae
2158 3761 2487 3824 doctrinam
2546 3773 2609 3826 et
2666 3763 3036 3844 disciplinam
3082 3763 3159 3826 de
3204 3764 3458 3825 utilitate
3504 3764 3869 3841 orationum,

1130 3870 1193 3924 ct
1237 3859 1515 3922 sacrificii
1558 3859 1953 3922 Eucharistici
1998 3861 2302 3923 oblatione
2346 3879 2458 3941 pro
2504 3866 2775 3941 mortuiS,
2823 3865 3305 3926 constantissime
3350 3863 3692 3924 retinuisse.
3787 3863 3868 3925 At

1129 3963 1192 4023 in
1234 3960 1350 4022 isto
1396 3960 1648 4022 articulo
1693 3977 1875 4022 causa
1919 3963 2246 4042 praecipue
2290 3969 2601 4040 versatur,
2660 3970 2721 4026 et
2765 3964 2817 4024 si
2863 3964 3111 4040 Graeci,
3177 3962 3421 4023 Latinos
3468 3961 3870 4024 calumniandi

1132 4060 1379 4122 libidine
1438 4061 1808 4138 caruissent,
1868 4059 2003 4121 lites
2062 4060 2196 4121 illas
2251 4079 2616 4141 componere
2672 4062 2847 4123 facile
2895 4060 3128 4124 suisset.
3217 4063 3442 4124 Verum
3487 4079 3621 4123 cum
3666 4080 3875 4142 neque

1137 4160 1372 4235 Severi,
1418 4177 1617 4240 neque
1661 4157 1973 4220 Barsalibii
2017 4161 2116 4239 qui
2161 4158 2490 4242 Liturgiam
2547 4163 2853 4223 recensuit
2914 4168 3110 4223 aetate
3169 4162 3576 4243 agitarentur,
3634 4161 3699 4221 in
3761 4163 3878 4222 ista

1135 4268 1196 4322 et
1240 4258 1530 4321 similibus
1576 4257 1966 4334 orationibus,
2009 4275 2206 4339 neque
2253 4257 2412 4321 unde
2460 4259 2598 4340 Syri
2642 4268 3003 4322 accusentur
3047 4260 3453 4340 quaerendum
3498 4267 3622 4335 cst,
3668 4277 3879 4339 neque

1136 4358 1410 4422 doctrina
1456 4358 1571 4420 illis
1619 4358 2021 4435 attribuenda,
2071 4376 2224 4438 quae
2267 4358 2409 4419 licet
2451 4378 2599 4420 vera
2646 4368 2706 4421 et
2751 4362 2880 4440 pia,
2943 4360 3203 4421 nondum
3263 4367 3460 4421 tamen
3514 4358 3673 4439 apud
3734 4358 3877 4420 illos

565 4459 750 4534 Perper.
787 4464 838 4516 T.
882 4464 916 4517 ι.
952 4467 1004 4518 5.
1041 4466 1094 4516 3.
1135 4461 1284 4522 satis
1342 4458 1640 4539 explicata
1699 4457 1910 4522 suerat.
2000 4456 2272 4519 videnda
2331 4476 2486 4539 quae
2544 4459 2995 4521 observavimus
3062 4459 3202 4520 alibi
3261 4458 3337 4521 de
3399 4458 3613 4520 eodem
3675 4477 3880 4540 argu-

575 4547 628 4599 9.
1135 4566 1355 4621 mento,

1871 4820 1939 4888 3.
2013 4819 2370 4890 Invocatio
2424 4817 2732 4911 Spiritus
2781 4823 3021 4891 sancti.

1330 5011 1558 5092 Eion„
1604 5040 1677 5085 ac
1721 5024 1780 5084 in
1824 5022 2071 5103 reliquis
2097 5024 2382 5108 Liturgiis
2428 5022 2604 5105 hujus
2632 5024 2919 5086 orationis
2944 5020 3265 5100 sententia,
3311 5029 3373 5083 et
3418 5018 3629 5082 eadem
3673 5037 3883 5101 prope

1143 5129 1357 5189 verba:
1405 5146 1536 5190 cum
1581 5127 1684 5188 illo
1728 5126 1918 5188 solum
1964 5126 2338 5204 discrimine,
2386 5127 2545 5207 quod
2593 5143 2711 5188 uno
2759 5135 2972 5187 tenore
3020 5126 3255 5203 dicitur,
3303 5143 3458 5205 quae
3502 5124 3883 5203 antiquitatis

1147 5237 1283 5288 unta
1330 5234 1425 5288 est
1477 5243 1598 5287 non
1645 5216 1841 5290 dubia.
1933 5226 2018 5287 lta
2079 5227 2235 5287 enim
2291 5228 2641 5307 agnoscitur
2695 5225 2852 5287 illam
2912 5225 2993 5286 ita
3045 5225 3496 5304 pronunciatam
3544 5222 3760 5301 fuisse,
3808 5230 3882 5287 ut

1143 5326 1479 5387 continuam
1523 5343 1654 5386 cum
1700 5326 2229 5387 sacramentalibus
2256 5326 2459 5387 verbis
2484 5326 2704 5388 Christi
2747 5324 3101 5387 sententiam
3147 5322 3440 5387 efficeret:
3487 5340 3603 5403 qua
3630 5323 3876 5385 ratione
