5150 6534
590 831 703 944 (soe
1084 831 1491 910 urrnnorn

626 1017 755 1090 insidiis
782 1028 817 1090 et
841 1018 970 1113 laqueis
997 1017 1214 1106 daemonnm,
1248 1042 1269 1090 a
1303 1017 1392 1091 lame
1418 1021 1607 1115 perniciose
1643 1019 1868 1093 doctrinarum
1893 1021 2005 1094 mala-

625 1158 719 1207 rum:
746 1145 781 1207 et
807 1134 849 1207 ab
876 1133 1166 1207 insultu'hostium
1194 1134 1384 1222 audacium3
1411 1158 1431 1206 a
1457 1136 1608 1208 manibus
1635 1135 1776 1208 filiomm
1803 1136 2004 1227 alienorum3

626 1248 885 1323 abdominibus
917 1250 1030 1335 malis,
1065 1260 1099 1321 et
1132 1250 1305 1323 sceleratis
1332 1273 1497 1346 perversa
1523 1250 1752 1345 loquentibus:
1785 1263 1886 1349 atque
1912 1276 2003 1327 con-

626 1368 763 1439 lirnrans
789 1389 853 1438 nos
879 1388 942 1460 per
971 1366 1236 1461 tranquillitatem
1271 1388 1358 1460 quae
1396 1391 1416 1439 a
1443 1377 1477 1438 te
1504 1378 1578 1454 est,
1603 1367 1723 1458 dignos
1747 1367 1840 1441 ellice
1864 1381 1901 1443 ut
1935 1392 2005 1443 non

626 1482 770 1578 spoliati,
797 1480 1040 1572 custodiamur,
1077 1481 1119 1553 ad
1152 1481 1299 1554 ultimum
1330 1505 1436 1577 usquc
1470 1486 1563 1555 vitae
1596 1492 1732 1555 nostrae
1767 1487 1939 1580 spiritum
1971 1495 2005 1560 et

624 1598 810 1671 referamus
827 1595 884 1668 tibi
897 1596 1028 1668 laudem
1041 1596 1205 1692 simulque
1226 1601 1395 1690 unigenito
1407 1598 1494 1672 Filio
1509 1609 1564 1672 tuo
1582 1607 1615 1669 et
1627 1597 1763 1693 Spiritui
1779 1610 1910 1692 sancto,
1938 1612 2002 1675 eto

731 1713 894 1805 Populus.
947 1712 1068 1784 Amen.
1589 1697 1592 1704 Ι
1679 1717 1682 1723 ’

729 1828 905 1899 Sacerdos
936 1829 1130 1901 inclinatus.
1182 1829 1353 1901 Memento
1385 1830 1528 1901 Domine
1545 1829 1686 1921 Regum
1717 1830 1860 1903 fidelium
1895 1832 2002 1905 Clui-

626 1951 821 2034 stianomm,
848 1955 883 2015 et
908 1947 1116 2017 exercituum
1144 1966 1271 2035 eorum,
1299 1946 1461 2018 adversus
1489 1967 1550 2018 eos
1587 1951 1643 2040 qui
1675 1956 1791 2018 contra
1826 1946 1902 2020 illos
1931 1972 2003 2045 pu-

624 2073 737 2154 guant.
790 2060 960 2133 Memento
988 2064 1087 2133 etiam
1114 2062 1259 2133 Domine
1285 2084 1400 2133 eorum
1429 2065 1483 2155 qui
1509 2064 1544 2132 in
1569 2065 1652 2133 mari
1684 2063 1856 2153 navigant,
1884 2067 2003 2138 autin

622 2176 852 2249 incommodis·
868 2174 1040 2247 itineribus
1067 2186 1262 2266 versantur:
1291 2176 1427 2248 infirmis
1456 2179 1548 2249 etin
1575 2176 1693 2250 dolore
1720 2180 1926 2267 constitutis,
1954 2179 2002 2252 li-

622 2291 830 2364 berationem
858 2302 891 2363 et
918 2295 1092 2364 sanitatem
1118 2296 1185 2364 cito
1213 2293 1370 2365 concede.
1402 2292 1571 2364 Memento
1599 2296 1698 2383 etiam
1724 2294 1869 2365 Domine
1895 2300 2003 2387 aeris,

623 2410 788 2496 imbrium,
815 2411 902 2481 roris
930 2419 964 2480 et
989 2406 1166 2495 fructuum,
1194 2418 1228 2480 et
1254 2431 1402 2482 coronae
1430 2412 1528 2480 anni:
1563 2408 1605 2480 ad
1638 2419 1672 2480 te
1700 2411 1787 2480 enim
1816 2414 2004 2504 respiciunt

624 2524 713 2596 oculi
739 2529 921 2596 universae
947 2526 1074 2613 carniS,
1102 2534 1135 2594 et
1161 2536 1195 2597 tu
1222 2528 1272 2597 cis
1299 2524 1466 2608 distribuis
1493 2528 1586 2595 vitae
1619 2527 1811 2595 necessaria
1844 2527 1879 2596 in
1907 2537 2003 2600 tem-

623 2663 708 2738 pore
735 2652 936 2737 opportuno.

729 2756 880 2826 Elecons
906 2777 1033 2827 vocem.
1085 2757 1221 2850 Adjuva
1257 2759 1355 2827 etiam
1384 2756 1529 2828 Domine
1571 2777 1688 2827 omnes
1727 2753 1845 2846 Reges
1880 2780 2004 2833 veram

623 2872 820 2965 religionem
847 2872 1062 2966 prolitentes,
1099 2883 1133 2944 ct
1167 2872 1325 2969 populum
1359 2877 1449 2944 tulum
1481 2874 1536 2967 qui
1563 2873 1692 2966 quaerit
1723 2871 1808 2966 apud
1836 2881 1870 2943 te
1896 2875 2003 2946 refu-

624 2993 725 3081 gium.
781 2983 974 3083 Comprime
1000 2986 1229 3059 Ecclesiarum
1255 2987 1447 3076 schismata,
1474 3009 1653 3082 compesce
1668 2980 1879 3082 'superbiam
1904 3010 2004 3081 gen-

624 3109 723 3189 tium,
758 3102 918 3176 haereses
946 3126 966 3174 a
991 3103 1212 3175 fundamentis
1239 3103 1389 3176 destrue:
1423 3126 1484 3176 eos
1512 3104 1626 3198 quiin
1653 3100 1856 3192 carceribus,
1883 3105 2004 3188 exilio,

625 3230 682 3291 aut
714 3224 875 3291 servitute
910 3228 1002 3307 sunt,
1041 3217 1165 3291 libera:
1200 3242 1261 3291 eos
1301 3223 1419 3315 quiin
1454 3221 1665 3314 captivitato,
1707 3220 2002 3314 persecutionibus

625 3344 681 3407 ant
710 3334 859 3430 periculo
894 3344 988 3423 sunt,
1025 3336 1133 3431 eripe:
1167 3357 1227 3408 eos
1260 3340 1316 3430 qui
1347 3338 1555 3428 gravissimis
1593 3333 1719 3406 morbis
1759 3333 2003 3428 conflictantur,

625 3473 726 3524 sana:
754 3473 814 3522 eos
841 3453 896 3545 qui
923 3451 1041 3523 dolore
1068 3459 1101 3521 et
1128 3454 1280 3543 angustia
1314 3455 1414 3522 animi
1440 3460 1606 3538 tenentur,
1639 3472 1778 3537 recrea3
1806 3450 1912 3524 reduc
1940 3476 2004 3527 ens

626 3569 680 3659 qui
711 3570 745 3635 in
777 3568 880 3652 mari,
909 3577 964 3635 ant
991 3565 1179 3660 longinquis
1206 3566 1376 3638 itineribus
1403 3589 1548 3663 peregre
1574 3565 1710 3638 absunt:
1743 3564 1866 3638 imbres
1903 3578 2003 3643 tem-

624 3684 794 3775 pestivos,
837 3702 1015 3775 roremque
1049 3682 1255 3754 commodum
1288 3684 1373 3756 locis
1413 3683 1592 3756 secundum
1623 3687 1856 3755 necessitatem
1894 3687 2003 3755 mitte.

624 3796 772 3866 Benedic
801 3816 949 3866 coronae
976 3798 1053 3868 anni
1079 3818 1140 3891 per
1165 3802 1306 3889 gratiam
1327 3810 1427 3889 tuam,
1454 3802 1530 3894 quia
1557 3798 1752 3870 inclemens
1779 3821 1817 3870 es
1843 3808 1877 3869 el
1902 3797 2003 3870 mul-

623 3920 678 3981 tae
703 3912 966 4001 misericordiae,
994 3922 1027 3983 et
1064 3912 1122 3984 tibi
1147 3912 1277 3985 laudem
1304 3915 1470 3988 ollerimus
1498 3926 1532 3986 et
1558 3917 1726 4005 unigenito
1752 3913 1845 3987 rino
1863 3924 1935 4000 tuo,
1965 3925 2001 3987 et

624 4025 760 4121 Spiritui
788 4039 843 4098 tuo
872 4031 1092 4100 sanctissimo.

729 4143 890 4235 Populus.
943 4144 1063 4214 Amen.

729 4258 905 4330 Sacerdos
931 4262 1122 4331 inclinatae.
1175 4260 1343 4333 Memento
1371 4264 1513 4334 Domine
1539 4263 1681 4331 omnium
1713 4265 1841 4356 piomm
1874 4271 1908 4332 ct
1933 4263 2001 4350 jn-

624 4382 768 4462 storum,
800 4385 997 4470 patrumque
1031 4388 1237 4465 sanctorum,
1274 4381 1327 4471 qui
1363 4379 1404 4450 ab
1433 4379 1564 4456 Adamo
1591 4399 1697 4471 usque
1724 4377 1765 4447 ad
1792 4375 1878 4448 hanc
1906 4374 2000 4448 diem

622 4488 763 4562 buerunt.
795 4489 838 4562 Et
858 4490 1007 4582 Virginis
1028 4493 1153 4564 Mariae
1172 4492 1301 4565 thorum
1320 4496 1528 4587 conjugalem
1543 4516 1610 4565 non
1629 4504 1802 4589 expertae,
1828 4492 2000 4568 loannis-

624 4606 814 4702 Baplistae,
854 4605 1014 4701 Stephani
1054 4611 1150 4701 primi
1182 4610 1425 4698 Diaconorum3
1460 4619 1634 4682 eteorum
1662 4611 1804 4680 omnium
1832 4612 1887 4703 qui
1913 4609 2000 4702 pla-

624 4735 763 4830 cuerunt
788 4743 902 4796 coram
932 4732 974 4792 te.

728 4839 878 4910 Eteonos
902 4859 1027 4907 nocem
1073 4838 1245 4911 Constitue
1272 4852 1307 4913 et
1332 4865 1474 4913 recense
1501 4862 1564 4911 nos
1581 4841 1737 4927 Domine,
1764 4841 1850 4909 inter
1876 4851 1999 4913 coetus

625 4953 820 5027 dilectorum
841 4965 984 5042 tuorum,
1010 4956 1096 5024 inter
1119 4955 1251 5028 ordines
1270 4981 1385 5030 eornm
1410 4962 1464 5052 qui
1489 4957 1675 5028 dilexemnt
1700 4958 1876 5028 veritatem
1892 4964 2000 5046 mam,

622 5073 658 5142 in
684 5069 835 5143 coetibus
862 5073 992 5164 piorum
1019 5080 1054 5140 et
1075 5071 1250 5160 justorum,
1278 5078 1333 5167 qui
1361 5082 1625 5168 expectavemnt
1651 5072 1791 5144 salutem
1819 5081 1926 5158 tuam,
1965 5076 2001 5144 in

625 5187 945 5280 congregationibus
971 5193 1154 5281 martyrum
1182 5192 1236 5281 qui
1262 5199 1401 5261 mortem
1428 5212 1502 5259 cum
1529 5212 1590 5284 spe
1617 5198 1671 5260 tua
1698 5189 1939 5259 sustinuemnt:
1964 5189 2000 5257 in

619 5302 772 5400 partibus
787 5303 971 5400 praeclaris
988 5302 1223 5395 religiosomm
1243 5314 1372 5378 tuorum
1390 5316 1423 5377 ct
1446 5310 1631 5399 virginum:
1653 5310 1685 5375 in
1711 5323 1874 5376 consessu
1891 5299 1999 5395 Apo-
