5150 6534
934 870 988 946 tt
1019 866 1313 945 titubatis
1346 863 1627 944 stilistas.
1918 868 1968 941 at
2027 885 2032 892 ·

602 1051 668 1115 aliis
690 1049 888 1133 dignioribus,
912 1054 962 1133 qui
984 1072 1019 1116 se
1041 1053 1170 1115 invicem
1192 1050 1382 1113 osculantur:
1404 1068 1476 1113 mox
1497 1049 1673 1128 Diaconum,
1696 1051 1747 1131 qui
1768 1051 1892 1133 reliquis
1906 1053 1969 1116 Or-

602 1151 680 1213 dinis
706 1148 914 1213 Ecclesiastici
947 1152 998 1214 dat
1026 1170 1149 1233 pacem,
1179 1170 1197 1214 a
1226 1149 1334 1230 quibus
1363 1149 1445 1212 Laici
1474 1148 1554 1213 illam
1580 1149 1739 1229 accipiunt.
1784 1149 1911 1214 Causam
1938 1160 1969 1215 et

602 1248 839 1333 significationes
861 1249 941 1313 illius
963 1251 1089 1314 instituti
1110 1249 1242 1330 explicat
1263 1249 1426 1331 Dionysius
1449 1248 1594 1311 Barsalibi
1615 1248 1646 1310 in
1669 1247 1906 1329 Commentario,
1936 1258 1969 1313 ut

602 1348 652 1412 alii
673 1347 792 1410 ilituum
811 1348 1022 1429 Expositores,
1046 1367 1172 1431 quorum
1194 1347 1300 1412 eadem
1323 1356 1369 1410 est
1392 1347 1598 1411 cumGraecis
1621 1353 1652 1409 et
1669 1347 1782 1411 Latinis
1804 1349 1969 1427 sententia3

601 1445 718 1509 scilicet
747 1454 781 1509 ιιι
810 1448 988 1511 excludatur
1019 1448 1118 1513 odium
1148 1449 1293 1511 adversus
1321 1447 1448 1525 iratres,
1477 1440 1673 1531 μνησικακία
1702 1448 1769 1510 sive
1795 1448 1968 1529 injuriarum

602 1547 754 1624 memoria,
777 1546 964 1628 hypocrisis,
993 1548 1090 1629 qualis
1111 1547 1207 1609 Judae
1230 1547 1380 1610 Christum
1403 1547 1510 1609 osculo
1532 1546 1687 1626 prodentis
1710 1546 1781 1624 tuit,
1804 1554 1834 1609 et
1856 1548 1969 1610 similes

602 1643 739 1725 affectus,
763 1646 813 1728 qui
836 1665 903 1708 cum
927 1645 1095 1710 Christiana
1118 1647 1242 1709 cantate
1264 1647 1431 1709 subsistere
1454 1663 1515 1707 non
1536 1653 1674 1725 possunt.

1033 1907 1172 1979 Caritas
1197 1908 1266 1978 Dei
1292 1909 1423 1993 Patris,
1451 1913 1515 1977 eta.
2014 1921 2049 1976 ιι.
2067 1923 2084 1975 ι.
2101 1922 2145 1974 aa

702 2118 854 2196 Soasmm
885 2136 932 2190 est
959 2128 1038 2190 baec
1061 2126 1140 2209 apud
1169 2127 1338 2190 Orientales
1367 2125 1556 2203 benedictio,
1588 2128 1674 2209 cujus
1705 2127 1909 2207 antiquitatem
1937 2128 1968 2190 iu
2033 2128 2086 2181 ben
2087 2129 2181 2183 edictio
2207 2132 2287 2197 prima

602 2230 739 2316 biangia
771 2233 914 2315 Syriaca,
951 2231 1106 2295 continuat
1140 2232 1234 2312 Syrus
1269 2231 1479 2293 Theodoretus
1512 2229 1542 2290 in
1576 2230 1711 2311 Epistola
1748 2229 1785 2291 ad
1821 2229 1968 2295 loannem
1981 2233 2027 2283 W
2015 2214 2288 2269 mmmm

603 2331 818 2411 Oeconomum,
841 2330 944 2393 dicens
967 2330 1064 2394 siaul:
1088 2331 1170 2391 illam
1186 2349 1252 2391 esse
1266 2331 1388 2393 divinae
1401 2328 1559 2442 hitorpipa
1571 2328 1771 2392 Pr00erniam.
1795 2330 1827 2392 ln
1851 2332 1968 2395 Graeca

601 2430 719 2496 iacobi.
761 2416 849 2492 Ἡ
828 2419 939 2514 oyoirtp
966 2426 1027 2540 apri
1054 2424 1168 2513 κυρίου
1196 2423 1252 2489 καὶ
1278 2417 1412 2512 πατρὸς,
1441 2448 1463 2511 η
1482 2446 1579 2544 gance
1604 2425 1663 2488 τοῦ
1689 2422 1765 2490 υἱοῦ
1791 2426 1844 2492 καὶ
1871 2427 1967 2507 Θεοῦ,

601 2518 700 2591 aral
679 2551 700 2614 η
721 2523 872 2591 κοινωνία
894 2523 950 2589 καὶ
972 2549 992 2612 η
983 2517 1132 2612 (imperi
1142 2523 1203 2590 τοῦ
1225 2546 1322 2608 aytov
1333 2544 1520 2604 πνευματος
1541 2512 1591 2607 ein
1611 2514 1695 2602 μετᾶ
1717 2518 1847 2591 πάντων
1867 2521 1968 2614 ἡμῶν.

1980 2303 2064 2356 Patris
2081 2314 2125 2357 etc.

603 2627 728 2692 Caritas
747 2628 871 2691 Domini
892 2635 923 2688 et
940 2630 1048 2707 patria,
1071 2628 1180 2688 Gratia
1199 2628 1257 2705 fitis·
1276 2624 1384 2701 etDci,
1406 2633 1436 2688 et
1456 2626 1685 2688 cornmrmicatio
1707 2627 1873 2709 ἀοιιιιιιιφιε
1894 2629 1969 2709 Spi-

600 2729 678 2790 ritus
699 2730 800 2790 sancti
819 2730 861 2789 sit
881 2745 948 2789 cnm
970 2725 1107 2787 omnibus
1127 2726 1224 2788 nobis.
1274 2725 1307 2787 ln
1337 2724 1451 2787 Codice
1480 2724 1655 2787 Florentino
1683 2726 1724 2787 ita
1751 2724 1863 2808 legitur
1891 2728 1969 2790 haec

601 2825 737 2890 formula.
784 2825 908 2887 Caritas
928 2826 988 2887 Dei
1008 2833 1039 2886 et
1058 2825 1180 2887 Patris:
1208 2833 1237 2886 et
1257 2826 1361 2904 pratia
1382 2825 1527 2904 anigeniti
1544 2825 1602 2903 filii
1621 2823 1745 2885 Domini
1763 2825 1823 2887 Dei
1844 2836 1875 2889 et
1893 2827 1969 2889 Sal·

602 2928 720 2987 catoris
739 2927 839 2988 nostri
857 2924 932 2985 Jesn
954 2922 1078 2999 Christi,
1100 2931 1130 2985 at
1151 2925 1380 2984 communicatio
1398 2921 1531 3000 Spiritus
1552 2924 1661 2998 sancti,
1683 2924 1724 2983 sit
1744 2942 1811 2984 cum
1833 2925 1970 2986 οιιιιιιἸιιιι

601 3023 697 3087 sobab.
742 3022 915 3104 Respondet
938 3022 1079 3103 populus,
1101 3020 1142 3083 tn
1163 3040 1231 3082 eam
1251 3019 1366 3099 Spiritu
1388 3026 1447 3080 tuo.
1492 3018 1539 3080 Ad
1568 3019 1646 3082 hunc
1668 3021 1767 3082 locum
1795 3022 1835 3083 ita
1863 3022 1969 3083 scribit

601 3121 755 3185 Barsalibi.
800 3122 873 3184 Cam
896 3123 971 3182 dicit
991 3121 1154 3197 Sacerdos,
1178 3117 1294 3180 Caritas
1317 3119 1422 3194 Patris,
1448 3119 1597 3197 siginificat
1624 3120 1705 3199 procl
1725 3118 1809 3181 Dens
1831 3140 1871 3181 aa
1889 3140 1968 3200 paro

602 3239 716 3295 amore,
737 3222 830 3299 filiam
851 3238 938 3281 snam
955 3239 1014 3300 pro
1035 3219 1122 3281 nabis
1144 3220 1235 3280 morti
1256 3218 1426 3291 tradiderit,
1447 3225 1480 3277 at
1498 3220 1543 3278 ait
1563 3217 1686 3279 Paulas.
1732 3218 1833 3281 Gratia
1856 3222 1969 3303 unige-

601 3320 654 3381 niti
675 3319 752 3398 Filii,
776 3320 926 3399 significat
947 3318 1221 3398 mammilliani,
1242 3317 1346 3395 pratia
1367 3333 1425 3376 nra
1447 3323 1477 3376 ct
1507 3316 1668 3395 volontate,
1689 3320 1825 3398 grutarii
1844 3327 1969 3380 mortem

599 3436 658 3498 pro
679 3418 816 3480 erratibus
837 3416 1015 3491 haminibm,
1039 3417 1200 3495 eadernpae
1219 3416 1321 3493 pratia
1340 3413 1416 3492 [ecit
1435 3431 1492 3475 nos
1513 3432 1580 3475 eme
1599 3416 1679 3493 filios
1700 3417 1803 3478 Patris
1825 3419 1881 3480 mi.
1904 3416 1969 3478 lata
1992 3427 1997 3445 ·

601 3524 702 3578 autem
723 3516 950 3578 communicatio
974 3523 1004 3576 et
1026 3513 1149 3594 illapsus
1173 3513 1302 3593 Spiritus
1330 3513 1441 3591 sancti,
1470 3514 1611 3594 ιιιιιφιιιι
1635 3517 1716 3596 qrsod
1743 3534 1801 3595 per
1828 3517 1968 3596 illapsam

519 3633 525 3656 ι
601 3614 854 3695 Βρίιιῗιιιιιαιισιι
876 3615 1071 3694 perficiantur
1098 3613 1263 3691 sacrificia,
1286 3619 1316 3671 et
1341 3613 1508 3674 oblationes
1535 3614 1748 3694 noeaipiantur.
1791 3613 1895 3694 ltaque
1924 3633 1965 3677 ex

602 3716 668 3777 istis
691 3714 766 3776 illius
788 3713 889 3776 verbis
912 3720 1048 3793 apparet,
1071 3712 1185 3793 legisse
1213 3711 1294 3772 illum
1323 3710 1399 3773 haec
1428 3713 1540 3792 verba,
1574 3714 1663 3777 aliter
1691 3733 1779 3794 quam
1806 3715 1838 3775 in
1866 3714 1966 3776 multis

603 3812 756 3877 codicibus
777 3814 930 3895 leguntur.
975 3812 1008 3873 in
1029 3810 1135 3874 Jacobi
1163 3810 1299 3891 liturgia
1325 3810 1475 3887 breviori,
1506 3831 1596 3893 quam
1623 3814 1770 3876 ordinavit
1800 3813 1966 3896 Gregorius

602 3912 783 3990 Catholicus‚
807 3912 964 3974 observari
986 3927 1046 3973 non
1060 3916 1163 3990 potest
1185 3911 1212 3971 si
1234 3927 1293 3989 qua
1317 3908 1406 3971 fuerit
1427 3909 1564 3973 lectionis
1587 3912 1758 3990 diversitas,
1782 3932 1849 3975 cum
1871 3916 1967 3994 prima

602 4020 714 4074 tantum
735 4030 797 4075 vox
820 4010 952 4086 Caritas,
981 4009 1183 4086 adscribatur,
1214 4007 1295 4088 quod
1323 4007 1459 4070 videmus
1490 4026 1610 4089 quoque
1639 4011 1746 4071 iactum
1775 4014 1804 4072 in
1834 4012 1967 4092 Syriacis

602 4110 745 4194 biturgiis
767 4128 864 4192 prope
887 4109 1034 4172 omnibus.

688 4211 721 4272 ln
742 4210 877 4291 liturgia
899 4209 1049 4283 Nestorii,
1083 4225 1160 4287 quae
1182 4206 1271 4269 tertia
1294 4212 1341 4269 est
1368 4223 1471 4268 earum
1501 4207 1607 4287 quibus
1637 4206 1808 4271 Nestoriani
1833 4217 1966 4288 utuntur,

601 4306 677 4370 baec
699 4308 869 4372 benedictio
892 4308 937 4369 his
958 4306 1062 4369 verbis
1086 4313 1233 4386 concepta
1257 4311 1312 4368 est
1355 4305 1465 4367 Gratia
1487 4306 1610 4368 Domini
1629 4311 1727 4370 nostri
1747 4308 1822 4371 Jera
1844 4308 1967 4385 Christi,

600 4414 632 4468 et
653 4409 770 4470 caritas
789 4408 849 4469 Dei
869 4408 987 4486 Patria,
1011 4415 1041 4467 et
1061 4407 1292 4467 communicatio
1309 4404 1440 4484 Spiritu
1453 4408 1561 4483 sancti,
1583 4406 1625 4468 sit
1641 4426 1709 4470 eam
1720 4409 1865 4485 οιιιιιίὺιιι,
1888 4426 1969 4470 nnnc

601 4514 632 4567 et
651 4525 770 4587 semper
791 4516 821 4569 et
841 4508 873 4568 in
893 4506 1017 4569 saecula
1038 4504 1235 4565 eaccalamm.
1279 4502 1560 4585 Respondetnrque.
1594 4504 1698 4568 Amen.
1742 4507 1855 4569 Eodem
1876 4508 1966 4571 modo

601 4603 715 4686 legitur
740 4606 771 4668 in
800 4604 943 4687 Litargiis
972 4602 1097 4665 Graecis
1126 4602 1229 4664 Basilii
1258 4609 1288 4664 et
1325 4601 1550 4684 chrysostomi:
1582 4612 1672 4685 atque
1701 4606 1731 4667 id
1759 4606 1866 4669 factum
1896 4626 1968 4670 esse

600 4704 843 4784 sabiniensi,
867 4706 935 4786 quia
958 4700 1219 4780 Constantinopoli
1249 4709 1421 4782 usurpatam
1443 4702 1618 4785 Litargiam,
1640 4704 1738 4767 multis
1761 4706 1790 4767 in
1814 4706 1889 4767 locis
1911 4725 1967 4769 se-

602 4804 662 4866 cuti
684 4812 754 4867 sunt
777 4802 914 4885 discipuli
935 4802 1078 4877 Nestorii,
1102 4800 1152 4879 qui
1175 4798 1355 4862 Cathedram
1385 4801 1464 4863 illam
1493 4809 1640 4865 tenuerat
1683 4803 1849 4866 Discrimen
1870 4822 1966 4885 porro

602 4920 663 4964 non
685 4902 804 4967 videtur
825 4903 966 4965 momenti
988 4900 1125 4981 alicujus,
1150 4917 1207 4960 nec
1228 4899 1258 4960 in
1271 4900 1335 4980 ipsa
1348 4898 1453 4978 forma,
1476 4902 1575 4963 necin
1590 4903 1789 4983 responsione
1799 4901 1859 4967 τοῦ
1871 4904 1966 4967 dmm

602 5019 680 5082 quae
702 5002 890 5065 Nestorianis
912 5003 1037 5083 propria
1055 5007 1110 5062 est.
1156 4998 1264 5060 Graeci
1286 5000 1364 5060 enim
1387 5006 1419 5061 et
1441 4998 1579 5081 Coptitao
1602 5001 1712 5065 dicunt.
1749 5002 1791 5063 lit
1810 5022 1877 5065 mem
1898 5008 1966 5084 api-

600 5102 663 5163 rim
684 5108 743 5164 tao.
788 5100 978 5182 Responderi
999 5099 1105 5174 Amen,
1125 5114 1187 5159 non
1215 5095 1324 5177 probat
1345 5097 1499 5178 Barsalibi,
1519 5104 1711 5179 praesertin,
1732 5101 1842 5182 iuquit,
1872 5106 1903 5166 si
1922 5107 1966 5166 ad

599 5201 735 5279 sirrpalar
752 5208 859 5279 partes
879 5204 1097 5280 interponatur,
1118 5204 1153 5257 ιιι
1172 5195 1286 5257 alicubi
1304 5199 1374 5277 fieri
1393 5198 1517 5261 solebat.
1561 5199 1653 5262 Addit
1675 5219 1744 5263 esse
1765 5202 1880 5282 aliquos
1904 5203 1963 5266 Sa-

601 5298 742 5361 cerdotes
765 5300 815 5380 qui
839 5298 979 5381 adjiciant
1008 5297 1083 5361 haec
1104 5294 1215 5373 verba,
1249 5294 1398 5377 Urriperriti
1420 5300 1478 5378 filii
1503 5297 1563 5359 Dei
1588 5301 1707 5379 magari,
1737 5309 1766 5362 et
1792 5300 1964 5365 weuram

1677 5413 1759 5491 13*
