5150 6534
906 839 955 913 lN
989 836 1238 914 LlTUllGldS
1272 835 1673 913 NESTORIANORUll.
1704 925 1706 932 y
1895 831 1970 905 597

602 1030 718 1099 rentur,
742 1023 964 1084 accusationem
977 1022 1055 1083 illam
1072 1040 1112 1082 ex
1126 1038 1292 1100 paucorum
1306 1021 1457 1083 hominum
1470 1022 1638 1104 ignorantia
1658 1028 1694 1107 et
1704 1017 1846 1082 socordia
1863 1025 1970 1095 natam,

604 1122 790 1185 confutasset
820 1121 939 1183 Gabriel
967 1120 1159 1201 lletropolita
1187 1119 1462 1201 Plriladelphiensis.
1508 1118 1657 1200 Quidquid
1686 1137 1779 1200 porro
1803 1120 1857 1197 sit,
1889 1124 1973 1179 caret

604 1222 684 1283 omni
717 1222 890 1301 suspicione
922 1220 1047 1281 lormula
1078 1237 1165 1299 quam
1197 1218 1326 1282 Codices
1360 1219 1474 1300 Syriaci
1505 1226 1749 1300 repraesentant;
1780 1218 1974 1296 imponuntur

602 1323 744 1402 mysteria
762 1322 930 1398 praeclare
952 1328 1060 1381 sancta
1082 1327 1113 1381 et
1132 1321 1254 1399 alciden
1275 1339 1367 1397 super·
1389 1319 1630 1393 ultureDomtui,
1648 1327 1702 1381 ete.
1729 1334 1807 1398 quae
1825 1316 1972 1377 habentur

604 1438 724 1500 quoque
748 1419 779 1480 in
801 1419 894 1481 Missa
916 1418 1114 1494 blalabarica,
1145 1419 1199 1480 sed
1228 1418 1315 1479 aliter
1342 1436 1442 1480 versa.
1499 1417 1726 1479 Constituantur
1747 1426 1777 1477 et
1798 1416 1973 1476 ordinentur

602 1520 746 1599 mpsterr‘o
769 1519 845 1580 llaec
867 1520 1090 1598 superpteriosn
1113 1526 1142 1578 et
1163 1527 1271 1578 sueretu
1294 1519 1387 1578 eitum
1400 1517 1598 1595 conferentia,
1621 1524 1651 1578 et
1670 1518 1786 1591 dictito,
1809 1534 1901 1593 snper
1923 1514 1973 1573 ut-

603 1625 669 1679 tare
691 1626 828 1678 sauclum
852 1616 979 1691 Clarisli,
1003 1626 1057 1680 ete.
1089 1616 1126 1678 de
1158 1617 1264 1697 quibus
1297 1616 1401 1677 eadem
1424 1617 1561 1696 quaestio
1584 1616 1700 1677 moveri
1723 1623 1843 1695 posset:
1873 1631 1972 1691 neque

603 1717 683 1780 enim
707 1717 855 1778 elementa
878 1716 1009 1778 nondum
1032 1723 1226 1792 consecrata,
1250 1725 1375 1792 sancta,
1403 1716 1541 1793 aivitiae,
1572 1723 1602 1776 et
1624 1716 1729 1776 diuino
1752 1712 1809 1774 diei
1832 1719 1971 1773 accurate
2052 1783 2054 1787 .

603 1816 756 1896 loquendo
779 1823 923 1895 possunt,
947 1823 1105 1896 antequam
1129 1814 1206 1877 fracta
1229 1817 1288 1877 sint
1311 1832 1421 1893 corpus
1445 1820 1475 1874 et
1497 1815 1622 1896 sangnis
1646 1812 1764 1875 Christi.
1809 1813 1846 1873 Et
1868 1811 1973 1872 Latina

601 1914 739 1978 Ecclesia
762 1922 851 1995 rogat
865 1915 971 1990 Deuur,
994 1923 1026 1975 ut
1050 1916 1157 1977 lrabeat
1180 1924 1308 1994 accepta
1329 1916 1507 1991 boecdonu,
1531 1914 1755 1989 buecmnuere,
1772 1930 1867 1991 eaque
1882 1915 1973 1972 vocat

602 2022 671 2077 ante
694 2014 853 2091 actionem,
875 2016 1161 2093 euectosacrr'ficio,
1183 2015 1311 2088 illibata,
1335 2015 1415 2095 quod
1439 2021 1538 2074 tamen
1562 2012 1692 2073 nondum
1715 2019 1794 2086 sunt,
1818 2009 1874 2073 nisi
1896 2029 1972 2090 per-

601 2121 669 2175 acta
692 2113 929 2175 consecratione.
976 2113 1059 2174 Unde
1082 2120 1178 2193 patet,
1201 2132 1262 2174 non
1285 2114 1325 2174 ita
1347 2113 1446 2193 rigide
1469 2112 1580 2174 similes
1605 2112 1758 2173 orationes
1781 2108 1972 2189 accipiendas

600 2232 687 2290 esse,
719 2219 752 2273 ul
776 2232 816 2273 ex
839 2212 896 2274 illis
919 2213 1067 2273 sententia
1089 2213 1240 2292 eliciatur,
1273 2233 1290 2274 a
1313 2231 1372 2293 qua
1394 2211 1566 2274 Nestoriani
1595 2228 1655 2272 non
1677 2212 1773 2271 minus
1797 2210 1972 2284 abhorrent,

599 2330 686 2392 quam
709 2311 817 2392 reliqui
841 2311 1009 2374 Orientales
1034 2309 1203 2373 Christiani.

768 2619 771 2626 ·
875 2571 910 2642 8.
950 2573 1110 2667 Lilurpio
1136 2573 1326 2645 Baulorum
1352 2571 1606 2665 Apostolorum,
1634 2578 1697 2642 etc.

695 2764 787 2841 Haec
811 2794 880 2855 pars
904 2774 1096 2856 Anaplroram
1119 2777 1244 2858 proprie
1266 2776 1375 2838 dictam
1394 2775 1537 2851 continet,
1560 2783 1591 2835 ul
1614 2793 1680 2836 eam
1697 2775 1767 2856 Syri
1789 2783 1818 2837 el
1833 2776 1970 2856 Coptitae

599 2887 719 2957 vocant,
743 2897 881 2959 quaeque
905 2878 984 2957 apud
1006 2896 1062 2940 nos
1087 2879 1200 2957 Canon,
1231 2878 1301 2940 olirn
1329 2879 1434 2941 Canon
1462 2879 1617 2952 Actionis,
1648 2886 1698 2939 aut
1720 2878 1809 2940 Actio
1832 2878 1972 2960 appella-

599 2978 697 3041 batur.
742 2978 802 3039 Eas
825 2978 942 3040 scilicet
964 2980 1118 3041 orationes
1142 2979 1365 3060 complectitur,
1393 2979 1500 3058 quibus
1531 2976 1708 3038 sacrificium
1735 2978 1973 3042 Euclraristicunr

600 3078 765 3158 perficitur.
800 3075 887 3148 Quod
901 3076 971 3137 alibi
986 3080 1154 3139 monuimus
1167 3079 1204 3140 de
1221 3079 1287 3140 aliis
1302 3078 1445 3158 Liturgiis
1461 3075 1672 3154 Orientalibus,
1697 3076 1733 3136 ad
1756 3079 1829 3140 istas
1853 3094 1973 3158 quoque

600 3178 746 3257 pertinet:
771 3193 878 3254 nempe
889 3194 956 3236 cum
979 3177 1074 3255 prima
1097 3196 1168 3257 pars
1192 3196 1270 3258 quae
1293 3184 1341 3239 est
1363 3161 1724 3260 προπαρασκευαστική,
1748 3193 1809 3237 non
1832 3185 1971 3254 mutetur,

604 3275 662 3336 nisi
686 3274 765 3353 quod
796 3275 935 3335 diversae
957 3283 1026 3336 sunt
1048 3293 1104 3355 pro
1128 3285 1262 3356 tempore
1285 3277 1499 3356 scripturarum
1522 3274 1681 3336 lectiones:
1705 3275 1800 3338 altera
1822 3276 1974 3355 quaeCa-

601 3391 711 3436 nonem
735 3380 765 3434 et
789 3374 1049 3436 consecrationem
1073 3378 1218 3452 eontinet,
1242 3382 1372 3438 mutatur
1398 3375 1564 3437 secundum
1585 3374 1785 3456 Liturgiarum
1809 3376 1973 3437 diversita-

602 3481 676 3535 tem:
706 3474 744 3534 ita
772 3481 871 3535 tamen
894 3480 926 3533 ut
948 3474 978 3534 in
1006 3475 1168 3536 verborum
1192 3474 1303 3537 Christi
1332 3475 1590 3554 pronuntiatione,
1620 3474 1814 3536 invocatione
1844 3476 1971 3555 Spiritus
1998 3523 2001 3529 .

602 3574 708 3650 sancti,
732 3573 976 3651 orationibusque
999 3573 1035 3634 ad
1060 3573 1235 3636 tractionem
1265 3581 1295 3635 et
1319 3574 1565 3647 communionem,
1588 3590 1649 3634 non
1672 3572 1852 3635 observetur
1881 3574 1972 3636 ullum

601 3673 719 3752 insigne
742 3672 913 3736 discrimen.

689 3771 848 3833 Orationes
873 3790 950 3851 quae
973 3781 1141 3851 sequuntur
1163 3773 1270 3853 quibus
1294 3771 1443 3835 Sacerdos
1462 3770 1647 3832 commendat
1669 3789 1704 3832 se
1721 3771 1972 3835 circumstantium

602 3871 753 3949 precibus,
777 3878 809 3931 ut
831 3870 1011 3931 sacrificium
1034 3871 1125 3953 digne
1149 3873 1296 3952 perficiat,
1320 3871 1357 3932 ad
1374 3889 1490 3932 sacram
1504 3870 1664 3931 Actionem
1675 3872 1799 3950 proprie
1814 3889 1875 3933 non
1897 3891 1973 3953 per-

602 3971 712 4030 tinent:
737 3988 803 4031 cum
826 3978 858 4031 ut
881 3968 1109 4047 antecedentes
1132 3973 1190 4032 sint
1220 3970 1484 4051 praeparatoriae,
1513 3967 1567 4029 sed
1595 3969 1662 4048 quia
1687 3967 1827 4032 diuersae
1851 3974 1972 4033 suntin

603 4069 733 4131 diversis
756 4067 910 4149 Liturgiis,
934 4069 1033 4129 statim
1055 4070 1287 4151 subjunguntur.
1334 4069 1366 4129 ln
1388 4068 1447 4129 illis
1470 4066 1690 4129 observandum
1714 4077 1771 4146 est,
1795 4088 1884 4150 quam
1907 4070 1972 4132 lre-

603 4176 730 4248 quanter
753 4175 892 4229 occurrat
920 4185 982 4228 vox
1010 4169 1164 4247 sacrificii
1171 4216 1179 4246 ,
1209 4177 1241 4230 ut
1271 4171 1301 4231 in
1331 4168 1466 4229 erunibus
1496 4166 1559 4228 aliis
1589 4167 1750 4249 Liturgiis,
1779 4187 1847 4231 cunr
1875 4177 1972 4231 tannen

602 4287 717 4353 negare
741 4286 831 4330 ausus
854 4268 891 4328 sit
914 4265 1038 4328 Rivetus
1061 4268 1091 4328 iu
1114 4269 1244 4349 antiquis
1273 4268 1433 4349 quidquam
1460 4266 1556 4328 simile
1586 4268 1726 4345 reperiri.
1771 4268 1849 4330 lstae
1873 4276 1971 4331 tamen

603 4377 672 4430 sunl
695 4368 936 4449 antiquissimae,
968 4375 998 4429 el
1021 4386 1061 4429 ex
1083 4367 1207 4431 Graecis
1231 4385 1407 4449 expressae.

1053 4627 1088 4699 9.
1130 4627 1250 4698 Oratio
1272 4650 1341 4721 pro
1369 4627 1529 4700 omnibus.

716 4834 750 4911 ln
775 4844 849 4907 Cod.
873 4844 1045 4922 recentiori,
1067 4864 1123 4923 pro
1146 4845 1283 4906 omnibus
1306 4842 1479 4908 Catholicis.
1532 4844 1564 4906 ln
1587 4843 1700 4907 Codice
1723 4843 1817 4921 Eline,
1840 4854 1871 4908 et
1894 4849 1969 4928 aliis,

602 4948 703 5011 ultima
726 4967 789 5011 vox
811 4948 968 5023 omittitur;
991 4948 1108 5009 servari
1131 4955 1231 5011 tamen
1253 4956 1355 5028 potest
1378 4956 1409 5010 et
1432 4948 1539 5027 debet,
1568 4948 1657 5010 mode
1681 4947 1837 5010 deleantur
1860 4960 1970 5032 puncta

603 5049 661 5111 duo
685 5067 762 5129 quae
785 5047 907 5129 pluralis
930 5049 1047 5110 numeri
1069 5055 1139 5110 nota
1161 5054 1241 5125 sunt,
1266 5055 1297 5110 et
1324 5067 1401 5129 quae
1424 5048 1462 5111 de
1486 5067 1543 5110 suo
1566 5047 1674 5129 adjecit
1697 5049 1748 5129 qui
1772 5046 1860 5110 alium
1883 5052 1971 5113 eodi-

602 5166 669 5210 cem
692 5148 861 5229 descripsit.
910 5146 986 5208 Nam
1014 5147 1172 5209 Cetbolicu
1194 5147 1355 5229 legendum
1378 5158 1436 5223 est,
1459 5167 1519 5229 qua
1541 5149 1660 5210 nomine
1684 5147 1851 5229 appellatur
1873 5152 1970 5211 oratio

602 5247 716 5324 similiS,
739 5250 770 5309 in
793 5266 852 5329 qua
874 5248 1037 5309 universim
1066 5264 1123 5326 pre
1152 5247 1289 5308 omnibus
1319 5248 1459 5328 personis
1490 5256 1521 5310 et
1549 5248 1640 5311 rebus
1670 5267 1778 5329 preces
1808 5247 1845 5309 ad
1873 5247 1969 5310 Deum

601 5346 685 5411 stunt.
726 5348 769 5408 lta
793 5351 891 5405 autem
914 5347 1099 5425 perficienda
1122 5352 1168 5410 est
1189 5346 1239 5408 illa
1261 5350 1369 5428 oratio,
1392 5369 1433 5412 ex
1454 5348 1545 5413 tussa
1567 5347 1759 5425 blalabarica,
1782 5347 1845 5410 Pro
1868 5349 1968 5409 orrent-

1675 5452 1752 5526 78*
