5150 6534
588 830 665 905 618
1153 830 1383 907 NOTAE

585 1012 766 1092 haereseos,
790 1015 924 1095 quamvis
946 1032 1006 1076 non
1029 1021 1113 1077 recte
1136 1016 1341 1099 intelligantur
1364 1016 1399 1079 ab
1424 1017 1489 1098 ejus
1511 1015 1720 1078 sectatoribus.
1767 1015 1852 1077 Unde
1876 1018 1958 1078 anti-

587 1116 693 1193 quiora
716 1121 784 1175 sunt
807 1114 944 1175 fortassis
968 1132 1056 1194 quam
1079 1116 1143 1195 ipsa
1169 1115 1312 1190 haeresis,
1335 1133 1442 1196 nempe
1466 1114 1546 1196 quod
1570 1115 1607 1176 ad
1630 1123 1765 1177 veterem
1783 1115 1881 1177 Ritum
1894 1115 1958 1176 Ec-

587 1212 744 1275 elesiarum
767 1213 1002 1292 Mesopotamiae
1025 1215 1224 1293 pertinebant,
1249 1233 1338 1294 quem
1361 1217 1558 1292 recentiores
1582 1216 1633 1295 qui
1656 1233 1708 1276 eas
1729 1221 1959 1293 occupaverunt

586 1311 769 1386 Nestoriani‚
793 1312 996 1387 retinuerunt,
1027 1321 1117 1374 etna
1140 1321 1303 1389 mutarent,
1335 1313 1483 1394 religione
1506 1314 1695 1377 tenebantur.
1739 1314 1813 1375 h'am
1836 1314 1867 1374 in
1891 1313 1956 1373 aliis

588 1410 698 1473 Olhciis
722 1429 848 1491 quorum
871 1427 932 1470 non
955 1419 1002 1472 est
1025 1412 1129 1474 eadem
1153 1415 1322 1492 antiquitas,
1345 1412 1436 1474 multa
1452 1413 1640 1491 interspersa
1665 1419 1744 1492 sunt,
1768 1431 1847 1493 quac
1871 1430 1958 1474 com-

587 1511 676 1573 mode
699 1510 853 1591 explicare
877 1528 965 1572 neum
988 1513 1094 1589 possit.

725 1858 760 1925 5.
803 1856 868 1940 Oui
896 1880 968 1927 cum
993 1858 1171 1951 Apostolic
1197 1863 1267 1928 saria
1295 1882 1338 1928 cu
1364 1863 1465 1928 nocte
1492 1881 1560 1951 qao
1587 1859 1733 1928 traditas
1760 1863 1820 1927 ecl.

688 2047 831 2141 Quarrvrs
854 2060 884 2120 iu
901 2061 995 2139 prima
1012 2060 1159 2143 Liturgia,
1183 2068 1213 2122 et
1236 2063 1265 2121 in
1291 2060 1356 2121 aliis
1379 2078 1476 2140 prope
1499 2061 1635 2123 omnibus
1661 2061 1874 2141 cujuscumque
1899 2060 1960 2120 lin-

587 2181 667 2245 guae
689 2163 907 2243 interjiciuntur
928 2165 1093 2241 orationes,
1117 2164 1344 2226 benedictiones
1368 2173 1398 2225 et
1421 2166 1641 2239 caeremoniae,
1664 2182 1741 2244 quae
1765 2165 1795 2224 in
1817 2164 1874 2224 ista
1898 2181 1960 2225 noa

587 2269 776 2339 anrrotantur,
800 2264 951 2323 tamenin
974 2264 1029 2325 ista
1053 2281 1173 2344 quoquc
1202 2265 1285 2325 utin
1309 2264 1367 2325 alia
1390 2264 1547 2326 observari
1569 2262 1674 2325 eadem
1697 2265 1794 2324 omnia
1819 2264 1959 2323 certissi-

587 2381 666 2424 mum
689 2370 744 2422 est.
790 2360 848 2423 Sed
872 2370 904 2423 ut
927 2362 997 2424 alihi
1024 2363 1133 2424 dictent
1163 2362 1233 2436 luit,
1264 2371 1369 2424 carent
1398 2362 1527 2425 rubricis
1558 2364 1677 2442 antiqua
1708 2360 1827 2434 Olllcia,
1862 2368 1892 2422 et
1922 2379 1960 2422 ca

587 2462 764 2541 praesertim
794 2479 871 2540 quae
900 2461 936 2522 ad
961 2462 1040 2522 aliud
1062 2464 1234 2542 primarium
1257 2463 1337 2524 unde
1362 2462 1450 2523 nurlta
1472 2461 1602 2542 petenda
1626 2468 1710 2523 crant
1733 2459 1957 2523 reserebantur.

587 2557 737 2639 Quidquid
760 2562 839 2621 enim
861 2561 1037 2642 inLiturgia
1054 2562 1272 2642 Apostolorum
1295 2562 1522 2642 praescribitur,
1546 2560 1582 2621 ad
1606 2560 1717 2621 alteras
1740 2560 1814 2620 duas
1837 2577 1959 2639 quoque

587 2659 728 2739 pertinet.
772 2658 804 2720 ln
835 2660 890 2721 ista
921 2679 996 2722 vero
1027 2662 1191 2722 recitantur
1216 2663 1301 2742 juata
1330 2662 1459 2722 omnium
1482 2660 1685 2721 Ecclesiarum
1709 2659 1958 2720 consuetudinem

587 2757 680 2819 verba
712 2756 821 2820 Christi
854 2760 971 2820 Domini
1001 2761 1242 2839 consecratoria,
1273 2779 1332 2822 nec
1363 2761 1450 2821 aliter
1480 2777 1566 2841 quam
1598 2758 1741 2840 leguntur
1768 2759 1798 2818 in
1822 2758 1959 2836 Graecis,

589 2856 739 2937 Copticis,
771 2856 872 2938 Syris,
901 2866 932 2920 et
956 2858 1078 2920 aliarum
1102 2860 1272 2939 linguarum
1293 2859 1446 2942 Liturgiis.
1493 2858 1702 2939 Corruptionis
1733 2874 1840 2937 porro,
1869 2873 1960 2936 quam

589 2954 648 3018 hoc
672 2958 702 3017 in
724 2956 792 3016 loco
815 2956 1048 3038 Diamperenses
1071 2958 1219 3042 'theologi
1242 2958 1392 3021 inductam
1415 2978 1431 3019 a
1454 2956 1603 3021 nonnullis
1626 2956 1875 3017 Nestorianorum
1897 2954 1962 3017 Ca·

591 3056 709 3117 tholieis
734 3059 971 3135 affirmaverunt,
1001 3077 1039 3120 ne
1064 3059 1246 3121 levissimum
1268 3060 1387 3139 quidem
1410 3059 1570 3139 vestigium
1593 3058 1734 3117 occurrit.
1780 3055 1856 3127 outo
1881 3057 1961 3117 enim

590 3154 799 3218 Nestorianam
812 3159 1037 3238 causamJuvat,
1062 3157 1246 3239 Evangeliea
1260 3156 1370 3220 Christi
1386 3158 1480 3219 rerba
1502 3155 1612 3217 relerri
1634 3154 1783 3234 quomodo
1807 3157 1836 3215 in
1855 3154 1962 3215 Eran-

587 3255 677 3337 geliis
705 3264 736 3317 et
765 3258 794 3318 in
818 3257 953 3338 Epistola
976 3258 1070 3338 prima
1093 3256 1130 3318 ad
1155 3255 1325 3318 Corinthios
1349 3258 1506 3336 leguntur,
1531 3263 1560 3316 et
1583 3255 1619 3316 ab
1643 3254 1792 3315 universis
1816 3254 1961 3315 Orienta-

586 3353 664 3416 libus
693 3356 838 3417 Ecclesiis
870 3358 1108 3436 pronunciantur
1138 3375 1154 3416 a
1183 3356 1282 3419 multis
1313 3355 1459 3432 sacculis,
1506 3354 1616 3416 dudum
1648 3359 1805 3432 antequam
1828 3352 1961 3414 Nestorii

588 3471 696 3516 nomen
728 3456 859 3517 auditum
889 3454 1021 3517 luisset?
1067 3454 1170 3536 ltaque
1201 3474 1256 3516 cur
1291 3454 1548 3518 hialabarensibus
1580 3454 1755 3516 Christianis
1786 3455 1961 3534 corruptela

588 3552 675 3635 hujus
703 3554 761 3615 loci
791 3556 989 3636 objiceretur,
1019 3554 1096 3616 ratio
1128 3554 1206 3616 nulla
1238 3562 1318 3618 erat:
1351 3575 1416 3617 nam
1448 3555 1524 3615 idem
1557 3555 1668 3615 crimen
1700 3552 1822 3635 impingi
1853 3561 1961 3632 posset

590 3652 733 3727 GraeciS,
768 3654 872 3734 Syris,
904 3654 1031 3734 Coptitis
1064 3662 1093 3715 et
1123 3655 1259 3715 omnihus
1287 3655 1369 3734 aliis,
1401 3656 1451 3735 qui
1482 3654 1539 3716 hoc
1567 3655 1686 3714 nornine
1714 3669 1864 3730 nunquam
1890 3660 1960 3713 sunt

590 3753 731 3815 accusati.

677 3851 905 3913 Observandum
935 3870 1056 3931 quoquc
1081 3854 1109 3912 in
1140 3855 1197 3912 ista
1227 3852 1377 3933 liturgia,
1409 3860 1440 3913 ut
1470 3854 1497 3913 in
1529 3852 1592 3913 aliis
1623 3851 1751 3929 aliquot,
1780 3850 1959 3928 pracsertim

591 3951 707 4013 Graeca
729 3952 840 4027 llarci,
865 3970 943 4030 quae
969 3949 1116 4031 Copticae
1139 3951 1244 4032 Cyrilli
1267 3952 1371 4014 sinrilis
1395 3961 1457 4029 est,
1480 3953 1558 4013 inter
1580 3950 1674 4012 rerba
1697 3948 1806 4009 Christi
1830 3947 1960 4025 llomini,

590 4057 621 4112 ct
643 4049 863 4112 invocationem
887 4049 1018 4130 Spiritus
1042 4051 1149 4129 sancti,
1172 4052 1311 4113 interseri
1336 4054 1487 4114 orationes
1510 4050 1634 4127 multas,
1658 4056 1687 4110 et
1711 4048 1783 4108 satis
1806 4047 1960 4125 prolixas:

591 4151 648 4212 etsi
678 4149 756 4212 dona
787 4152 943 4231 proposita
978 4151 1119 4211 venerari
1145 4151 1206 4230 jam
1236 4151 1379 4230 incipiant
1409 4159 1547 4230 tanquam
1579 4166 1690 4227 corpus
1721 4154 1751 4207 et
1781 4147 1962 4227 sanguinem

593 4248 704 4311 Christi
727 4250 854 4313 Domini.
899 4248 1000 4329 Atque
1024 4268 1063 4310 ex
1085 4250 1136 4311 illo
1165 4257 1360 4332 argumento,
1388 4258 1420 4311 ut
1449 4258 1477 4309 et
1502 4249 1598 4310 nurltis
1622 4247 1685 4308 aliis
1709 4265 1786 4326 quac
1809 4245 1879 4305 alibi
1902 4245 1962 4305 ad-

592 4350 680 4411 ducta
704 4357 782 4426 sunt,
805 4349 992 4411 manifestum
1009 4357 1065 4426 est,
1086 4368 1207 4410 errasse
1221 4368 1281 4410 non
1296 4350 1487 4411 mediocriter
1501 4349 1688 4410 recentiores
1702 4347 1814 4425 aliquot
1826 4342 1963 4423 scripto-

591 4467 643 4510 res
666 4452 801 4529 quamvis
825 4449 975 4526 erudimS,
1000 4449 1050 4528 qui
1073 4448 1242 4510 Orientales
1265 4448 1374 4510 nullam
1398 4456 1447 4509 aut
1471 4449 1609 4528 exiguam
1634 4445 1744 4507 Christi
1768 4447 1870 4508 uerbis
1894 4447 1963 4508 rir-

589 4554 682 4609 tutem
695 4548 826 4609 tribuere
840 4548 993 4623 alhrmant,
1017 4549 1103 4627 quasi
1125 4548 1191 4609 sola
1213 4548 1341 4628 Spiritus
1365 4549 1459 4609 saneti
1483 4548 1676 4608 lm'ocatioue
1700 4548 1963 4608 consecrationem

590 4647 696 4727 perlici
719 4647 889 4708 crederent.
925 4647 1000 4708 Nam
1023 4654 1055 4707 ut
1078 4647 1115 4708 de
1138 4648 1324 4708 Nestorianis
1347 4647 1420 4709 solis
1445 4646 1592 4721 dicamus,
1616 4645 1683 4705 illos
1706 4646 1735 4705 in
1759 4645 1815 4705 alia
1839 4648 1963 4706 onnrino

592 4746 739 4808 sententia
759 4765 827 4808 esse
843 4745 1097 4828 probatLiturqia
1115 4746 1232 4807 illorum
1257 4748 1351 4825 prima
1374 4754 1404 4807 et
1426 4747 1600 4825 praecipua,
1624 4746 1652 4806 in
1676 4762 1734 4824 qua
1758 4744 1962 4805 luvocationis

591 4854 661 4925 post
679 4846 874 4926 pronunciata
887 4845 980 4907 verba
994 4846 1147 4907 [loruinica
1163 4845 1256 4907 lormu
1272 4846 1354 4906 nulla
1378 4854 1437 4906 cst:
1463 4863 1518 4906 nec
1542 4851 1639 4906 tamen
1663 4843 1700 4904 dc
1725 4843 1960 4906 consecratione

591 4944 725 5024 perlecta
749 4945 892 5006 dubitant.
