5150 6534
970 860 1097 939 uorlu
1123 861 1164 937 m
1189 857 1396 937 munuum
1420 844 1605 939 mosoom
1804 815 1806 819 ’
1888 857 2003 947 aas

603 1068 749 1143 corpora
769 1056 885 1120 nostra
904 1070 966 1143 per
985 1046 1182 1120 sacrificium
1200 1045 1265 1119 boc
1290 1047 1378 1142 quod
1398 1050 1618 1142 suscepimus,
1645 1054 1678 1118 et
1698 1044 1804 1138 dirige
1825 1068 1966 1139 gressus

602 1173 737 1237 nostros
764 1165 798 1236 iu
824 1167 959 1236 semitas
982 1166 1144 1256 justitiae,
1177 1172 1213 1235 ut
1243 1163 1424 1236 secundum
1456 1160 1658 1235 voluntatem
1688 1170 1777 1233 tuam
1809 1183 1966 1253 geramus

600 1300 677 1366 nos,
705 1288 804 1373 atque
829 1279 983 1352 mandata
1010 1289 1064 1350 tua
1091 1278 1324 1361 observemus,
1351 1288 1384 1350 et
1400 1277 1559 1349 suciamus
1575 1274 1726 1350 omnibus
1742 1274 1858 1348 diebus
1876 1280 1967 1349 vitae

600 1404 750 1485 nostrae,
777 1394 819 1466 ad
845 1393 941 1466 finem
968 1393 1101 1467 beatum
1127 1397 1376 1491 perveniamus,
1402 1403 1435 1464 et
1460 1390 1617 1488 hymnum
1642 1390 1874 1465 Incessabilem
1891 1417 1966 1464 cum

601 1512 727 1584 senens
752 1514 817 1582 tuis
844 1532 1002 1583 canamus
1028 1510 1098 1601 tibi,
1125 1521 1159 1582 et
1170 1510 1262 1582 Patri
1277 1519 1334 1582 tuo
1353 1508 1534 1597 adorando,
1561 1519 1595 1580 et
1610 1507 1746 1605 Spiritui
1763 1520 1819 1582 tuo
1837 1521 1965 1599 saneto,

602 1633 638 1698 et
662 1625 856 1713 vivificanti,
882 1624 1006 1720 tibique
1033 1624 1304 1698 consubstantiali
1329 1647 1416 1697 nune
1443 1634 1477 1696 et
1501 1645 1644 1720 semper.

706 1740 866 1833 Populos.
919 1742 1039 1814 Amen.

706 1854 893 1928 Diaconos.
943 1856 1091 1929 Benedic
1116 1857 1267 1930 Domine.

705 1970 889 2044 Sacerdos.
941 1972 1088 2044 Benedie
1113 1973 1277 2060 omnibus,
1304 1984 1367 2045 etc.

1034 2313 1536 2372 -ψ-

869 2664 934 2804 ru
975 2713 1355 2807 irroramur
1395 2711 1714 2808 orosooar

988 2911 991 2917 ”
1186 2923 1387 3007 lolli.

689 3163 719 3229 l.
764 3152 900 3231 Muenna
922 3166 1002 3227 inter
1023 3165 1248 3248 Monophysitas
1277 3185 1398 3248 semper
1425 3166 1479 3231 luit
1507 3167 1646 3231 Dioscori
1673 3166 1869 3230 Alexandrini
1890 3166 1966 3247 Epi-

603 3271 690 3351 scopi
719 3285 843 3348 nomen,
883 3268 963 3350 quod
993 3268 1230 3333 Calchedoneusi
1259 3268 1394 3334 Concilio
1429 3270 1504 3334 duas
1539 3271 1569 3332 in
1598 3269 1717 3334 Christo
1745 3278 1867 3331 naturas
1897 3277 1967 3349 post

603 3371 745 3432 unionem
767 3369 796 3430 in
818 3387 878 3432 una
900 3369 1032 3448 persona
1055 3368 1217 3448 profitenti,
1239 3370 1386 3432 restiterit
1416 3376 1447 3432 et
1477 3387 1556 3432 novo
1585 3387 1676 3447 ausu,
1710 3367 1805 3433 Leoni
1833 3369 1966 3432 Romano

604 3466 750 3545 Pontifici,
773 3469 859 3551 cujus
882 3468 1017 3549 Epistola
1041 3466 1077 3529 ad
1099 3468 1272 3530 Flavianum
1301 3468 1427 3550 probata
1448 3467 1557 3546 iuerat,
1581 3471 1737 3531 anathema
1758 3468 1876 3532 dixerit.
1920 3469 1966 3531 De

605 3568 671 3648 ejus
693 3568 755 3630 vita
777 3576 807 3629 et
828 3566 920 3630 rebus
942 3567 1038 3649 gestis
1061 3566 1170 3629 dictum
1193 3576 1241 3631 est
1262 3567 1293 3629 in
1316 3568 1448 3630 Historia
1471 3566 1663 3629 Patriarcbali
1685 3568 1849 3631 secundum
1870 3568 1967 3631 laco-

607 3664 734 3729 bitarum
757 3666 956 3745 traditionem,
987 3684 1064 3747 quae
1086 3673 1228 3747 repetere
1250 3684 1380 3729 necesse
1403 3684 1464 3729 uon
1486 3675 1543 3731 est.
1587 3667 1650 3730 Nec
1672 3670 1768 3730 minus
1790 3668 1967 3731 laudatura

605 3763 700 3845 Syris,
723 3782 811 3845 quam
833 3782 851 3824 a
873 3765 934 3827 suis
958 3763 1183 3839 Alexandrinis3
1212 3765 1269 3826 etsi
1299 3766 1378 3827 inter
1403 3764 1472 3827 illos
1494 3767 1591 3827 rarius
1613 3780 1721 3828 nomen
1744 3767 1809 3849 ejus
1831 3784 1965 3830 comme-

602 3870 738 3926 moretur
759 3863 972 3943 inltiptycbis:
995 3863 1050 3926 sed
1072 3862 1250 3926 inomnibus
1271 3863 1356 3927 libris
1379 3864 1603 3927 commendatur
1624 3882 1822 3949 magnopere,
1845 3875 1875 3929 et
1897 3886 1965 3931 me·
2029 3874 2090 3926 Hoc
2119 3875 2187 3931 Patr.
2212 3878 2287 3932 Alae.

565 4008 566 4011 ,
603 3962 791 4043 moria'ejus
820 3962 964 4045 religiose
994 3970 1132 4043 tanquam
1169 3964 1266 4026 sancti
1297 3963 1421 4040 colitur,
1459 3972 1491 4027 ut
1527 3970 1611 4045 patet
1645 3983 1685 4026 ex
1719 3964 1906 4029 Calendariis
1935 3975 1966 4030 et
1993 3978 2019 4028 Ρ·
2039 3961 2100 4013 ¹¹⁴·

602 4060 772 4143 Synaxario
795 4061 980 4142 Coptitarum
1003 4060 1065 4124 Vll.
1087 4065 1199 4125 mensis
1223 4062 1311 4140 loth,
1334 4065 1384 4144 qui
1406 4066 1519 4145 primus
1542 4072 1589 4127 est
1607 4065 1680 4125 ranui
1691 4062 1882 4147 Aegyptiaci,
1905 4084 1965 4128 uon

603 4169 702 4239 sexta,
725 4166 758 4222 ut
779 4176 938 4238 perperam
966 4160 1076 4223 editum
1107 4169 1153 4222 est
1181 4162 1211 4223 in
1233 4164 1298 4243 ejas
1322 4164 1391 4226 vita.
1435 4163 1543 4225 Rumor
1570 4171 1670 4225 tamen
1697 4162 1784 4245 hujus
1812 4164 1964 4247 Liturgiao
2013 4175 2042 4227 Ρ.
2062 4176 2122 4229 120.

603 4278 677 4323 usus
701 4266 748 4321 est
770 4256 848 4338 apud
872 4257 984 4338 Syros,
1013 4277 1070 4321 nec
1092 4259 1243 4347 invenitur
1272 4262 1303 4322 in
1332 4260 1432 4323 multis
1460 4260 1630 4325 Codicibus.
1675 4263 1849 4354 ‚Aetlriopes
1877 4282 1964 4326 unam

602 4358 714 4421 babent
737 4358 802 4439 ejus
824 4358 944 4419 nomine
967 4374 1044 4439 quae
1056 4356 1235 4439 Aethiopica
1258 4368 1288 4422 et
1307 4359 1410 4423 Latine
1435 4378 1513 4423 anno
1529 4360 1713 4424 MDCLXVl.
1736 4362 1864 4426 Londini
1886 4363 1965 4426 edita

603 4457 658 4520 iuit
679 4454 899 4533 aWanslebio,
922 4474 990 4519 cum
1012 4456 1096 4519 titulo
1120 4459 1216 4520 sancti
1229 4459 1379 4523 Dioscori.
1426 4458 1531 4539 Neque
1553 4460 1579 4522 is
1602 4467 1649 4523 est
1672 4462 1757 4543 cujus
1780 4480 1965 4525 commemo-

602 4557 680 4619 ratio
703 4554 735 4616 lit
759 4552 849 4615 XVll.
873 4554 966 4634 Baini,
990 4562 1022 4616 ut
1040 4549 1145 4619 ‘voluit
1167 4556 1321 4636 Ludolius,
1345 4557 1399 4621 sed
1422 4556 1527 4619 xxxi.
1550 4557 1722 4622 Patriarcba
1741 4562 1844 4643 junior
1871 4562 1964 4643 vulgo

603 4652 781 4734 appellatus,

863 4930 898 5001 2.
939 4932 1134 5004 Nativitole
1159 4933 1311 5005 natarali
1336 4940 1371 5004 el
1395 4956 1463 5005 oon
1486 4935 1715 5029 panormam.

701 5121 793 5201 llam
815 5140 941 5212 temere,
964 5143 1015 5199 aut
1037 5136 1169 5200 oratorie
1193 5136 1271 5200 dicta
1294 5155 1355 5201 non
1381 5146 1463 5216 sunt,
1493 5146 1526 5200 ut
1547 5139 1710 5202 existimari
1731 5140 1830 5204 statim
1851 5148 1965 5223 posset,

604 5236 660 5301 sed
688 5245 772 5302 certo
801 5239 937 5302 consilio.
993 5239 1067 5302 Nam
1096 5259 1162 5303 cum
1189 5250 1347 5305 accusatus
1378 5249 1460 5305 esset
1486 5240 1668 5321 Dioscorus,
1700 5243 1780 5323 quod
1807 5244 1966 5327 Eutychen

604 5334 791 5437 haereticum
814 5336 1010 5431 absolvisset:
1040 5357 1059 5402 a
1079 5338 1231 5422 plerisque
1253 5341 1292 5404 de
1313 5339 1420 5405 eadem
1441 5339 1561 5403 haeresi
1590 5340 1758 5423 postulatus
1780 5350 1843 5425 est,
1873 5343 1964 5425 idque
