5150 6534
1079 809 1339 936 ‘4ae
2207 849 2922 929 LITURGIA

1391 1035 1742 1109 Sacerdos
1805 1037 2190 1109 inclinatus.
2298 1035 2624 1125 SanctuS,
2706 1037 3026 1125 Sanctus,
3113 1037 3398 1109 Sanctus
3491 1061 3567 1113 es
3651 1041 3939 1113 Domine

1183 1162 1458 1247 potenS,
1519 1157 1630 1248 qui
1683 1158 1906 1227 omnia
1962 1152 2341 1228 sanctificas
2376 1174 2502 1247 per
2536 1157 2972 1225 sanctitatem.
3082 1153 3366 1225 Sanctus
3408 1157 3615 1226 Pater
3644 1165 3935 1243 sanct-us,

1187 1269 1292 1361 qui
1375 1289 1451 1340 es
1523 1273 1718 1361 origo
1791 1273 2180 1342 sanctitatis,
2299 1268 2588 1340 Sanctus
2659 1267 2864 1341 Filius
2950 1277 3258 1357 sanctus,
3338 1273 3451 1361 qui
3520 1293 3599 1341 ee
3671 1269 3939 1341 effector

1182 1385 1569 1455 sanctitatis
1678 1383 1965 1458 Sanctus
2018 1386 2304 1481 Spiritus
2357 1390 2654 1468 sanctuS,
2710 1389 2818 1477 qui
2874 1409 2950 1455 es
3006 1382 3158 1453 fons
3214 1389 3619 1473 sanctitatis,
3675 1389 3935 1457 sancti-

1179 1496 1303 1567 fica
1358 1519 1484 1570 nos
1536 1522 1661 1595 per
1715 1512 1948 1573 sancta
2001 1511 2157 1590 tua,
2214 1522 2256 1571 o
2310 1498 2758 1572 sanctificator
2810 1501 3247 1585 Sanctarum3
3322 1501 3563 1569 munda
3631 1524 3763 1573 nus
3816 1521 3935 1597 per

1179 1615 1563 1708 puritatem,
1621 1615 1974 1688 mundator
2026 1638 2260 1689 eorum
2313 1617 2424 1708 qui
2476 1616 2685 1687 minus
2742 1618 2890 1709 puri
2946 1625 3134 1701 suini,
3190 1625 3256 1685 et
3306 1629 3583 1709 praesta
3615 1613 3819 1689 nubis
3871 1625 3937 1685 ut

1181 1749 1331 1798 cum
1383 1733 1707 1823 puritate,
1760 1753 2136 1804 mereamur
2186 1731 2429 1803 initiari
2482 1733 2822 1824 mysteriis
2878 1729 3086 1814 illius,
3142 1733 3250 1822 qni
3306 1753 3398 1801 ez:
3427 1733 3759 1801 immensu
3803 1753 3931 1825 pe—

1179 1841 1337 1934 lago
1390 1841 1703 1918 bonitatis
1758 1868 1924 1919 suae
1975 1848 2493 1919 communicavit
2542 1843 2738 1917 nobis
2794 1849 3114 1941 mysteria
3170 1865 3326 1933 sua,
3382 1857 3447 1915 et
3499 1845 3931 1917 deduximus

1181 1956 1265 2027 ad
1319 1961 1674 2050 imaginem
1725 1966 2014 2054 regiam,
2069 1959 2419 2034 immolans
2472 1960 2671 2033 nobis
2738 1969 2994 2033 taurum
3062 1961 3467 2049 saginatum:
3535 1969 3607 2029 et.
3675 1965 3931 2057 putavit

1177 2094 1302 2143 nos
1356 2084 1518 2169 potu
1571 2096 1735 2165 suo,
1788 2088 1950 2172 potu
2002 2080 2216 2162 vitae,
2290 2099 2487 2171 quem
2549 2081 2814 2172 paravit
2882 2077 3078 2145 nubis
3130 2097 3337 2169 super·
3397 2085 3591 2169 prata
3656 2077 3927 2169 pinguia

1177 2186 1573 2260 fortitudinis
1629 2193 2094 2287 spiritualiter:
2150 2196 2298 2288 ipse
2351 2190 2556 2262 Filius
2614 2189 2918 2262 Clu-istus
2974 2189 3158 2261 Deus
3214 2213 3439 2261 verns,

1386 2302 1737 2376 Sacerdos
1783 2308 2057 2381 elevans
2098 2327 2351 2380 vocem.
2459 2307 2590 2393 Qui
2641 2329 2786 2377 cun]
2829 2305 3202 2377 voluntarie
3234 2305 3431 2377 hnmn
3464 2305 3683 2377 factus
3723 2317 3927 2393 esset,
3967 2381 3971 2385 ,

1178 2430 1375 2516 atque
1441 2419 1722 2493 humana
1801 2421 2060 2509 omnia,
2133 2434 2425 2520 excepto
2489 2433 2798 2517 peccatu,
2870 2421 3294 2517 perfecisset,
3366 2441 3499 2493 nnn
3571 2433 3799 2493 tamen
3863 2425 3927 2493 in

1175 2538 1394 2628 gloria
1451 2556 1570 2607 sua
1625 2541 2141 2612 immutationem
2194 2559 2438 2635 passus
2492 2545 2629 2626 est,
2681 2560 2902 2629 neque
2954 2537 3262 2606 divinitas
3322 2537 3467 2625 ejus
3519 2541 3755 2629 per-iit,
3811 2537 3927 2609 sed

1177 2651 1413 2723 ditavit
1464 2651 1932 2726 humanitatem
1985 2664 2285 2727 nostram
2341 2652 2683 2724 divinitate
2738 2673 2886 2721 sua:
2946 2661 3010 2721 et
3062 2649 3278 2721 factus
3338 2661 3443 2721 est
3495 2649 3699 2721 butun
3755 2677 3919 2749 per-

1175 2764 1429 2853 fectus,
1484 2789 1633 2838 cum
1687 2777 1871 2840 esset
1920 2771 2108 2842 Deus
2177 2767 2550 2864 perfectus,
2616 2767 2706 2837 ita
2770 2777 2838 2837 ut
2890 2777 3074 2837 esset
3138 2777 3515 2861 utrumqne,
3595 2789 3731 2837 nnn
3799 2765 3919 2837 duo

1177 2890 1290 2952 aut
1344 2881 1568 2976 plura,
1625 2884 1745 2954 sed
1798 2895 2186 2980 utrumque,
2239 2907 2364 2980 per
2417 2885 2906 2977 susceptionem
2962 2881 3286 2953 hnmanae
3354 2893 3671 2969 naturae,
3740 2881 3919 2953 'irrer-

1176 2993 1332 3067 bum
1400 2995 1656 3069 scilicet
1721 3021 1882 3071 caro
1936 2999 2181 3071 factum
2239 3001 2562 3071 existens.
2672 2997 2798 3081 Qui
2870 3021 3014 3065 eun]
3086 3005 3286 3065 tntum
3362 2997 3919 3089 dispensationem

1175 3133 1363 3182 suam
1415 3113 1792 3185 voluntarie
1847 3114 2385 3210 adimplevisset,
2440 3124 2509 3186 et
2561 3112 2647 3184 ad
2702 3117 3078 3209 passionem
3130 3113 3615 3201 vuluntariam,
3687 3121 3755 3181 et
3807 3117 3919 3182 vi-

1171 3223 1471 3315 vificam,
1543 3227 1666 3299 sed
1729 3251 1865 3301 non
1919 3234 2221 3302 meritam
2289 3233 2588 3315 veniret,
2656 3231 2886 3325 typum
2958 3249 3270 3317 inagnum
3342 3237 3410 3297 et
3479 3249 3667 3321 spem
3743 3229 3919 3297 vitae

1172 3340 1437 3413 tradidit
1488 3341 1720 3431 nobis,
1773 3367 2017 3441 panem
2078 3338 2418 3419 ³‘scilicet
2471 3346 2582 3438 qui
2634 3343 2850 3414 fantus
2906 3353 3050 3413 erat
3090 3365 3334 3437 ent-pus
3366 3365 3559 3413 suum
3595 3354 3916 3429 sanetum,

1170 3455 1476 3530 manibus
1530 3449 1779 3533 sanctis
1835 3471 1989 3532 ante
2043 3461 2276 3535 oculos
2319 3461 2552 3533 turbae
2596 3458 3062 3553 discipulerum
3098 3481 3366 3529 sunnin]
3409 3461 3667 3551 pinrnm
3711 3481 3915 3529 auce-1

1170 3576 1299 3666 pit,
1355 3582 1425 3644 et
1476 3575 1686 3646 oculis
1740 3579 1807 3647 in
1861 3576 2119 3649 coelum
2174 3577 2458 3648 elevatis
2514 3577 2886 3671 aspiciens,
2942 3585 3010 3645 et
3066 3585 3126 3642 te
3178 3577 3362 3645 Deus
3398 3575 3603 3645 'Pater
3631 3577 3903 3654 nunnus,

1120 3685 1289 3757 tibi
1361 3691 1613 3780 gratias
1680 3694 1854 3783 egit,
1932 3696 1960 3729 ⁴
2013 3699 2056 3774 †
2108 3691 2495 3780 benedixit,
2560 3697 2603 3773 †
2674 3689 3146 3773 sanclifleavit,
3214 3697 3254 3769 †
3322 3689 3563 3777 fregit,
3635 3697 3703 3757 et
3771 3709 3909 3757 cun]

1174 3801 1456 3891 edisset,
1514 3802 1691 3875 dedit
1745 3805 2086 3901 discipulis
2141 3810 2278 3878 suis
2333 3809 2626 3895 sanctis,
2682 3817 2746 3877 et
2802 3805 3002 3885 dixit,
3058 3805 3378 3897 accipite,
3435 3801 3611 3873 edite
3667 3825 3763 3873 ex.
3815 3825 3911 3873 en.

1173 3916 1323 3987 Hoc
1378 3927 1483 3989 est
1534 3942 1778 4017 corpus
1834 3945 2089 4011 meum,
2145 3926 2360 4016 ipsum
2415 3921 2589 4017 quod
2642 3944 2766 4015 pru
2822 3917 3018 3989 vohis
3074 3929 3138 3989 et
3190 3941 3314 4013 pru
3386 3917 3607 3989 multis
3675 3921 3739 3989 in
3813 3941 3911 3989 me

1175 4032 1597 4105 credentibus
1666 4035 1992 4130 frangitur
2048 4048 2114 4109 et
2167 4035 2477 4109 dividitur
2529 4036 2615 4107 ad
2670 4037 3121 4131 expiationem
3174 4033 3600 4120 delictorum,
3672 4041 3745 4104 et
3793 4057 3915 4107 re—

1173 4150 1556 4219 missionem
1608 4163 2077 4244 peccatorum,
2129 4156 2468 4246 vitamque
2519 4173 2767 4224 novam
2819 4153 2887 4221 in
2943 4159 3302 4220 aeternum.

1378 4263 1701 4355 Populus.
1806 4268 2045 4339 Amen.

1380 4376 1749 4451 Sacerdos.
1855 4380 1943 4452 Et
1991 4385 2253 4468 vinum,
2310 4380 2488 4475 quod
2539 4380 2907 4476 perfectum
2962 4389 3108 4450 erat
3159 4380 3463 4470 sanguis.
3490 4381 3637 4470 ejus
3672 4379 3912 4473 propi-

1171 4495 1511 4580 tiatoriuS,
1565 4503 1722 4591 post
1775 4518 2055 4568 coenam
2108 4496 2286 4568 illam
2342 4499 2731 4592 mysticam,
2786 4518 2935 4567 cum
2991 4518 3163 4589 aqua
3229 4501 3602 4589 temperate
3652 4496 3915 4575 miscu-v

1167 4612 1370 4694 isset,
1441 4613 1693 4700 gratias
1762 4614 1937 4703 egit,
1988 4618 2030 4694 †
2092 4610 2477 4701 benedixit,
2537 4612 2596 4700 †
2649 4611 3124 4698 sanctificavit,
3192 4610 3250 4698 †
3303 4609 3615 4704 deditque
3682 4608 3915 4705 turbae

1167 4722 1652 4817 Apostolorum
1704 4738 2121 4816 sanctorum,
2175 4738 2244 4798 et
2297 4727 2490 4799 dixit:
2542 4728 2887 4822 Accipite,
2941 4724 3146 4797 bibite
3199 4747 3289 4796 ex
3342 4747 3429 4797 eo
3481 4748 3615 4799 vos
3646 4746 3913 4799 omnes:

1167 4836 1293 4907 Hic
1347 4847 1452 4909 est
1505 4843 1779 4930 sanguis
1834 4863 2021 4912 meus
2077 4844 2187 4936 qui
2237 4864 2361 4936 pro
2415 4840 2613 4916 vobis
2667 4851 2735 4913 et
2784 4864 2910 4936 pro
2965 4840 3181 4913 multis
3231 4842 3298 4910 in
3351 4862 3461 4912 me
3490 4839 3914 4913 credentibus

1170 4948 1556 5040 effunditur,
1612 4963 1680 5024 et
1733 4953 1955 5042 datur,
2012 4954 2096 5026 ad
2150 4959 2603 5050 expiationem
2659 4956 3083 5042 delictorum,
3137 4957 3602 5028 remissionem
3653 4976 3915 5050 pecca-

1169 5062 1383 5137 to'rum
1407 5120 1429 5155 ,
1488 5079 1554 5139 et
1605 5072 1813 5141 vitam
1865 5091 2111 5142 novam
2166 5073 2232 5141 in
2288 5070 2552 5144 saecula
2610 5071 3053 5144 saeculorum.

1372 5180 1699 5274 Populus.
1802 5186 2041 5256 Amen.

1372 5295 1742 5370 Sacerdos.
1846 5298 1935 5369 Et
1986 5322 2136 5371 cum
2186 5303 2578 5397 mysterium
2628 5299 2758 5373 hoc
2821 5299 3201 5374 tradidisset
3264 5300 3487 5371 coetui
3538 5299 3914 5399 discipulo-
