5150 6534
869 852 1118 931 PHlL0lllllll
1153 852 1531 933 HIEROPOLITANI.
1805 856 1877 932 311

623 1041 799 1112 Sacerdos
825 1041 1016 1112 inclinatos.
1069 1040 1212 1113 Sanctus
1245 1062 1282 1113 es
1317 1041 1410 1112 Deus
1441 1040 1556 1114 Pater:
1588 1042 1730 1115 Sanctus
1757 1048 1882 1137 unige-

521 1159 607 1228 nitus
626 1157 729 1228 Filius
750 1168 823 1229 tirus
844 1167 995 1228 sanctus:
1022 1156 1162 1230 Sanctus
1178 1156 1320 1250 Spiritus
1335 1166 1408 1229 tuus
1431 1169 1583 1231 sanctus:
1611 1163 1664 1252 qui
1682 1162 1804 1231 creasti
1822 1182 1884 1254 per

520 1277 663 1363 gratiam
695 1283 784 1344 tuam
818 1293 925 1364 genus
957 1271 1150 1361 humanum;
1176 1254 1476 1369 habitationemque
1509 1277 1543 1344 in
1575 1276 1731 1369 paradiso
1765 1276 1883 1348 dedisti

520 1387 578 1474 illi,
600 1389 868 1483 voluptatemque
886 1386 991 1481 qualis
1009 1390 1041 1457 iu
1059 1410 1100 1459 eo
1122 1399 1204 1475 erat,
1224 1393 1443 1482 praeparasti.
1477 1390 1561 1463 Cum
1577 1400 1686 1462 autem
1703 1415 1722 1463 a
1738 1393 1882 1483 maligno

520 1506 593 1595 ejus
613 1503 793 1599 deceptore
810 1503 964 1575 seductus
981 1501 1109 1591 brisset,
1123 1514 1156 1574 et
1178 1512 1246 1574 ate
1262 1506 1295 1574 iu
1310 1504 1445 1575 exilium
1458 1506 1584 1598 pulsus,
1603 1505 1751 1597 dejectus
1769 1518 1821 1579 est
1841 1509 1884 1579 ad

519 1618 661 1691 mlimam
680 1630 817 1706 sortem,
843 1617 1120 1713 humilitatemque
1142 1622 1269 1707 mortis,
1298 1629 1331 1690 et
1348 1642 1422 1690 cum
1438 1620 1480 1691 ad
1498 1644 1539 1693 ea
1561 1621 1739 1694 translatus
1755 1621 1882 1712 fuisset,

520 1737 638 1805 misisti
664 1732 811 1806 Verbum
837 1723 945 1805 Deum
971 1737 1174 1825 unigenitum
1199 1733 1316 1807 Fibum
1344 1746 1443 1822 tuum,
1473 1740 1527 1830 qui
1553 1736 1680 1832 absque
1706 1742 1884 1812 mutatione

519 1854 710 1922 incarnatus
737 1861 790 1922 est
823 1850 865 1921 de
891 1850 1014 1945 Spiritu
1048 1860 1180 1937 sancto,
1214 1873 1260 1920 ex
1295 1849 1402 1922 Maria
1433 1851 1573 1942 Virgine
1605 1852 1790 1925 benedicta.
1842 1855 1881 1926 lu

519 1965 639 2037 mundo
673 1966 853 2036 secundum
887 1965 1164 2060 dispensationem
1198 1988 1292 2038 suam
1325 1977 1547 2040 conversatus
1580 1978 1643 2058 est,
1681 1968 1881 2064 reduxitque

518 2102 582 2155 nos
608 2080 650 2152 ad
677 2084 815 2174 patriam
840 2090 990 2152 nostram
1015 2084 1196 2175 pristinam.
1593 2068 1597 2075 Κ
1684 2157 1686 2162 .

621 2197 770 2268 Elecons
795 2219 920 2267 uocem.
974 2196 1037 2281 Qui
1065 2219 1138 2268 cum
1165 2200 1354 2270 universam
1382 2197 1661 2292 dispensationem
1695 2223 1790 2272 suam
1816 2224 1879 2274 sa-

518 2313 656 2386 lutarem
684 2326 718 2387 et
745 2319 834 2387 vitae
861 2316 1003 2410 plenam,
1031 2316 1285 2409 complevisset,
1322 2318 1525 2408 virtutesque
1557 2326 1590 2385 et
1616 2316 1773 2389 miracula
1799 2323 1879 2390 uni-

518 2435 628 2504 versis
654 2437 814 2504 creaturis
842 2417 1059 2521 exhibuisset,
1085 2441 1348 2527 potestatemque
1374 2427 1508 2500 rebellis
1535 2441 1569 2502 et
1600 2430 1784 2506 seductoris
1811 2456 1879 2504 un-

517 2547 616 2643 dique
649 2548 850 2623 sustulisset:
885 2557 982 2641 atque
1018 2547 1059 2618 ad
1093 2550 1284 2641 passionem
1311 2545 1489 2617 salutarem
1521 2568 1582 2640 per
1614 2569 1762 2619 amorem
1796 2569 1879 2639 erga

517 2661 665 2735 homines
692 2687 786 2736 suum
811 2666 970 2751 veniens,
1004 2685 1124 2755 agnum
1157 2662 1245 2734 illum
1278 2660 1424 2752 legalem
1453 2654 1468 2695 ³
1494 2683 1567 2732 cum
1605 2662 1700 2735 turbo
1726 2661 1877 2758 discipu-

517 2778 622 2851 lorum
657 2800 790 2853 suorum
824 2778 1041 2852 comedisset:
1085 2781 1252 2873 accipiens
1285 2799 1405 2872 panem
1436 2780 1470 2848 iu
1504 2799 1619 2849 manus
1652 2799 1730 2851 suas
1763 2801 1877 2872 puras,

516 2907 660 2983 sanctas,
686 2894 910 2967 immaculatas
935 2905 972 2965 et
997 2894 1196 2989 impollutas,
1223 2892 1362 2965 elevans
1378 2893 1493 2965 oculos
1519 2896 1553 2964 in
1580 2893 1720 2982 coelum,
1747 2895 1878 2989 aspexit

516 3011 557 3082 ad
583 3021 617 3082 te
642 3011 734 3081 Deus
762 3010 862 3081 Pater
888 3020 921 3081 et
946 3012 1072 3101 gratias
1100 3013 1227 3100 egit,'†
1253 3007 1436 3097 benedixit,
1462 3009 1728 3097 †sanctiiicavit‚
1754 3016 1775 3091 †
1800 3009 1876 3082 ire-

515 3129 583 3218 git‚
620 3125 772 3221 deditque
804 3125 970 3220 discipulis
1004 3129 1072 3197 suis
1104 3126 1228 3197 sanctis
1259 3122 1389 3196 dicens:
1427 3127 1593 3219 Accipite:
1630 3125 1792 3198 comedite
1832 3149 1878 3196 ex

517 3265 577 3316 eo:
604 3241 677 3313 Hoc
704 3253 756 3314 est
780 3263 903 3337 corpus
930 3262 1050 3328 meum,
1078 3239 1165 3334 quod
1190 3260 1255 3311 vos
1283 3250 1317 3311 et
1341 3239 1462 3313 multos
1488 3239 1603 3312 fideles
1629 3250 1807 3335 praeparat
1834 3238 1876 3311 ad

513 3362 616 3429 vitam
644 3368 820 3428 aeternam.

616 3474 776 3570 Populos.
827 3477 946 3550 Amen.

615 3591 797 3665 Sacerdos.
851 3594 1007 3666 Similiter
1033 3593 1133 3663 etiam
1168 3600 1202 3662 et
1237 3589 1374 3660 calicem
1407 3590 1487 3659 vino
1519 3597 1553 3659 et
1584 3610 1669 3681 aqua
1701 3597 1873 3682 tempera-

514 3716 599 3796 tum,
635 3712 762 3803 accepit
788 3721 822 3781 et
854 3713 980 3801 gratias
1007 3712 1087 3799 egit,
1112 3714 1133 3788 †
1159 3705 1350 3793 benedixit,
1376 3710 1397 3785 †
1424 3703 1651 3792 sanctificavit,
1677 3710 1698 3785 †
1725 3714 1758 3775 et
1785 3704 1873 3778 dedit

512 3821 630 3894 iisdem
656 3822 824 3919 discipulis
858 3823 1031 3919 Apostolis
1069 3825 1136 3893 suis
1170 3824 1310 3893 sanctis:
1343 3820 1470 3892 dicens:
1497 3819 1671 3914 Accipite,
1697 3819 1800 3893 bibite
1826 3845 1873 3893 ex

513 3960 555 4009 eo
582 3960 646 4009 vos
680 3962 813 4012 omnes:
845 3941 908 4011 Hic
941 3950 994 4011 est
1020 3940 1156 4029 sanguis
1187 3960 1280 4009 meus
1316 3936 1519 4006 Testamenti
1544 3935 1654 4023 Novi,
1687 3938 1775 4030 quod
1808 3959 1871 4010 vos

512 4064 546 4125 et
570 4055 690 4126 multos
716 4054 831 4128 fideles
856 4065 1034 4150 praeparat
1061 4052 1103 4124 ad
1129 4055 1231 4124 vitam
1257 4061 1435 4123 aeternam.

615 4169 774 4263 Populus.
827 4172 945 4244 Arnen.

614 4285 797 4357 Sacerdos.
838 4287 979 4383 Semper
1006 4296 1113 4357 autem
1140 4288 1186 4355 ita
1213 4283 1313 4353 facite
1334 4280 1376 4351 ad
1395 4286 1742 4353 commemorationem
1757 4286 1873 4355 mortis

512 4422 627 4471 meae:
655 4406 924 4497 quotiescumque
950 4406 1035 4474 enim
1063 4423 1184 4497 panem
1205 4399 1290 4470 bunc
1315 4395 1553 4469 manducabitis
1579 4409 1612 4468 et
1638 4398 1775 4470 calicem
1788 4398 1874 4471 huuc

513 4515 645 4605 bibetis,
671 4522 786 4590 mortis
813 4541 909 4590 meac
934 4522 1126 4590 memoriam
1153 4516 1295 4603 iacietis,
1322 4524 1356 4585 et
1376 4516 1653 4586 resurrectionem
1680 4536 1787 4585 meam
1805 4538 1872 4588 au-

513 4632 713 4720 nuntiabitis,
741 4633 848 4706 donec
873 4636 1015 4705 veniam.

616 4748 775 4841 Populos.
827 4750 946 4821 Mortis
972 4758 1049 4819 tuae
1074 4749 1225 4821 Domine.

616 4862 791 4936 Sacerdos
824 4865 960 4936 elevans
991 4885 1117 4934 uocem.
1169 4860 1369 4932 Universum
1411 4860 1583 4954 periodum
1620 4860 1874 4954 dispensationis

511 4988 588 5050 tuae
614 4981 766 5069 Domine,
794 4989 1108 5065 commemorantes,
1141 4977 1424 5072 obstupescimus,
1457 4987 1491 5049 et
1524 4976 1722 5047 admiramur
1750 4976 1873 5068 judicia

509 5097 734 5168 inscrutabilia
761 5107 830 5167 tua:
859 5093 1084 5190 abyssumque
1110 5090 1393 5189 impenetrabilem
1420 5094 1673 5188 dispensationis
1706 5099 1781 5162 tuae
1808 5116 1871 5166 sa-

511 5207 626 5282 lutaris
659 5221 796 5307 propter
826 5233 903 5284 nos:
940 5221 1136 5305 conceptum
1170 5218 1277 5296 tuum,
1310 5231 1371 5303 per
1406 5231 1502 5303 quem
1544 5206 1709 5279 benedicti
1744 5205 1873 5277 fuerunt

513 5345 630 5399 omnes
664 5331 832 5424 concepti:
867 5330 1071 5399 nativitatem
1104 5336 1191 5398 tuam
1223 5323 1425 5415 mirabilem,
1469 5335 1503 5396 et
1534 5322 1693 5395 miraculo
1726 5322 1873 5418 plenam:
