5150 6534
587 842 663 921 304
990 852 994 858 ’
1085 846 1440 925 ttttttttttn

589 1056 634 1106 ex
660 1043 694 1106 te
719 1044 772 1105 est
798 1055 897 1105 omne
923 1028 1043 1105 denum
1070 1037 1226 1130 optimum
1252 1045 1286 1106 ct
1311 1033 1507 1131 perlectum,
1533 1044 1568 1107 et
1583 1033 1770 1108 referemus
1785 1035 1846 1110 tibi
1866 1035 1952 1130 glo-

586 1152 679 1240 riam,
707 1158 770 1220 stc.
975 1157 977 1161 ’
1087 1150 1249 1243 Popolca.
1301 1150 1422 1222 Amen.

690 1264 865 1336 Sacerdos
897 1265 1088 1338 inclinatae.
1148 1264 1317 1338 Memento
1357 1267 1500 1339 Domine
1532 1266 1714 1339 Doctorum
1749 1265 1952 1358 divinorum,

589 1400 702 1452 eornm
730 1383 784 1475 qui
809 1380 1104 1474 promulgavemnt
1128 1381 1267 1454 verbum
1295 1403 1410 1455 sanum
1437 1381 1608 1453 doctrinae
1642 1393 1737 1469 mas,
1770 1381 1950 1457 Ecclesiae

588 1507 742 1583 sanctae,
768 1504 802 1567 et
827 1496 972 1590 adjungo
995 1519 1059 1570 nos
1086 1497 1255 1570 ordinibus
1282 1519 1408 1569 eorum.

689 1611 839 1683 Eleccas
864 1634 989 1683 ccccm.
1040 1612 1093 1684 'lu
1120 1634 1157 1685 es
1184 1617 1272 1685 enim
1297 1614 1441 1686 Domine
1468 1615 1522 1707 qui
1550 1633 1611 1686 eos
1643 1611 1792 1704 elegisti,
1818 1623 1854 1685 ct
1880 1635 1951 1685 ex-

587 1724 719 1799 bibuisti
746 1748 808 1799 eos
834 1725 1046 1822 splendentes
1072 1730 1106 1799 in
1133 1727 1277 1800 saeculo.
1330 1729 1397 1800 Per
1423 1731 1593 1800 orationes
1620 1737 1655 1799 et
1679 1749 1800 1824 preces
1823 1750 1950 1816 eorum,

589 1845 681 1939 eripe
706 1863 769 1915 nos
796 1864 816 1913 a
841 1843 1076 1915 tentationibus
1105 1833 1268 1934 adv'ersis,
1296 1853 1330 1915 et
1354 1847 1388 1915 in
1403 1842 1572 1916 ordinibus
1589 1864 1704 1916 eorum
1722 1843 1852 1917 colloca
1866 1863 1950 1934 uos,

589 1961 664 2052 quia
692 1979 712 2028 a
736 1965 771 2028 te
796 1964 872 2028 sunt
897 1955 1002 2045 dona,
1029 1968 1063 2029 et
1086 1957 1272 2032 referemus
1298 1959 1355 2032 tibi
1382 1959 1542 2052 gloriam,
1569 1969 1632 2030 stc.

691 2071 850 2165 Papulas.
902 2072 1022 2145 Arnen.
1805 2169 1808 2172 .

691 2187 865 2259 Sacerdos
888 2187 1079 2260 inclinatas.
1132 2189 1299 2264 blemento
1326 2192 1468 2263 Domine
1489 2189 1714 2263 defunctorum
1729 2189 1873 2262 bdelium
1893 2192 1948 2285 qui

589 2315 623 2376 te
655 2303 829 2375 induemnt
859 2324 904 2374 cx
935 2301 1119 2399 baptismo:
1145 2311 1342 2400 praesertim
1367 2327 1452 2379 vcro
1478 2315 1617 2400 patrum,
1642 2304 1798 2393 nanum,
1834 2309 1948 2398 magi-

589 2431 798 2513 strorumque
822 2427 1023 2492 nostrorum.

691 2535 840 2606 Derane
870 2554 996 2606 ccccm.
1047 2535 1091 2607 Dt
1117 2535 1334 2632 deprecemur
1358 2547 1393 2610 te
1419 2537 1562 2610 Domine
1594 2537 1716 2608 multae
1749 2538 1947 2609 misericor-

590 2649 680 2740 diae,
707 2659 742 2722 ut
768 2650 929 2744 suscipias
956 2653 1081 2724 animas
1109 2675 1225 2725 eorum
1250 2658 1283 2724 in
1310 2652 1504 2726 habitaculis
1523 2652 1826 2748 lerosolymitanis,
1851 2653 1949 2723 sinu-

591 2789 654 2861 que
679 2765 942 2854 Abrahamitico;
968 2788 1078 2861 neque
1103 2776 1237 2864 reputes
1264 2769 1327 2840 illis
1363 2780 1501 2863 peecata
1533 2789 1619 2863 quae
1654 2769 1890 2840 commiserunt
1914 2768 1949 2836 in

588 2880 653 2954 boc
679 2880 813 2954 saeculo
839 2883 1062 2976 iniquitatibus
1089 2882 1205 2977 pleno,
1238 2887 1312 2979 quia
1347 2905 1391 2955 ne
1425 2882 1557 2978 quidem
1586 2904 1670 2954 unus
1704 2894 1757 2954 est
1791 2904 1838 2954 ex
1863 2883 1949 2953 natis

589 2996 774 3085 mulierum,
802 2999 856 3093 qui
881 3019 983 3094 purus
1009 3002 1052 3070 sit
1078 3020 1098 3069 a
1120 3003 1279 3093 peccatis,
1304 3009 1439 3095 praeter
1454 2998 1630 3072 Dominum
1644 2998 1751 3070 Deum
1764 3009 1800 3069 et
1820 2996 1951 3070 'ulva-
1979 3065 1984 3072 .

513 3129 522 3138 ·
589 3124 696 3186 torem
721 3121 868 3186 nestrum
893 3112 1008 3188 lesum
1036 3111 1212 3203 Christum,
1239 3136 1300 3211 per
1326 3102 1423 3210 quem
1449 3135 1512 3187 nos
1528 3116 1626 3185 etiam
1642 3132 1816 3208 speramus
1842 3116 1949 3187 mise-

588 3229 765 3309 ricordiam
781 3233 952 3323 consequi,
979 3239 1014 3302 et
1038 3232 1275 3304 remissionem·
1288 3239 1500 3324 peccatcmm
1523 3239 1660 3325 propter
1686 3252 1774 3320 enm,
1800 3238 1835 3299 et
1853 3227 1949 3300 nobis

589 3349 739 3443 stipsis.

691 3461 851 3555 Papulas.
905 3462 1057 3548 Quietem
1082 3471 1217 3557 praesta
1245 3472 1278 3533 et
1303 3464 1435 3533 veniam
1463 3459 1621 3533 concede.

674 3576 877 3674 Sacerdos.
928 3575 1098 3669 Extingue
1123 3577 1264 3651 Domine
1297 3590 1331 3650 et
1362 3581 1543 3672 comprime
1573 3579 1747 3673 passiones
1782 3582 1948 3668 peccato-

590 3715 680 3779 rum,
707 3712 793 3788 quae
817 3693 1002 3766 voluntarie
1028 3705 1085 3765 aut
1109 3694 1331 3767 involuntarie
1344 3716 1458 3768 coram
1473 3705 1506 3766 te
1526 3695 1761 3779 commisimus,
1788 3700 1822 3761 et
1842 3687 1949 3758 deduc

589 3829 652 3878 nos
679 3821 713 3881 et
739 3807 1092 3897 defunctos'nostros,
1125 3813 1158 3879 in
1191 3830 1330 3901 regnum
1365 3821 1452 3882 mum
1488 3807 1654 3895 coeleste,
1687 3816 1723 3877 ut
1754 3809 1788 3875 in
1817 3802 1882 3876 boc
1915 3803 1948 3871 in

591 3925 763 4014 omnibus,
790 3933 824 3996 at
849 3924 891 3996 ab
919 3923 1069 3996 omnibus
1096 3924 1246 3998 laudetur
1272 3938 1306 3999 et
1331 3925 1508 3997 extollatur
1532 3945 1652 3996 nomen
1683 3932 1771 3994 tuum
1804 3916 1947 4003 benedi-

590 4049 695 4129 ctum,
721 4062 784 4111 nec
809 4061 877 4112 non
901 4039 1035 4113 Domini
1060 4044 1165 4113 nostri
1190 4041 1271 4114 Jesu
1299 4038 1439 4132 Christi,
1465 4049 1499 4112 et
1524 4040 1665 4137 Spiritus
1690 4041 1738 4110 toi
1765 4038 1882 4110 sancti

506 4146 509 4154 ’
691 4155 850 4249 Populus.
902 4154 955 4228 Ut

691 4271 874 4344 Sacerdos.
926 4273 1000 4343 Pax
1026 4271 1207 4344 vobiscum.

690 4388 852 4482 Papulas.
902 4384 947 4459 Et
972 4410 1047 4459 cum
1072 4390 1187 4482 spiritu
1213 4397 1279 4458 tuo.

690 4503 872 4575 Sacerdos.
924 4501 1174 4575 Misericordiae
1200 4503 1264 4575 Dei
1290 4505 1364 4574 sint.

691 4619 851 4712 Papulas.
903 4615 947 4688 Et
973 4641 1047 4690 cum
1073 4622 1187 4714 spiritu
1214 4629 1278 4689 tuo.

691 4735 878 4808 Diaconos.
931 4733 1050 4807 lterum
1078 4744 1177 4829 atque
1203 4737 1329 4804 itemm.

614 4932 788 5014 Soberdoa
816 4943 949 5035 liranpri
983 4946 1017 5012 el
1047 4943 1161 5032 aipuat
1201 4937 1364 5009 Oblatam.
1417 4939 1502 5009 Mon
1533 4940 1617 5010 dicit
1650 4936 1847 5006 Orationem
1877 4932 1924 5003 ad

1142 5054 1244 5126 Pater
1269 5064 1394 5127 noster.

692 5214 784 5284 Dens
810 5212 911 5283 Pater
936 5219 1051 5282 sancte
1078 5211 1131 5304 qui
1156 5207 1285 5280 babilas
1311 5207 1417 5280 lucem
1444 5204 1726 5294 inaccessibilem,
1758 5205 1812 5305 cui
1844 5188 1946 5274 miniss

590 5338 695 5402 strant
726 5328 865 5422 Angeli:
904 5324 1024 5398 munda
1058 5336 1093 5397 et
1126 5322 1294 5399 sanctifica
1327 5323 1428 5397 corda
1460 5332 1594 5415 nostra,
1632 5331 1668 5393 nt
1702 5321 1947 5417 pronuntiemus
