5150 6534
585 802 635 875 oa
745 805 755 816 ·
958 800 1577 907 cassantur-oras

584 992 661 1076 test,
676 1003 747 1048 esse
770 986 928 1048 etiamnum
951 985 1168 1068 Hierosolymis
1190 986 1379 1050 Patriarohas
1401 987 1613 1069 Syrianorum,
1647 987 1706 1051 hoc
1727 996 1774 1051 est
1796 986 1958 1052 lacebita-

583 1102 659 1176 rum,
682 1082 893 1162 Armenorum,
916 1092 947 1147 et
969 1084 1115 1166 quosdam
1137 1084 1227 1147 alios:
1250 1085 1463 1168 Metropolitae
1484 1087 1527 1150 illi
1550 1094 1630 1164 sunt,
1653 1088 1704 1168 qui
1721 1087 1844 1152 honeris
1856 1088 1959 1169 ςηιιιι

583 1183 774 1246 Patriarclrae
799 1184 998 1265 appellantur,
1021 1185 1101 1266 quod
1124 1202 1159 1247 re
1182 1203 1257 1248 vcra
1279 1202 1340 1247 non
1362 1194 1443 1248 suut.

294 1271 405 1373 F⁰¹¹¹¹ff⁶
426 1272 570 1342 bipucbo-
669 1283 777 1345 Forma
799 1283 1015 1364 Diptychorum
1037 1281 1142 1346 eadem
1165 1292 1211 1346 est
1226 1286 1257 1346 in
1272 1286 1409 1347 onmibus
1424 1284 1571 1348 Ecclesiis
1595 1284 1808 1360 Orientalibus,
1831 1293 1863 1347 et
1884 1286 1958 1366 qui-

283 1374 316 1411 ¹¹¹¹
335 1375 432 1415 vanae.
583 1380 662 1459 dem,
687 1390 718 1444 ut
741 1383 872 1445 inedita
895 1384 1002 1445 lacobi
1023 1383 1171 1465 Liturgia‚
1193 1391 1224 1446 et
1253 1385 1407 1466 plerisque
1430 1384 1504 1447 llss.
1527 1383 1726 1461 observatur,
1754 1401 1816 1446 uno
1846 1393 1957 1449 tenore

583 1480 794 1544 describuntur
815 1500 935 1562 preces,
960 1501 1035 1563 quas
1049 1482 1197 1546 Sacerdos
1220 1482 1292 1545 dicit
1314 1502 1371 1564 pro
1391 1482 1540 1562 Ecclesia,
1564 1502 1620 1564 pro
1644 1483 1816 1564 Episcopis,
1841 1481 1957 1546 Sacer-

582 1579 700 1642 dotibus
725 1588 755 1642 et
779 1580 879 1658 Cloro,
903 1590 965 1644 turn
987 1600 1043 1663 pro
1067 1582 1143 1644 aliis.
1186 1582 1228 1644 At
1254 1600 1316 1645 non
1339 1582 1422 1645 solus
1446 1581 1599 1647 Sacerdos
1622 1590 1703 1646 orat:
1732 1581 1863 1663 populus
1886 1600 1956 1646 mo-

581 1686 669 1741 netur
692 1698 709 1741 a
730 1679 877 1758 Diacono,
899 1688 932 1743 ut
954 1699 1010 1762 pro
1033 1662 1140 1743 iisdem
1169 1688 1254 1759 oret,
1288 1700 1365 1762 quos
1397 1682 1462 1762 ipse
1491 1684 1638 1745 nominat:
1669 1690 1716 1759 et,
1750 1689 1783 1743 ιιι
1812 1680 1957 1743 observat

581 1776 738 1856 Barsalibi,
761 1779 833 1841 nihil
856 1779 935 1841 aliud
958 1800 974 1842 a
997 1781 1110 1861 populo
1133 1781 1243 1842 dicitur
1264 1782 1332 1858 nisi,
1346 1782 1441 1863 llyrie
1455 1782 1576 1843 eleison
1601 1780 1718 1843 Graeca
1740 1779 1791 1843 vel
1813 1778 1955 1861 Syrisce:

581 1876 720 1957 huncque
744 1879 878 1942 ordinem
903 1880 1124 1942 observandum
1147 1880 1197 1941 ait.
1248 1880 1313 1942 Pro
1334 1880 1526 1956 Pectoribus,
1548 1879 1765 1942 Sacerdotibus
1786 1878 1957 1955 Eccleuee

582 1976 774 2058 omnibusque
796 1981 861 2057 ejus
881 1977 1046 2040 Ordinibus
1052 2000 1065 2051 ;
1094 1978 1158 2040 Pro
1179 1978 1313 2058 Rupibus
1343 1988 1400 2040 etc.
1430 1987 1490 2041 tum
1520 1979 1668 2041 Memoria
1695 1977 1858 2040 Genitrieis
1886 1977 1956 2056 bet,

582 2074 804 2155 Apostolorum,
827 2078 1009 2160 Martyrum,
1031 2078 1168 2152 Petrum,
1190 2077 1373 2142 Doctorum:
1403 2081 1524 2141 taudem
1545 2077 1651 2140 Oretio
1669 2096 1729 2157 pru
1750 2078 1885 2141 mure.
1921 2076 1956 2140 ld

583 2193 659 2236 vero
682 2194 742 2238 non
765 2195 825 2240 uno
856 2176 1023 2257 eodemque
1052 2177 1141 2239 modo
1171 2177 1289 2239 solebat
1319 2178 1402 2255 ficri,
1433 2176 1487 2240 sed
1518 2175 1678 2257 aliquando
1708 2174 1956 2256 producebantur

583 2291 694 2353 preces
716 2294 772 2356 pro
794 2278 886 2340 variis
909 2278 1048 2357 personis
1071 2285 1102 2339 et
1123 2275 1226 2353 rebus,
1249 2285 1281 2338 ιιι
1304 2279 1333 2338 in
1357 2277 1491 2358 Copticis
1514 2276 1657 2357 Liturgiis
1680 2274 1847 2337 observare
1869 2275 1956 2338 licet:

584 2374 640 2435 sed
662 2375 791 2455 populus
814 2377 885 2438 nihil
909 2395 1028 2456 quoquo
1046 2376 1172 2456 Coptico
1191 2377 1252 2437 ritu
1273 2376 1355 2453 dicit,
1377 2376 1539 2458 nisiliprie
1560 2376 1682 2438 eleison.
1706 2372 1831 2436 Oiaconi
1854 2381 1956 2436 autem

584 2471 831 2537 denunciationos
854 2477 891 2538 ad
913 2477 1060 2540 orandum
1082 2477 1217 2557 integras
1246 2483 1455 2555 repraesentat
1482 2474 1559 2536 liber
1581 2473 1747 2536 llinisterii.
1791 2472 1824 2534 lu
1846 2470 1954 2551 prima.

584 2571 648 2633 Pro
669 2572 826 2636 Ecclesiae
847 2576 1037 2638 Pectoribus.
1060 2574 1202 2636 Benedic.
1226 2573 1352 2636 Oremue
1373 2584 1403 2636 et
1424 2577 1618 2653 deprecemur
1635 2572 1795 2633 Dominum
1816 2569 1957 2632 etDeuus

583 2679 719 2733 rrostrum
739 2675 772 2735 iu
794 2682 924 2753 tempore
944 2676 1014 2750 iste,
1035 2693 1156 2753 rnepuo,
1180 2673 1310 2735 terribili
1332 2682 1361 2735 et
1383 2680 1499 2748 senocto,
1518 2691 1579 2751 pro
1593 2670 1739 2732 Patribus
1760 2676 1790 2730 et
1810 2668 1957 2732 Recteri-
1984 2744 1987 2752 Ι

585 2770 640 2832 bus
662 2772 714 2850 qui
733 2772 822 2833 bodie
843 2772 931 2834 uobis
949 2780 1113 2852 preerunt,
1144 2780 1198 2834 etc.
1222 2772 1504 2853 respondeturquo,
1532 2770 1626 2852 lr'yrie
1655 2770 1776 2831 eebor.
1827 2766 1958 2848 Reliqua

585 2870 702 2932 adhoc
725 2879 932 2954 argumentum
954 2873 1132 2952 spectantia,
1156 2871 1234 2933 dicta
1257 2878 1327 2933 sunt
1349 2871 1417 2934 loco
1440 2871 1541 2945 citato,
1564 2876 1654 2949 atquc
1677 2868 1756 2930 inter
1778 2867 1847 2944 alia,
1873 2883 1958 2945 que-

584 2970 672 3032 modo
694 2973 838 3035 orandum
861 2973 969 3035 doceat
991 2973 1148 3048 liarsalibi,
1171 2983 1234 3053 pro‘
1250 2970 1384 3053 Regibus
1407 2986 1468 3030 nou
1490 2967 1579 3030 modo
1602 2966 1740 3029 fidelibus
1763 2984 1804 3027 ex
1824 2962 1961 3032 laetebi-¹

585 3078 681 3132 tarum
703 3073 856 3152 opinione,
878 3072 933 3134 sed
956 3075 1044 3136 etiam
1066 3073 1142 3151 aliis,
1166 3070 1247 3153 quod
1277 3078 1376 3132 tamen
1405 3086 1467 3131 nou
1493 3067 1606 3129 iaciunt
1633 3064 1823 3143 Nestoriani,
1853 3070 1887 3126 ut
1916 3061 1959 3126 sd

585 3188 689 3233 corum
709 3171 874 3253 Liturgiam
896 3173 1134 3236 observabimus.

671 3270 1058 3351 DiptvcbaxOrientalium,
1092 3272 1204 3332 nullam
1237 3289 1305 3332 cum
1331 3266 1456 3328 Litaniis
1486 3264 1598 3327 nostris
1628 3262 1742 3325 habere
1772 3262 1959 3341 affinitatem,

342 3374 348 3386 '
446 3412 453 3425 ·
523 3433 527 3440 ,
586 3370 666 3450 quod
688 3370 822 3451 losepho
845 3373 1001 3454 Scaligero
1023 3371 1120 3432 visum
1142 3371 1244 3432 luerat
1263 3370 1344 3430 circa
1366 3385 1403 3429 ea
1426 3383 1503 3444 quae
1527 3362 1661 3443 Copticis
1683 3362 1827 3445 Liturgiis
1851 3361 1959 3423 conti-

584 3477 707 3530 nentur:
731 3470 761 3530 in
784 3470 864 3532 notis
887 3470 924 3531 ad
946 3471 1028 3531 illum
1050 3471 1148 3531 locum
1172 3469 1367 3545 ostendimus,
1391 3482 1489 3546 nequo
1512 3462 1599 3525 aliter
1622 3468 1669 3524 est
1691 3460 1730 3522 de
1747 3460 1880 3540 Syriacis
1899 3459 1960 3539 ju-

586 3567 757 3629 dicandum:
781 3570 936 3647 utriusque
961 3570 1037 3630 enim
1053 3570 1127 3630 ritus
1140 3568 1322 3649 Aegyptiaci
1347 3575 1376 3628 et
1388 3565 1514 3645 Syriaci,
1537 3566 1596 3624 imo
1618 3568 1650 3623 et
1673 3560 1799 3623 aliorum
1823 3559 1959 3621 omnium

587 3665 780 3727 Orientalium
804 3686 859 3747 par
881 3669 1002 3730 omnino
1025 3668 1182 3748 disciplina
1205 3675 1261 3731 est.

333 3954 363 4008 Ρ.
381 3957 425 4008 35.
983 3945 1322 4017 Com-ruereorelioues
1348 3941 1560 4012 Sanctorum.

305 4175 437 4230 invocatio
464 4177 573 4230 Sancto-
694 4154 729 4230 ln
752 4169 807 4228 ista
820 4166 972 4246 Liturgiae
996 4174 1083 4247 parte
1097 4167 1305 4248 gravissimum
1329 4172 1375 4225 est
1388 4161 1594 4223 Ecclesiarum
1607 4156 1802 4219 Orientalium
1821 4154 1859 4217 de
1873 4152 1960 4217 Sun-

283 4278 328 4317 lm·
588 4276 704 4338 ctornm
727 4268 917 4329 invocatione
933 4266 1142 4343 testimonium,
1165 4266 1244 4346 quod
1268 4266 1298 4326 in
1320 4263 1408 4325 nullis
1431 4262 1645 4340 cujuscumque
1667 4257 1742 4317 ritus
1765 4262 1816 4316 aut
1830 4253 1959 4335 linguae

586 4369 688 4431 officiis
712 4367 908 4429 desideratur.
953 4365 986 4426 ln
1008 4365 1058 4426 illa
1081 4367 1172 4448 igitur
1193 4363 1265 4425 nihil
1288 4381 1415 4437 novum,
1444 4359 1516 4420 nihil
1539 4377 1557 4419 a
1578 4357 1711 4419 Romana
1733 4354 1871 4416 Ecclesia
1895 4352 1959 4417 illis

586 4470 779 4544 insinuatum,
802 4463 943 4546 quidquid
966 4464 1004 4525 do
1027 4464 1084 4525 hoc
1098 4470 1287 4544 argumento,
1312 4460 1448 4541 imperite
1462 4475 1522 4519 non
1536 4459 1644 4534 minus,
1667 4473 1756 4536 quam
1768 4451 1958 4515 calumniose

587 4568 811 4631 Reformatorcs
835 4564 1076 4626 declamaveriut.
1122 4563 1302 4625 invocantur
1333 4568 1431 4622 autem
1460 4557 1579 4654 Sancti,
1610 4556 1661 4635 qui
1683 4554 1722 4617 ab
1744 4553 1827 4615 initio
1851 4550 1958 4613 mundi

586 4668 652 4730 Deo
675 4668 868 4748 placuerunt,
893 4681 952 4724 non
975 4671 1007 4723 ut
1029 4662 1125 4723 bonor
1148 4680 1307 4743 supremus
1330 4659 1461 4722 creatori
1483 4655 1540 4719 soli
1563 4654 1698 4731 debitus,
1720 4654 1876 4729 minuatur,
1902 4656 1958 4712 aut

588 4767 735 4828 cumillis
758 4762 1006 4827 communicetur:
1031 4762 1086 4823 sod
1108 4769 1140 4823 ut
1162 4780 1267 4824 corum
1288 4759 1431 4840 precibus
1454 4754 1600 4817 bcnelicia
1622 4754 1828 4829 obtineantur,
1851 4768 1869 4811 a
1892 4748 1956 4812 bo·

587 4885 694 4928 norum
717 4866 845 4926 omnium
868 4862 950 4924 sonte
974 4867 1003 4922 et
1026 4860 1188 4943 largitore,
1213 4880 1229 4922 a
1253 4880 1313 4940 quo
1337 4876 1423 4920 omno
1447 4856 1546 4917 datum
1569 4854 1710 4933 optimum
1733 4859 1763 4913 et
1781 4867 1868 4912 omne
1892 4848 1958 4911 do-

588 4984 658 5026 num
681 4963 848 5045 perlectum
871 4961 1028 5024 desursum
1051 4979 1137 5037 csso,
1160 4967 1191 5022 ct
1214 4959 1401 5022 descendero
1425 4974 1442 5017 u
1464 4962 1550 5035 patre
1572 4952 1724 5029 luminum,
1747 4970 1787 5013 ox
1801 4949 1975 5028 scriptura·

589 5071 767 5145 agnoscunt.
811 5062 845 5124 lu
867 5079 970 5122 eormn
994 5076 1113 5141 quoque
1134 5059 1238 5121 laudes
1262 5059 1365 5135 cllusi,
1388 5057 1515 5135 hymnos
1530 5053 1640 5115 babent
1660 5049 1850 5132 multiplices,
1873 5064 1957 5128 quos

588 5166 618 5225 in
641 5164 817 5227 Sanctorum
840 5160 1050 5223 festivitatibus
1073 5176 1184 5219 canere
1205 5158 1317 5220 solent:
1349 5173 1409 5217 non
1438 5155 1558 5234 quidem
1591 5154 1621 5214 in
1650 5151 1802 5234 Liturgia,
1831 5147 1887 5212 sed
1923 5147 1957 5209 iu

590 5264 655 5325 aliis
679 5262 797 5325 Olllciis.
841 5260 930 5324 Tales
952 5259 1060 5322 multos
1089 5259 1222 5320 continet
1249 5258 1319 5320 Beit
1340 5257 1441 5331 Gaze,
1471 5255 1537 5316 sivo
1568 5253 1755 5330 lbeseurru,
1787 5244 1866 5329 apud
1897 5246 1957 5310 Ja-
