5150 6534
904 821 1132 927 ulturum
1157 822 1360 899 Jolhvls
1387 824 1682 903 BASORENSIS.
1905 830 1977 904 421

610 1005 755 1078 inclinati
781 1011 907 1099 gratias
935 1010 1074 1100 agimus,
1101 1019 1134 1080 et
1160 1031 1220 1105 pcr
1248 1033 1321 1081 eam
1350 1014 1466 1105 capitis
1494 1012 1729 1085 demissionem
1750 1015 1979 1111 deprecamur,

611 1131 647 1193 ut
679 1121 831 1195 demittas
865 1146 965 1219 super
996 1147 1059 1196 nos
1095 1125 1268 1198 dexteram
1302 1135 1390 1196 tuam
1434 1128 1648 1216 invisibilem,
1692 1140 1725 1201 et
1761 1130 1882 1203 elicias
1916 1154 1979 1202 nos

611 1237 733 1333 templa
760 1240 902 1333 Spiritus
929 1244 975 1311 tui
1003 1244 1119 1327 sancti,
1148 1241 1411 1336 quandoquidem
1438 1267 1511 1314 cum
1539 1243 1602 1314 hde
1636 1257 1669 1317 et
1696 1250 1837 1317 veritate
1865 1246 1979 1337 glori-

611 1353 747 1425 ficamus
772 1377 894 1427 nomen
922 1366 1022 1444 tuum,
1049 1359 1160 1445 Pater,
1188 1368 1220 1428 et
1242 1355 1318 1446 Filii
1347 1361 1391 1429 tui
1415 1362 1582 1451 unigeniti,
1610 1371 1645 1432 et
1659 1361 1800 1457 Spiritus
1828 1366 1872 1433 tui
1894 1385 1978 1434 san-

612 1474 758 1543 ctissimi.

715 1586 875 1680 Populus.
928 1589 1047 1659 Amen.

938 1863 1113 1936 Sacerdos
1139 1863 1223 1933 dicit
1252 1863 1449 1932 Orationem
1476 1864 1522 1932 ad
1547 1863 1662 1934 celant.

715 2052 856 2126 Creator
883 2063 1107 2124 creaturarum
1129 2051 1308 2123 visibilium
1335 2063 1368 2122 et
1384 2051 1606 2138 invisibilium,
1635 2064 1668 2123 et
1695 2076 1806 2123 curam
1834 2057 1977 2124 omnium

608 2188 744 2259 gerens,
772 2173 846 2263 quia
874 2177 927 2238 tua
955 2179 1046 2239 sunt:
1071 2170 1213 2240 Domine
1241 2178 1368 2237 aruator
1396 2171 1585 2239 animarum.
1632 2168 1790 2256 Domine,
1819 2173 1976 2264 omnipo-

605 2293 682 2354 tens
709 2295 743 2357 tu
770 2308 821 2376 es,
849 2293 882 2356 et
908 2307 974 2375 ego
1001 2307 1129 2379 pauper
1156 2295 1189 2355 et
1217 2284 1343 2354 inhmus
1370 2287 1518 2354 minister
1534 2294 1620 2369 tuus,
1647 2283 1802 2375 indignus
1831 2289 1886 2379 qui
1913 2309 1976 2356 ac-

606 2397 724 2471 cedam
751 2401 792 2471 ad
819 2409 934 2473 sancta
961 2409 1149 2471 sanctorum
1177 2408 1244 2484 tua,
1271 2411 1305 2469 ct
1333 2409 1469 2469 tractem
1488 2401 1681 2493 mysterium
1707 2398 1772 2474 hoc
1800 2413 1886 2472 tuum
1913 2425 1976 2473 sa-

607 2516 789 2588 cerdotale.
844 2517 995 2589 Obsecro
1032 2528 1066 2586 ut
1094 2515 1153 2586 des
1186 2513 1261 2584 mihi
1295 2516 1450 2609 Spiritum
1487 2526 1574 2585 tuum
1612 2526 1778 2604 sanctum,
1816 2523 1975 2590 materiae

608 2642 800 2732 expertem,
827 2655 934 2726 neque
967 2630 1108 2702 humana
1144 2640 1252 2701 mente
1289 2628 1639 2726 comprehensibilem:
1667 2635 1778 2723 iguem
1805 2632 1894 2705 illum
1922 2638 1976 2729 qui

607 2771 739 2821 omnem
771 2750 938 2822 libidinem
975 2748 1124 2843 depellit,
1158 2759 1191 2819 et
1232 2752 1486 2840 imaginationes
1521 2770 1702 2843 perversas
1744 2748 1904 2837 incendit,
1944 2760 1977 2819 et

605 2866 793 2956 mortificat,
821 2890 866 2937 ex
892 2863 1048 2937 membris
1076 2862 1289 2936 terrestribus
1317 2863 1478 2935 humanae
1506 2867 1624 2934 carnis.
1678 2864 1843 2936 Cocrceat
1876 2870 1975 2938 etiam

606 3003 739 3053 omnem
765 2982 1039 3054 inordinationem
1066 2984 1184 3052 mentis
1212 3002 1295 3071 erga
1322 2980 1511 3075 phantasias
1541 2982 1734 3075 passionum
1762 2985 1975 3053 exteriorum.

604 3096 753 3194 Mystico
778 3102 877 3169 etiam
905 3108 1003 3191 atque
1030 3095 1230 3178 sacerdotali
1246 3095 1396 3187 dignitati
1412 3099 1664 3185 convenienter,
1682 3105 1714 3166 ct
1730 3118 1829 3191 supra
1845 3120 1975 3168 omnem

604 3216 724 3287 mentis
751 3212 897 3286 mortalis
931 3223 1073 3307 captum,
1102 3211 1228 3283 habitet
1261 3215 1295 3281 in
1328 3234 1382 3282 mc
1410 3210 1579 3305 plenitudo
1613 3212 1899 3299 sanctificationis,
1934 3212 1976 3282 ad

603 3327 843 3425 perlectionem
872 3328 949 3400 doni
975 3327 1069 3420 hujus
1098 3328 1267 3422 propositi.
1304 3328 1381 3421 lpse
1398 3331 1453 3421 qui
1480 3338 1532 3398 est
1558 3337 1803 3400 consummator
1831 3331 1973 3399 omnium

604 3447 858 3540 mysteriomm
890 3465 949 3538 per
981 3445 1310 3514 communicationem
1347 3443 1469 3514 Christi
1502 3445 1566 3530 tui,
1608 3465 1670 3538 per
1703 3466 1800 3537 quom
1835 3455 1868 3515 et
1900 3466 1972 3514 cum

605 3581 671 3654 quo
698 3568 732 3630 tc
759 3559 856 3632 decet
882 3559 1008 3652 gloria,
1040 3558 1207 3632 honoret
1240 3562 1431 3656 imperium,
1467 3582 1541 3631 cum
1576 3559 1700 3653 Spiritu
1734 3569 1789 3630 tuo
1824 3564 1973 3631 sanctis-

604 3676 702 3748 simo.

708 3791 869 3886 Populus.
922 3792 1041 3863 Amen.

709 3909 895 3980 Diacoaus.
949 3908 1091 3978 Stemus

709 4022 868 4116 Popalas.
922 4020 1174 4096 lllisericohdiae
1200 4022 1273 4109 Dei,
1302 4034 1364 4093 etc.

708 4138 891 4211 Sacerdos.
945 4138 1087 4212 Caritas.

708 4254 868 4347 Populus.
920 4255 1063 4326 Etcum
1092 4256 1205 4348 spiritu
1234 4263 1316 4337 tuo⁸¹

668 4427 683 4442 ,
705 4369 887 4444 Sacerdos.
942 4372 1079 4442 Sursum
1107 4369 1220 4441 corda.

705 4485 866 4579 Populus.
920 4485 1089 4559 Habemus
1117 4485 1158 4556 ad
1185 4486 1371 4555 Dominum.

705 4601 887 4675 Sacerdos.
942 4604 1072 4675 Gratias
1101 4625 1238 4694 agamus
1266 4602 1350 4672 Deo.

704 4717 864 4811 Populus.
919 4722 1062 4811 Dignum
1090 4728 1123 4789 et
1146 4720 1268 4809 justum
1297 4728 1358 4789 est.

704 4832 878 4907 Sacerdos
904 4837 1094 4906 inclinatas.
1147 4834 1238 4904 Vere
1266 4833 1399 4924 dignum
1427 4842 1461 4903 et
1489 4835 1612 4925 justum
1647 4842 1698 4904 est
1734 4841 1767 4902 et
1802 4827 1843 4899 ab
1878 4833 1967 4899 onrni

600 4959 752 5023 creatura
779 4955 903 5046 pariter
930 4950 1090 5037 debitum,
1124 4959 1158 5020 ut
1190 4959 1223 5020 te
1255 4948 1495 5040 glorificemus,
1529 4959 1562 5019 te
1596 4947 1831 5020 benedicamus
1866 4954 1899 5016 ct
1934 4947 1966 5015 iu

599 5075 761 5162 perpetua
800 5067 841 5138 ad
882 5079 914 5140 te
947 5070 1129 5159 gratiarum
1163 5067 1294 5147 actione
1329 5087 1602 5159 perseveremus,
1637 5074 1792 5158 tanquam
1826 5062 1965 5131 virtutes

599 5180 678 5254 illae
709 5182 949 5275 intelligdriles‚
991 5192 1195 5274 naturaeque
1230 5179 1306 5263 illae
1340 5185 1579 5277 incorporeae,
1619 5177 1842 5275 pulcritudinis
1879 5197 1965 5271 quac

597 5298 796 5371 mundanam
823 5300 972 5371 excedit:
1005 5297 1156 5370 llammae
1182 5318 1250 5367 non
1278 5302 1505 5395 compositae,
1539 5300 1672 5394 spiritus
1701 5297 1859 5367 materiae
1895 5315 1964 5363 ex-

1685 5412 1760 5486 50*
