5150 6534
979 1271 1599 1507 emonem
1721 1559 1724 1566 .

736 1657 1119 1777 DIDNYSII
1170 1658 1552 1778 EPISCOPI
1605 1659 1831 1807 Abin,

1065 1898 1142 1987 QUI
1167 1898 1222 1974 ΕΤ
1247 1897 1505 1976 BARSALIBI.

997 2187 1148 2257 Primam
1176 2190 1291 2258 oratio
1319 2193 1400 2258 onte
1426 2181 1577 2259 Pacem(

677 2380 910 2498 Caniniano,
937 2418 971 2480 et
1000 2411 1229 2501 concordiam,
1255 2410 1590 2506 tranquillitatemque
1615 2409 1809 2506 perfectam
1828 2409 1872 2484 da
1899 2435 1968 2485 no-

596 2528 662 2618 his,
687 2528 843 2615 Domine,
869 2525 933 2597 hoc
959 2534 1121 2622 tempore,
1149 2537 1182 2599 et
1208 2528 1361 2602 omuibus
1388 2525 1505 2600 diebus
1531 2530 1624 2600 vitae
1649 2536 1807 2614 nostrae,
1844 2537 1879 2599 et
1904 2552 1967 2600 re-

596 2643 744 2717 feremus
771 2643 829 2715 tibi
855 2642 1009 2734 gloriam,
1036 2653 1071 2714 et
1095 2643 1237 2715 laudem.

701 2759 863 2853 Popotm.
916 2758 1036 2829 Amen.

700 2876 889 2948 Diaconos.
941 2875 1027 2946 Date
1052 2896 1182 2969 pacem.

702 2992 864 3085 Populos.
916 2992 1055 3062 Praesta
1082 2987 1190 3076 nobis,
1218 2998 1281 3061 eto.

699 3107 884 3179 Sacerdos.
936 3105 981 3177 Et
1006 3104 1158 3178 omnibns
1188 3103 1331 3176 benedic
1356 3104 1642 3180 benedictionibus
1668 3108 1732 3180 tuis
1757 3108 1966 3181 inamissibi-

596 3225 699 3316 libus3
735 3235 769 3297 et
802 3245 867 3294 nos
894 3222 1015 3315 dignos
1044 3219 1099 3292 fao
1125 3220 1317 3316 perficiendi
1352 3221 1555 3293 voluntatem
1591 3231 1700 3314 mam,
1736 3233 1770 3294 et
1804 3227 1964 3318 unigeniti

433 3398 441 3406 .
594 3341 669 3414 Filii
691 3344 748 3429 tni,
776 3351 810 3412 et
835 3339 978 3435 Spiritus
1005 3340 1051 3408 tui
1077 3339 1162 3427 vivi,
1189 3345 1222 3408 et
1248 3339 1364 3409 sancti.

699 3456 861 3550 Populus.
914 3454 1035 3529 Amen.

699 3570 883 3642 Sacerdos.
937 3569 981 3641 iit
1006 3572 1167 3665 impuram
1200 3590 1331 3641 omnem
1365 3570 1601 3661 cogitationem
1638 3591 1659 3639 a
1690 3566 1789 3644 nobis
1824 3570 1964 3666 depelle,

593 3710 656 3785 per
682 3687 876 3759 sacrificium
905 3684 969 3757 hoc
995 3686 1085 3779 quod
1118 3685 1284 3757 oderimus
1316 3684 1374 3757 tibi
1399 3687 1559 3757 Domine:
1594 3708 1657 3782 per
1687 3686 1766 3758 illud
1793 3688 1964 3759 sanctifica

596 3826 741 3898 corpora
768 3812 892 3890 nostra,
920 3811 954 3871 et
979 3799 1105 3872 illustra
1133 3803 1259 3873 animas
1286 3810 1432 3890 nostrae,
1465 3810 1498 3873 et
1523 3799 1709 3874 referemus
1735 3803 1797 3876 tibi
1822 3802 1963 3893 landem,

595 3929 630 3990 et
655 3921 835 4011 gratiarum
862 3920 1036 3988 actionem.

699 4034 860 4127 Populos.
913 4036 1032 4106 Amen.

698 4150 886 4221 Diaconos.
938 4148 1026 4220 Date
1056 4171 1185 4243 pacem.

698 4265 883 4336 Sacerdos.
938 4263 1081 4354 Caritas,
1109 4275 1171 4336 ete.

699 4380 861 4473 Populos.
913 4380 1032 4451 Amen.

698 4497 882 4568 Sacerdos.
934 4496 1072 4568 Sursum
1098 4496 1212 4569 eorda.

700 4613 861 4708 Populos.
915 4611 1082 4684 Habemus
1110 4613 1152 4682 ad
1178 4614 1365 4684 Dominum.

697 4730 881 4802 Sacerdos.
935 4726 1067 4800 Gratias
1096 4750 1234 4819 agamus
1261 4730 1416 4800 Domino.

698 4847 859 4940 Populos.
903 4844 1048 4936 Dignum
1075 4856 1109 4916 et
1131 4837 1253 4935 justum
1281 4854 1342 4916 est.

698 4960 873 5033 Sacerdos
909 4961 1099 5030 inclinatos.
1152 4961 1298 5052 Dignum
1335 4971 1369 5031 et
1400 4961 1522 5049 justum
1549 4967 1619 5048 est,
1649 4968 1685 5029 nt
1717 4955 1903 5045 laudemus,
1929 4966 1962 5027 et

594 5079 720 5168 gratias
748 5098 886 5168 agamus
913 5077 1015 5164 Patri,
1043 5086 1076 5146 et
1102 5075 1198 5162 Filio,
1227 5086 1261 5145 et
1286 5075 1422 5171 Spiritui
1450 5082 1576 5145 sancto.

697 5191 847 5263 diceano
873 5215 996 5263 nocem.
1049 5190 1178 5262 Etcum
1195 5189 1336 5263 millibus
1362 5189 1509 5280 millium,
1535 5200 1568 5260 et
1593 5188 1799 5285 myriadibus
1825 5191 1960 5287 myria-

595 5306 672 5379 dum
697 5310 871 5399 igneomm
899 5302 1095 5405 qui'coram
1121 5316 1154 5379 te
1181 5309 1376 5398 consistunt,
1404 5318 1437 5378 et
1465 5315 1497 5378 te
1524 5308 1597 5381 sine
1622 5305 1868 5379 intermissione
1895 5326 1960 5375 ce-
