<?xml version="1.0" encoding="UTF-8"?>
<!DOCTYPE html PUBLIC "-//W3C//DTD XHTML 1.0 Transitional//EN"
    "http://www.w3.org/TR/xhtml1/DTD/xhtml1-transitional.dtd">
<html xmlns="http://www.w3.org/1999/xhtml" xml:lang="en" lang="en">
 <head>
  <title>
</title>
<meta http-equiv="Content-Type" content="text/html;charset=utf-8" />
  <meta name='ocr-system' content='tesseract 3.04.00' />
  <meta name='ocr-capabilities' content='ocr_page ocr_carea ocr_par ocr_line ocrx_word'/>
</head>
<body>
  <div class='ocr_page' id='page_1' title='image "./liturgiarumorie00renagoog_0581.png"; bbox 0 0 5150 6534; ppageno 0'>
   <div class='ocr_carea' id='block_1_1' title="bbox 724 840 1887 922">
    <p class='ocr_par' dir='ltr' id='par_1_1' title="bbox 724 840 1887 922">
     <span class='ocr_line' id='line_1_1' title="bbox 724 840 1887 922; baseline -0.005 -2"><span class='ocrx_word' id='word_1_1' title='bbox 724 843 903 922; x_wconf 76' lang='lat' dir='ltr'><strong>tilulum</strong></span> <span class='ocrx_word' id='word_1_2' title='bbox 928 843 1064 920; x_wconf 84' lang='lat' dir='ltr'><strong>BASILlI</strong></span> <span class='ocrx_word' id='word_1_3' title='bbox 1089 844 1139 919; x_wconf 85' lang='lat' dir='ltr'><strong>EX</strong></span> <span class='ocrx_word' id='word_1_4' title='bbox 1164 842 1349 919; x_wconf 77' lang='lat' dir='ltr'><strong>tunulum:</strong></span> <span class='ocrx_word' id='word_1_5' title='bbox 1373 844 1549 919; x_wconf 77' lang='lat' dir='ltr'><strong>anomia</strong></span> <span class='ocrx_word' id='word_1_6' title='bbox 1576 842 1691 918; x_wconf 74' lang='lat' dir='ltr'><strong>ursit.</strong></span> <span class='ocrx_word' id='word_1_7' title='bbox 1812 840 1887 915; x_wconf 81' lang='lat'><strong>543</strong></span> 
     </span>
    </p>
   </div>
   <div class='ocr_carea' id='block_1_2' title="bbox 508 1024 1943 1701">
    <p class='ocr_par' dir='ltr' id='par_1_2' title="bbox 508 1024 1943 1701">
     <span class='ocr_line' id='line_1_2' title="bbox 518 1024 1887 1112; baseline -0.002 -22"><span class='ocrx_word' id='word_1_8' title='bbox 518 1029 613 1112; x_wconf 81' lang='lat' dir='ltr'><strong>vulgo</strong></span> <span class='ocrx_word' id='word_1_9' title='bbox 637 1027 856 1108; x_wconf 75' lang='lat' dir='ltr'>appellabatur,</span> <span class='ocrx_word' id='word_1_10' title='bbox 880 1026 970 1106; x_wconf 83' lang='lat' dir='ltr'><strong>idque</strong></span> <span class='ocrx_word' id='word_1_11' title='bbox 993 1047 1034 1089; x_wconf 88' lang='lat' dir='ltr'><strong>ex</strong></span> <span class='ocrx_word' id='word_1_12' title='bbox 1062 1027 1158 1088; x_wconf 89' lang='lat' dir='ltr'><strong>veteri</strong></span> <span class='ocrx_word' id='word_1_13' title='bbox 1188 1027 1333 1089; x_wconf 90' lang='lat' dir='ltr'><strong>instituto.</strong></span> <span class='ocrx_word' id='word_1_14' title='bbox 1385 1026 1535 1106; x_wconf 83' lang='lat' dir='ltr'>Quidquid</span> <span class='ocrx_word' id='word_1_15' title='bbox 1564 1027 1656 1109; x_wconf 86' lang='lat' dir='ltr'><strong>igitur</strong></span> <span class='ocrx_word' id='word_1_16' title='bbox 1687 1024 1725 1086; x_wconf 91' lang='lat' dir='ltr'><strong>ad</strong></span> <span class='ocrx_word' id='word_1_17' title='bbox 1756 1024 1887 1087; x_wconf 74' lang='lat' dir='ltr'>Orientis</span> 
     </span>
     <span class='ocr_line' id='line_1_3' title="bbox 517 1118 1943 1208; baseline -0.003 -18"><span class='ocrx_word' id='word_1_18' title='bbox 517 1126 636 1190; x_wconf 89' lang='lat' dir='ltr'><strong>laudem</strong></span> <span class='ocrx_word' id='word_1_19' title='bbox 658 1127 792 1208; x_wconf 85' lang='lat' dir='ltr'><strong>Ignatius</strong></span> <span class='ocrx_word' id='word_1_20' title='bbox 817 1125 958 1189; x_wconf 79' lang='lat' dir='ltr'><strong>conferre</strong></span> <span class='ocrx_word' id='word_1_21' title='bbox 981 1126 1086 1206; x_wconf 91' lang='lat' dir='ltr'><strong>potuit,</strong></span> <span class='ocrx_word' id='word_1_22' title='bbox 1108 1125 1259 1206; x_wconf 78' lang='lat' dir='ltr'><strong>expressit</strong></span> <span class='ocrx_word' id='word_1_23' title='bbox 1282 1125 1340 1186; x_wconf 86' lang='lat' dir='ltr'><strong>hac</strong></span> <span class='ocrx_word' id='word_1_24' title='bbox 1356 1127 1499 1188; x_wconf 91' lang='lat' dir='ltr'><strong>oratione.</strong></span> <span class='ocrx_word' id='word_1_25' title='bbox 1533 1126 1700 1193; x_wconf 49' lang='lat' dir='ltr'><strong>Paradisus.</strong></span> <span class='ocrx_word' id='word_1_26' title='bbox 1717 1127 1747 1186; x_wconf 93' lang='lat' dir='ltr'><strong>in</strong></span> <span class='ocrx_word' id='word_1_27' title='bbox 1763 1124 1886 1187; x_wconf 85' lang='lat' dir='ltr'><strong>Oriente</strong></span> <span class='ocrx_word' id='word_1_28' title='bbox 1938 1118 1943 1127; x_wconf 86' lang='grc'><strong>’</strong></span> 
     </span>
     <span class='ocr_line' id='line_1_4' title="bbox 515 1222 1887 1304; baseline -0.003 -16"><span class='ocrx_word' id='word_1_29' title='bbox 515 1225 610 1288; x_wconf 84' lang='lat' dir='ltr'><strong>luisse</strong></span> <span class='ocrx_word' id='word_1_30' title='bbox 633 1222 836 1288; x_wconf 87' lang='lat' dir='ltr'><strong>verisimiliter</strong></span> <span class='ocrx_word' id='word_1_31' title='bbox 863 1224 1012 1286; x_wconf 90' lang='lat' dir='ltr'><strong>creditur:</strong></span> <span class='ocrx_word' id='word_1_32' title='bbox 1044 1231 1171 1304; x_wconf 86' lang='lat' dir='ltr'><strong>quatuor</strong></span> <span class='ocrx_word' id='word_1_33' title='bbox 1199 1224 1280 1286; x_wconf 84' lang='lat' dir='ltr'><strong>lluvii</strong></span> <span class='ocrx_word' id='word_1_34' title='bbox 1310 1226 1361 1304; x_wconf 90' lang='lat' dir='ltr'><strong>qui</strong></span> <span class='ocrx_word' id='word_1_35' title='bbox 1388 1224 1458 1286; x_wconf 90' lang='lat' dir='ltr'><strong>inde</strong></span> <span class='ocrx_word' id='word_1_36' title='bbox 1486 1226 1660 1302; x_wconf 88' lang='lat' dir='ltr'><strong>manabant,</strong></span> <span class='ocrx_word' id='word_1_37' title='bbox 1691 1223 1728 1285; x_wconf 91' lang='lat' dir='ltr'><strong>ad</strong></span> <span class='ocrx_word' id='word_1_38' title='bbox 1759 1232 1887 1304; x_wconf 90' lang='lat' dir='ltr'><strong>quatuor</strong></span> 
     </span>
     <span class='ocr_line' id='line_1_5' title="bbox 513 1322 1888 1407; baseline -0.003 -20"><span class='ocrx_word' id='word_1_39' title='bbox 513 1324 681 1407; x_wconf 81' lang='lat' dir='ltr'><strong>Evangelia</strong></span> <span class='ocrx_word' id='word_1_40' title='bbox 705 1323 871 1406; x_wconf 83' lang='lat' dir='ltr'><strong>allegorice</strong></span> <span class='ocrx_word' id='word_1_41' title='bbox 892 1322 1074 1386; x_wconf 82' lang='lat' dir='ltr'><strong>referuntur.</strong></span> <span class='ocrx_word' id='word_1_42' title='bbox 1125 1324 1276 1385; x_wconf 82' lang='lat' dir='ltr'><strong>Haereses</strong></span> <span class='ocrx_word' id='word_1_43' title='bbox 1300 1331 1330 1384; x_wconf 90' lang='lat' dir='ltr'><strong>et</strong></span> <span class='ocrx_word' id='word_1_44' title='bbox 1353 1342 1476 1386; x_wconf 91' lang='lat' dir='ltr'><strong>errores</strong></span> <span class='ocrx_word' id='word_1_45' title='bbox 1499 1322 1665 1406; x_wconf 80' lang='lat' dir='ltr'><strong>gentilium,</strong></span> <span class='ocrx_word' id='word_1_46' title='bbox 1687 1323 1762 1385; x_wconf 86' lang='lat' dir='ltr'><strong>turri</strong></span> <span class='ocrx_word' id='word_1_47' title='bbox 1784 1322 1888 1403; x_wconf 80' lang='lat' dir='ltr'><strong>Baby·</strong></span> 
     </span>
     <span class='ocr_line' id='line_1_6' title="bbox 508 1422 1888 1502; baseline -0.003 -16"><span class='ocrx_word' id='word_1_48' title='bbox 508 1423 631 1486; x_wconf 88' lang='lat' dir='ltr'><strong>lonicae</strong></span> <span class='ocrx_word' id='word_1_49' title='bbox 656 1429 879 1501; x_wconf 87' lang='lat' dir='ltr'><strong>comparantur,</strong></span> <span class='ocrx_word' id='word_1_50' title='bbox 903 1440 981 1502; x_wconf 89' lang='lat' dir='ltr'><strong>quae</strong></span> <span class='ocrx_word' id='word_1_51' title='bbox 1004 1430 1070 1483; x_wconf 90' lang='lat' dir='ltr'><strong>erat</strong></span> <span class='ocrx_word' id='word_1_52' title='bbox 1092 1423 1122 1484; x_wconf 91' lang='lat' dir='ltr'><strong>in</strong></span> <span class='ocrx_word' id='word_1_53' title='bbox 1146 1422 1259 1501; x_wconf 90' lang='lat' dir='ltr'><strong>campis</strong></span> <span class='ocrx_word' id='word_1_54' title='bbox 1282 1423 1433 1501; x_wconf 86' lang='lat' dir='ltr'><strong>Sennaar,</strong></span> <span class='ocrx_word' id='word_1_55' title='bbox 1463 1424 1528 1485; x_wconf 90' lang='lat' dir='ltr'><strong>sive</strong></span> <span class='ocrx_word' id='word_1_56' title='bbox 1553 1422 1702 1485; x_wconf 88' lang='lat' dir='ltr'><strong>Chalane:</strong></span> <span class='ocrx_word' id='word_1_57' title='bbox 1732 1430 1822 1502; x_wconf 88' lang='lat' dir='ltr'><strong>atque</strong></span> <span class='ocrx_word' id='word_1_58' title='bbox 1850 1440 1888 1484; x_wconf 90' lang='lat' dir='ltr'><strong>ea</strong></span> 
     </span>
     <span class='ocr_line' id='line_1_7' title="bbox 513 1519 1886 1602; baseline -0.002 -19"><span class='ocrx_word' id='word_1_59' title='bbox 513 1523 633 1584; x_wconf 87' lang='lat' dir='ltr'><strong>ratione</strong></span> <span class='ocrx_word' id='word_1_60' title='bbox 655 1523 800 1585; x_wconf 84' lang='lat' dir='ltr'><strong>vertimus</strong></span> <span class='ocrx_word' id='word_1_61' title='bbox 821 1520 1019 1599; x_wconf 75' lang='lat' dir='ltr'><strong>fundamento</strong></span> <span class='ocrx_word' id='word_1_62' title='bbox 1043 1521 1244 1596; x_wconf 78' lang='lat' dir='ltr'><strong>Chalonitico,</strong></span> <span class='ocrx_word' id='word_1_63' title='bbox 1268 1540 1336 1583; x_wconf 92' lang='lat' dir='ltr'><strong>cum</strong></span> <span class='ocrx_word' id='word_1_64' title='bbox 1359 1521 1417 1583; x_wconf 93' lang='lat' dir='ltr'><strong>nisi</strong></span> <span class='ocrx_word' id='word_1_65' title='bbox 1428 1541 1490 1585; x_wconf 86' lang='lat' dir='ltr'><strong>vox</strong></span> <span class='ocrx_word' id='word_1_66' title='bbox 1505 1522 1629 1602; x_wconf 90' lang='lat' dir='ltr'><strong>propria</strong></span> <span class='ocrx_word' id='word_1_67' title='bbox 1644 1523 1693 1598; x_wconf 91' lang='lat' dir='ltr'><strong>sit,</strong></span> <span class='ocrx_word' id='word_1_68' title='bbox 1715 1519 1886 1602; x_wconf 86' lang='lat' dir='ltr'><strong>significare</strong></span> 
     </span>
     <span class='ocr_line' id='line_1_8' title="bbox 513 1620 991 1701; baseline 0.004 -21"><span class='ocrx_word' id='word_1_69' title='bbox 513 1621 612 1701; x_wconf 88' lang='lat' dir='ltr'><strong>possit</strong></span> <span class='ocrx_word' id='word_1_70' title='bbox 634 1620 827 1683; x_wconf 82' lang='lat' dir='ltr'><strong>fundamenta</strong></span> <span class='ocrx_word' id='word_1_71' title='bbox 850 1637 991 1682; x_wconf 90' lang='lat' dir='ltr'><strong>arenosa.</strong></span> 
     </span>
    </p>
   </div>
   <div class='ocr_carea' id='block_1_3' title="bbox 874 1954 1516 2004">
    <p class='ocr_par' dir='ltr' id='par_1_3' title="bbox 874 1954 1516 2004">
     <span class='ocr_line' id='line_1_9' title="bbox 874 1954 1516 2004; baseline -0.003 -2"><span class='ocrx_word' id='word_1_72' title='bbox 874 1954 1516 2004; x_wconf 52' lang='grc' dir='ltr'>ψ</span> 
     </span>
    </p>
   </div>
   <div class='ocr_carea' id='block_1_4' title="bbox 895 2468 1500 2645">
    <p class='ocr_par' dir='ltr' id='par_1_4' title="bbox 895 2468 1500 2645">
     <span class='ocr_line' id='line_1_10' title="bbox 895 2468 1500 2645; baseline -0.007 -1"><span class='ocrx_word' id='word_1_73' title='bbox 895 2468 1500 2645; x_wconf 78' lang='lat' dir='ltr'><strong>Llldlttll</strong></span> 
     </span>
    </p>
   </div>
   <div class='ocr_carea' id='block_1_5' title="bbox 618 2794 1782 2978">
    <p class='ocr_par' dir='ltr' id='par_1_5' title="bbox 618 2794 1782 2978">
     <span class='ocr_line' id='line_1_11' title="bbox 618 2794 1782 2978; baseline 0.001 -64"><span class='ocrx_word' id='word_1_74' title='bbox 618 2799 830 2978; x_wconf 76' lang='lat' dir='ltr'><strong>ursiuli</strong></span> <span class='ocrx_word' id='word_1_75' title='bbox 866 2800 945 2915; x_wconf 85' lang='lat' dir='ltr'><strong>EX</strong></span> <span class='ocrx_word' id='word_1_76' title='bbox 981 2799 1266 2917; x_wconf 83' lang='lat' dir='ltr'><strong>VERSIONE</strong></span> <span class='ocrx_word' id='word_1_77' title='bbox 1302 2798 1575 2914; x_wconf 74' lang='lat' dir='ltr'><strong>runauld</strong></span> <span class='ocrx_word' id='word_1_78' title='bbox 1610 2794 1782 2916; x_wconf 78' lang='lat' dir='ltr'><strong>MASH.</strong></span> 
     </span>
    </p>
   </div>
   <div class='ocr_carea' id='block_1_6' title="bbox 979 3120 1460 3191">
    <p class='ocr_par' dir='ltr' id='par_1_6' title="bbox 979 3120 1460 3191">
     <span class='ocr_line' id='line_1_12' title="bbox 979 3120 1460 3191; baseline -0.004 0"><span class='ocrx_word' id='word_1_79' title='bbox 979 3120 1147 3191; x_wconf 79' lang='lat' dir='ltr'><strong>Precatio</strong></span> <span class='ocrx_word' id='word_1_80' title='bbox 1174 3121 1254 3191; x_wconf 73' lang='lat' dir='ltr'><strong>inde</strong></span> <span class='ocrx_word' id='word_1_81' title='bbox 1280 3120 1417 3191; x_wconf 85' lang='lat' dir='ltr'><strong>Pacem.</strong></span> <span class='ocrx_word' id='word_1_82' title='bbox 1457 3148 1460 3155; x_wconf 88' lang='lat'>·</span> 
     </span>
    </p>
   </div>
   <div class='ocr_carea' id='block_1_7' title="bbox 422 3318 1982 5404">
    <p class='ocr_par' dir='ltr' id='par_1_7' title="bbox 422 3318 1982 5057">
     <span class='ocr_line' id='line_1_13' title="bbox 584 3318 1884 3438; baseline -0.004 -19"><span class='ocrx_word' id='word_1_83' title='bbox 584 3318 773 3419; x_wconf 83' lang='lat' dir='ltr'><strong>Aarnnna</strong></span> <span class='ocrx_word' id='word_1_84' title='bbox 801 3343 893 3414; x_wconf 85' lang='lat' dir='ltr'><strong>Deus</strong></span> <span class='ocrx_word' id='word_1_85' title='bbox 921 3346 976 3437; x_wconf 88' lang='lat' dir='ltr'><strong>qui</strong></span> <span class='ocrx_word' id='word_1_86' title='bbox 1004 3345 1036 3413; x_wconf 93' lang='lat' dir='ltr'><strong>in</strong></span> <span class='ocrx_word' id='word_1_87' title='bbox 1062 3345 1225 3438; x_wconf 92' lang='lat' dir='ltr'><strong>principio</strong></span> <span class='ocrx_word' id='word_1_88' title='bbox 1252 3343 1403 3416; x_wconf 88' lang='lat' dir='ltr'><strong>homines</strong></span> <span class='ocrx_word' id='word_1_89' title='bbox 1430 3345 1552 3413; x_wconf 79' lang='lat' dir='ltr'><strong>creasti</strong></span> <span class='ocrx_word' id='word_1_90' title='bbox 1582 3342 1624 3414; x_wconf 96' lang='lat' dir='ltr'><strong>ad</strong></span> <span class='ocrx_word' id='word_1_91' title='bbox 1650 3342 1884 3415; x_wconf 89' lang='lat' dir='ltr'><strong>immortalita-</strong></span> 
     </span>
     <span class='ocr_line' id='line_1_14' title="bbox 514 3458 1886 3555; baseline -0.001 -24"><span class='ocrx_word' id='word_1_92' title='bbox 514 3469 599 3548; x_wconf 91' lang='lat' dir='ltr'><strong>tem,</strong></span> <span class='ocrx_word' id='word_1_93' title='bbox 630 3463 771 3530; x_wconf 91' lang='lat' dir='ltr'><strong>mortem</strong></span> <span class='ocrx_word' id='word_1_94' title='bbox 799 3481 900 3555; x_wconf 92' lang='lat' dir='ltr'><strong>porro</strong></span> <span class='ocrx_word' id='word_1_95' title='bbox 927 3481 988 3553; x_wconf 93' lang='lat' dir='ltr'><strong>per</strong></span> <span class='ocrx_word' id='word_1_96' title='bbox 1014 3458 1171 3529; x_wconf 91' lang='lat' dir='ltr'><strong>invidiam</strong></span> <span class='ocrx_word' id='word_1_97' title='bbox 1199 3458 1322 3530; x_wconf 91' lang='lat' dir='ltr'><strong>diaboli</strong></span> <span class='ocrx_word' id='word_1_98' title='bbox 1349 3462 1537 3550; x_wconf 85' lang='lat' dir='ltr'><strong>ingressam</strong></span> <span class='ocrx_word' id='word_1_99' title='bbox 1564 3461 1595 3530; x_wconf 93' lang='lat' dir='ltr'><strong>in</strong></span> <span class='ocrx_word' id='word_1_100' title='bbox 1623 3459 1797 3548; x_wconf 85' lang='lat' dir='ltr'><strong>mundum,</strong></span> <span class='ocrx_word' id='word_1_101' title='bbox 1823 3481 1886 3553; x_wconf 90' lang='lat' dir='ltr'><strong>per</strong></span> 
     </span>
     <span class='ocr_line' id='line_1_15' title="bbox 514 3572 1884 3670; baseline 0.001 -24"><span class='ocrx_word' id='word_1_102' title='bbox 514 3573 691 3646; x_wconf 89' lang='lat' dir='ltr'><strong>salutarem</strong></span> <span class='ocrx_word' id='word_1_103' title='bbox 726 3574 903 3646; x_wconf 84' lang='lat' dir='ltr'><strong>adveniam</strong></span> <span class='ocrx_word' id='word_1_104' title='bbox 939 3576 1098 3666; x_wconf 85' lang='lat' dir='ltr'><strong>unigeniti</strong></span> <span class='ocrx_word' id='word_1_105' title='bbox 1133 3572 1207 3645; x_wconf 85' lang='lat' dir='ltr'><strong>Filii</strong></span> <span class='ocrx_word' id='word_1_106' title='bbox 1241 3578 1286 3645; x_wconf 95' lang='lat' dir='ltr'><strong>tui</strong></span> <span class='ocrx_word' id='word_1_107' title='bbox 1320 3575 1453 3646; x_wconf 86' lang='lat' dir='ltr'><strong>Domini</strong></span> <span class='ocrx_word' id='word_1_108' title='bbox 1486 3574 1549 3645; x_wconf 91' lang='lat' dir='ltr'><strong>Dei</strong></span> <span class='ocrx_word' id='word_1_109' title='bbox 1585 3583 1619 3645; x_wconf 89' lang='lat' dir='ltr'><strong>et</strong></span> <span class='ocrx_word' id='word_1_110' title='bbox 1649 3572 1884 3670; x_wconf 87' lang='lat' dir='ltr'><strong>Redemptoris</strong></span> 
     </span>
     <span class='ocr_line' id='line_1_16' title="bbox 512 3687 1883 3783; baseline 0.001 -23"><span class='ocrx_word' id='word_1_111' title='bbox 512 3694 619 3764; x_wconf 90' lang='lat' dir='ltr'><strong>nostri</strong></span> <span class='ocrx_word' id='word_1_112' title='bbox 644 3691 725 3761; x_wconf 91' lang='lat' dir='ltr'><strong>Jesu</strong></span> <span class='ocrx_word' id='word_1_113' title='bbox 754 3690 876 3763; x_wconf 87' lang='lat' dir='ltr'><strong>Christi</strong></span> <span class='ocrx_word' id='word_1_114' title='bbox 904 3690 1111 3775; x_wconf 76' lang='lat' dir='ltr'><strong>destruxisti,</strong></span> <span class='ocrx_word' id='word_1_115' title='bbox 1145 3690 1339 3783; x_wconf 86' lang='lat' dir='ltr'><strong>viribusque</strong></span> <span class='ocrx_word' id='word_1_116' title='bbox 1367 3712 1498 3761; x_wconf 90' lang='lat' dir='ltr'><strong>cassam</strong></span> <span class='ocrx_word' id='word_1_117' title='bbox 1525 3687 1708 3776; x_wconf 87' lang='lat' dir='ltr'><strong>reddidisti,</strong></span> <span class='ocrx_word' id='word_1_118' title='bbox 1736 3701 1770 3761; x_wconf 85' lang='lat' dir='ltr'><strong>et</strong></span> <span class='ocrx_word' id='word_1_119' title='bbox 1795 3713 1883 3762; x_wconf 88' lang='lat' dir='ltr'><strong>coe-</strong></span> 
     </span>
     <span class='ocr_line' id='line_1_17' title="bbox 512 3803 1884 3902; baseline 0.001 -27"><span class='ocrx_word' id='word_1_120' title='bbox 512 3803 588 3876; x_wconf 89' lang='lat' dir='ltr'><strong>lesti</strong></span> <span class='ocrx_word' id='word_1_121' title='bbox 616 3829 701 3902; x_wconf 92' lang='lat' dir='ltr'><strong>paca</strong></span> <span class='ocrx_word' id='word_1_122' title='bbox 728 3816 849 3876; x_wconf 91' lang='lat' dir='ltr'><strong>terram</strong></span> <span class='ocrx_word' id='word_1_123' title='bbox 877 3805 1075 3900; x_wconf 90' lang='lat' dir='ltr'><strong>implevisti;</strong></span> <span class='ocrx_word' id='word_1_124' title='bbox 1102 3814 1149 3892; x_wconf 87' lang='lat' dir='ltr'><strong>tu,</strong></span> <span class='ocrx_word' id='word_1_125' title='bbox 1176 3807 1321 3898; x_wconf 89' lang='lat' dir='ltr'><strong>inquam,</strong></span> <span class='ocrx_word' id='word_1_126' title='bbox 1349 3828 1446 3898; x_wconf 91' lang='lat' dir='ltr'><strong>quem</strong></span> <span class='ocrx_word' id='word_1_127' title='bbox 1473 3807 1643 3875; x_wconf 87' lang='lat' dir='ltr'><strong>exercitus</strong></span> <span class='ocrx_word' id='word_1_128' title='bbox 1671 3808 1770 3875; x_wconf 88' lang='lat' dir='ltr'><strong>etiam</strong></span> <span class='ocrx_word' id='word_1_129' title='bbox 1803 3807 1884 3877; x_wconf 85' lang='lat' dir='ltr'><strong>Aa·</strong></span> 
     </span>
     <span class='ocr_line' id='line_1_18' title="bbox 512 3919 1982 4013; baseline 0 -21"><span class='ocrx_word' id='word_1_130' title='bbox 512 3921 665 4013; x_wconf 87' lang='lat' dir='ltr'><strong>gelorum</strong></span> <span class='ocrx_word' id='word_1_131' title='bbox 689 3920 905 3992; x_wconf 88' lang='lat' dir='ltr'><strong>celebrabant</strong></span> <span class='ocrx_word' id='word_1_132' title='bbox 928 3920 1087 4007; x_wconf 87' lang='lat' dir='ltr'><strong>dicentes,</strong></span> <span class='ocrx_word' id='word_1_133' title='bbox 1116 3920 1230 4007; x_wconf 74' lang='lat' dir='ltr'><strong>‚Gloria</strong></span> <span class='ocrx_word' id='word_1_134' title='bbox 1252 3923 1283 3990; x_wconf 94' lang='lat' dir='ltr'><strong>in</strong></span> <span class='ocrx_word' id='word_1_135' title='bbox 1310 3919 1455 3991; x_wconf 85' lang='lat' dir='ltr'><strong>excelsis</strong></span> <span class='ocrx_word' id='word_1_136' title='bbox 1477 3920 1565 4007; x_wconf 89' lang='lat' dir='ltr'><strong>Deo,</strong></span> <span class='ocrx_word' id='word_1_137' title='bbox 1592 3930 1690 4012; x_wconf 91' lang='lat' dir='ltr'><strong>atquc</strong></span> <span class='ocrx_word' id='word_1_138' title='bbox 1711 3923 1796 3990; x_wconf 93' lang='lat' dir='ltr'><strong>inter</strong></span> <span class='ocrx_word' id='word_1_139' title='bbox 1815 3919 1884 3993; x_wconf 88' lang='lat' dir='ltr'><strong>lro-</strong></span> <span class='ocrx_word' id='word_1_140' title='bbox 1974 3987 1982 3992; x_wconf 81' lang='lat'>.</span> 
     </span>
     <span class='ocr_line' id='line_1_19' title="bbox 511 4033 1883 4131; baseline 0.001 -24"><span class='ocrx_word' id='word_1_141' title='bbox 511 4040 618 4109; x_wconf 91' lang='lat' dir='ltr'><strong>mines</strong></span> <span class='ocrx_word' id='word_1_142' title='bbox 646 4036 732 4107; x_wconf 93' lang='lat' dir='ltr'><strong>hona</strong></span> <span class='ocrx_word' id='word_1_143' title='bbox 760 4036 936 4124; x_wconf 77' lang='lat' dir='ltr'><strong>voluntas,</strong></span> <span class='ocrx_word' id='word_1_144' title='bbox 963 4035 1057 4131; x_wconf 91' lang='lat' dir='ltr'><strong>reple</strong></span> <span class='ocrx_word' id='word_1_145' title='bbox 1085 4056 1106 4105; x_wconf 92' lang='grc' dir='ltr'>ο</span> <span class='ocrx_word' id='word_1_146' title='bbox 1135 4039 1335 4107; x_wconf 90' lang='lat' dir='ltr'><strong>suavissime</strong></span> <span class='ocrx_word' id='word_1_147' title='bbox 1361 4035 1471 4123; x_wconf 89' lang='lat' dir='ltr'><strong>Deus,</strong></span> <span class='ocrx_word' id='word_1_148' title='bbox 1506 4034 1609 4107; x_wconf 89' lang='lat' dir='ltr'><strong>corda</strong></span> <span class='ocrx_word' id='word_1_149' title='bbox 1644 4044 1759 4106; x_wconf 93' lang='lat' dir='ltr'><strong>nostra</strong></span> <span class='ocrx_word' id='word_1_150' title='bbox 1793 4033 1883 4109; x_wconf 89' lang='lat' dir='ltr'><strong>bona</strong></span> 
     </span>
     <span class='ocr_line' id='line_1_20' title="bbox 512 4148 1884 4251; baseline 0.001 -27"><span class='ocrx_word' id='word_1_151' title='bbox 512 4152 684 4225; x_wconf 89' lang='lat' dir='ltr'><strong>voluntate</strong></span> <span class='ocrx_word' id='word_1_152' title='bbox 711 4165 785 4238; x_wconf 92' lang='lat' dir='ltr'><strong>tua,</strong></span> <span class='ocrx_word' id='word_1_153' title='bbox 811 4156 904 4247; x_wconf 87' lang='lat' dir='ltr'><strong>pacis</strong></span> <span class='ocrx_word' id='word_1_154' title='bbox 933 4150 1173 4237; x_wconf 91' lang='lat' dir='ltr'><strong>conciliatrice,</strong></span> <span class='ocrx_word' id='word_1_155' title='bbox 1202 4173 1396 4251; x_wconf 83' lang='lat' dir='ltr'><strong>expurgans</strong></span> <span class='ocrx_word' id='word_1_156' title='bbox 1422 4173 1485 4222; x_wconf 91' lang='lat' dir='ltr'><strong>nos</strong></span> <span class='ocrx_word' id='word_1_157' title='bbox 1513 4152 1602 4222; x_wconf 90' lang='lat' dir='ltr'><strong>omni</strong></span> <span class='ocrx_word' id='word_1_158' title='bbox 1628 4148 1705 4221; x_wconf 89' lang='lat' dir='ltr'><strong>labe</strong></span> <span class='ocrx_word' id='word_1_159' title='bbox 1732 4161 1766 4222; x_wconf 92' lang='lat' dir='ltr'><strong>et</strong></span> <span class='ocrx_word' id='word_1_160' title='bbox 1792 4151 1884 4243; x_wconf 87' lang='lat' dir='ltr'><strong>dolo,</strong></span> 
     </span>
     <span class='ocr_line' id='line_1_21' title="bbox 514 4265 1883 4362; baseline 0.002 -22"><span class='ocrx_word' id='word_1_161' title='bbox 514 4271 668 4362; x_wconf 91' lang='lat' dir='ltr'><strong>omniqua</strong></span> <span class='ocrx_word' id='word_1_162' title='bbox 703 4267 874 4339; x_wconf 92' lang='lat' dir='ltr'><strong>simultatis</strong></span> <span class='ocrx_word' id='word_1_163' title='bbox 901 4269 1102 4362; x_wconf 89' lang='lat' dir='ltr'><strong>pertinacia,</strong></span> <span class='ocrx_word' id='word_1_164' title='bbox 1136 4289 1222 4359; x_wconf 90' lang='lat' dir='ltr'><strong>quae</strong></span> <span class='ocrx_word' id='word_1_165' title='bbox 1249 4276 1391 4355; x_wconf 91' lang='lat' dir='ltr'><strong>mortem</strong></span> <span class='ocrx_word' id='word_1_166' title='bbox 1417 4268 1550 4337; x_wconf 88' lang='lat' dir='ltr'><strong>invitat:</strong></span> <span class='ocrx_word' id='word_1_167' title='bbox 1584 4287 1624 4335; x_wconf 90' lang='lat' dir='ltr'><strong>ao</strong></span> <span class='ocrx_word' id='word_1_168' title='bbox 1653 4265 1793 4358; x_wconf 86' lang='lat' dir='ltr'><strong>dignare</strong></span> <span class='ocrx_word' id='word_1_169' title='bbox 1820 4293 1883 4343; x_wconf 93' lang='lat' dir='ltr'><strong>nos</strong></span> 
     </span>
     <span class='ocr_line' id='line_1_22' title="bbox 512 4380 1881 4478; baseline 0.002 -23"><span class='ocrx_word' id='word_1_170' title='bbox 512 4394 655 4455; x_wconf 92' lang='lat' dir='ltr'><strong>mutuam</strong></span> <span class='ocrx_word' id='word_1_171' title='bbox 683 4382 779 4454; x_wconf 90' lang='lat' dir='ltr'><strong>nohis</strong></span> <span class='ocrx_word' id='word_1_172' title='bbox 807 4387 892 4453; x_wconf 90' lang='lat' dir='ltr'><strong>inter</strong></span> <span class='ocrx_word' id='word_1_173' title='bbox 918 4406 980 4455; x_wconf 93' lang='lat' dir='ltr'><strong>nos</strong></span> <span class='ocrx_word' id='word_1_174' title='bbox 1007 4384 1140 4478; x_wconf 86' lang='lat' dir='ltr'><strong>precari</strong></span> <span class='ocrx_word' id='word_1_175' title='bbox 1167 4403 1297 4476; x_wconf 89' lang='lat' dir='ltr'><strong>pacem,</strong></span> <span class='ocrx_word' id='word_1_176' title='bbox 1326 4405 1399 4453; x_wconf 92' lang='lat' dir='ltr'><strong>cum</strong></span> <span class='ocrx_word' id='word_1_177' title='bbox 1421 4380 1538 4454; x_wconf 89' lang='lat' dir='ltr'><strong>osculo</strong></span> <span class='ocrx_word' id='word_1_178' title='bbox 1562 4391 1680 4453; x_wconf 90' lang='lat' dir='ltr'><strong>sancto</strong></span> <span class='ocrx_word' id='word_1_179' title='bbox 1700 4392 1733 4454; x_wconf 87' lang='lat' dir='ltr'><strong>et</strong></span> <span class='ocrx_word' id='word_1_180' title='bbox 1752 4383 1881 4458; x_wconf 85' lang='lat' dir='ltr'><strong>divino:</strong></span> 
     </span>
     <span class='ocr_line' id='line_1_23' title="bbox 511 4496 1882 4595; baseline 0 -24"><span class='ocrx_word' id='word_1_181' title='bbox 511 4509 548 4571; x_wconf 92' lang='lat' dir='ltr'><strong>ut</strong></span> <span class='ocrx_word' id='word_1_182' title='bbox 574 4510 732 4595; x_wconf 86' lang='lat' dir='ltr'><strong>expertes</strong></span> <span class='ocrx_word' id='word_1_183' title='bbox 760 4501 866 4569; x_wconf 92' lang='lat' dir='ltr'><strong>omnis</strong></span> <span class='ocrx_word' id='word_1_184' title='bbox 894 4498 1030 4595; x_wconf 93' lang='lat' dir='ltr'><strong>culpae,</strong></span> <span class='ocrx_word' id='word_1_185' title='bbox 1062 4497 1177 4568; x_wconf 87' lang='lat' dir='ltr'><strong>fiamus</strong></span> <span class='ocrx_word' id='word_1_186' title='bbox 1210 4500 1389 4592; x_wconf 86' lang='lat' dir='ltr'><strong>participes</strong></span> <span class='ocrx_word' id='word_1_187' title='bbox 1416 4496 1577 4570; x_wconf 90' lang='lat' dir='ltr'><strong>donorum</strong></span> <span class='ocrx_word' id='word_1_188' title='bbox 1604 4508 1732 4569; x_wconf 91' lang='lat' dir='ltr'><strong>tuorum</strong></span> <span class='ocrx_word' id='word_1_189' title='bbox 1762 4499 1882 4573; x_wconf 88' lang='lat' dir='ltr'><strong>coele-</strong></span> 
     </span>
     <span class='ocr_line' id='line_1_24' title="bbox 422 4599 1883 4711; baseline 0.001 -26"><span class='ocrx_word' id='word_1_190' title='bbox 422 4599 430 4612; x_wconf 68' lang='grc'><em>’</em></span> <span class='ocrx_word' id='word_1_191' title='bbox 512 4616 629 4704; x_wconf 87' lang='lat' dir='ltr'><strong>stium,</strong></span> <span class='ocrx_word' id='word_1_192' title='bbox 662 4625 696 4685; x_wconf 90' lang='lat' dir='ltr'><strong>et</strong></span> <span class='ocrx_word' id='word_1_193' title='bbox 721 4605 967 4702; x_wconf 80' lang='lat' dir='ltr'><strong>immortalium,</strong></span> <span class='ocrx_word' id='word_1_194' title='bbox 1003 4636 1065 4708; x_wconf 88' lang='lat' dir='ltr'><strong>per</strong></span> <span class='ocrx_word' id='word_1_195' title='bbox 1093 4612 1256 4684; x_wconf 86' lang='lat' dir='ltr'><strong>Christum</strong></span> <span class='ocrx_word' id='word_1_196' title='bbox 1284 4613 1398 4684; x_wconf 88' lang='lat' dir='ltr'><strong>Jesum</strong></span> <span class='ocrx_word' id='word_1_197' title='bbox 1426 4613 1603 4686; x_wconf 91' lang='lat' dir='ltr'><strong>Dominum</strong></span> <span class='ocrx_word' id='word_1_198' title='bbox 1629 4624 1794 4686; x_wconf 90' lang='lat' dir='ltr'><strong>nostrum:</strong></span> <span class='ocrx_word' id='word_1_199' title='bbox 1822 4640 1883 4711; x_wconf 85' lang='lat' dir='ltr'><strong>per</strong></span> 
     </span>
     <span class='ocr_line' id='line_1_25' title="bbox 513 4727 1884 4825; baseline 0.005 -26"><span class='ocrx_word' id='word_1_200' title='bbox 513 4751 610 4822; x_wconf 91' lang='lat' dir='ltr'><strong>quem</strong></span> <span class='ocrx_word' id='word_1_201' title='bbox 638 4741 671 4801; x_wconf 90' lang='lat' dir='ltr'><strong>et</strong></span> <span class='ocrx_word' id='word_1_202' title='bbox 698 4753 773 4802; x_wconf 91' lang='lat' dir='ltr'><strong>cum</strong></span> <span class='ocrx_word' id='word_1_203' title='bbox 800 4754 866 4825; x_wconf 88' lang='lat' dir='ltr'><strong>quo</strong></span> <span class='ocrx_word' id='word_1_204' title='bbox 894 4731 950 4802; x_wconf 91' lang='lat' dir='ltr'><strong>tibi</strong></span> <span class='ocrx_word' id='word_1_205' title='bbox 979 4729 1116 4801; x_wconf 89' lang='lat' dir='ltr'><strong>debetur</strong></span> <span class='ocrx_word' id='word_1_206' title='bbox 1143 4728 1271 4820; x_wconf 86' lang='lat' dir='ltr'><strong>gloria,</strong></span> <span class='ocrx_word' id='word_1_207' title='bbox 1304 4727 1412 4801; x_wconf 93' lang='lat' dir='ltr'><strong>honor</strong></span> <span class='ocrx_word' id='word_1_208' title='bbox 1443 4739 1476 4800; x_wconf 91' lang='lat' dir='ltr'><strong>et</strong></span> <span class='ocrx_word' id='word_1_209' title='bbox 1508 4739 1677 4822; x_wconf 89' lang='lat' dir='ltr'><strong>potestas,</strong></span> <span class='ocrx_word' id='word_1_210' title='bbox 1711 4752 1775 4803; x_wconf 91' lang='lat' dir='ltr'><strong>una</strong></span> <span class='ocrx_word' id='word_1_211' title='bbox 1809 4758 1884 4806; x_wconf 90' lang='lat' dir='ltr'><strong>cum</strong></span> 
     </span>
     <span class='ocr_line' id='line_1_26' title="bbox 513 4844 1884 4941; baseline 0.003 -27"><span class='ocrx_word' id='word_1_212' title='bbox 513 4848 723 4918; x_wconf 90' lang='lat' dir='ltr'><strong>sanctissimo</strong></span> <span class='ocrx_word' id='word_1_213' title='bbox 751 4856 807 4917; x_wconf 92' lang='lat' dir='ltr'><strong>tuo</strong></span> <span class='ocrx_word' id='word_1_214' title='bbox 835 4847 978 4941; x_wconf 89' lang='lat' dir='ltr'><strong>Spiritu,</strong></span> <span class='ocrx_word' id='word_1_215' title='bbox 1006 4846 1115 4935; x_wconf 92' lang='lat' dir='ltr'><strong>bono,</strong></span> <span class='ocrx_word' id='word_1_216' title='bbox 1142 4844 1329 4931; x_wconf 87' lang='lat' dir='ltr'><strong>adorando,</strong></span> <span class='ocrx_word' id='word_1_217' title='bbox 1357 4847 1458 4920; x_wconf 89' lang='lat' dir='ltr'><strong>vitam</strong></span> <span class='ocrx_word' id='word_1_218' title='bbox 1486 4844 1667 4936; x_wconf 83' lang='lat' dir='ltr'><strong>largiente,</strong></span> <span class='ocrx_word' id='word_1_219' title='bbox 1702 4857 1800 4941; x_wconf 91' lang='lat' dir='ltr'><strong>atque</strong></span> <span class='ocrx_word' id='word_1_220' title='bbox 1828 4847 1884 4918; x_wconf 85' lang='lat' dir='ltr'><strong>tihi</strong></span> 
     </span>
     <span class='ocr_line' id='line_1_27' title="bbox 511 4959 1809 5057; baseline 0.004 -29"><span class='ocrx_word' id='word_1_221' title='bbox 511 4961 546 5028; x_wconf 91' lang='lat' dir='ltr'><strong>in</strong></span> <span class='ocrx_word' id='word_1_222' title='bbox 574 4960 759 5032; x_wconf 89' lang='lat' dir='ltr'><strong>substantia</strong></span> <span class='ocrx_word' id='word_1_223' title='bbox 787 4960 930 5055; x_wconf 86' lang='lat' dir='ltr'><strong>aequali,</strong></span> <span class='ocrx_word' id='word_1_224' title='bbox 958 4983 1043 5031; x_wconf 92' lang='lat' dir='ltr'><strong>nunc</strong></span> <span class='ocrx_word' id='word_1_225' title='bbox 1071 4970 1105 5032; x_wconf 90' lang='lat' dir='ltr'><strong>et</strong></span> <span class='ocrx_word' id='word_1_226' title='bbox 1131 4983 1279 5057; x_wconf 91' lang='lat' dir='ltr'><strong>semper,</strong></span> <span class='ocrx_word' id='word_1_227' title='bbox 1308 4964 1401 5031; x_wconf 92' lang='lat' dir='ltr'><strong>etin</strong></span> <span class='ocrx_word' id='word_1_228' title='bbox 1428 4959 1563 5033; x_wconf 87' lang='lat' dir='ltr'><strong>saecula</strong></span> <span class='ocrx_word' id='word_1_229' title='bbox 1591 4961 1809 5033; x_wconf 88' lang='lat' dir='ltr'><strong>saeculorum.</strong></span> 
     </span>
    </p>

    <p class='ocr_par' dir='ltr' id='par_1_8' title="bbox 509 5076 1549 5404">
     <span class='ocr_line' id='line_1_28' title="bbox 511 5076 942 5169; baseline 0 -23"><span class='ocrx_word' id='word_1_230' title='bbox 511 5083 514 5088; x_wconf 71' lang='grc'><strong><em>’</em></strong></span> <span class='ocrx_word' id='word_1_231' title='bbox 619 5076 782 5169; x_wconf 83' lang='lat' dir='ltr'><strong>Populus.</strong></span> <span class='ocrx_word' id='word_1_232' title='bbox 822 5079 942 5150; x_wconf 82' lang='lat' dir='ltr'><strong>Amen.</strong></span> 
     </span>
     <span class='ocr_line' id='line_1_29' title="bbox 616 5182 1549 5287; baseline 0 -25"><span class='ocrx_word' id='word_1_233' title='bbox 616 5192 801 5263; x_wconf 81' lang='lat' dir='ltr'><strong>Sacerdos.</strong></span> <span class='ocrx_word' id='word_1_234' title='bbox 855 5192 929 5263; x_wconf 85' lang='lat' dir='ltr'><strong>Pax</strong></span> <span class='ocrx_word' id='word_1_235' title='bbox 957 5202 990 5263; x_wconf 87' lang='lat' dir='ltr'><strong>et</strong></span> <span class='ocrx_word' id='word_1_236' title='bbox 1012 5182 1232 5287; x_wconf 67' lang='lat' dir='ltr'><strong>&#39;tranquillitas</strong></span> <span class='ocrx_word' id='word_1_237' title='bbox 1260 5190 1413 5263; x_wconf 91' lang='lat' dir='ltr'><strong>omnibus</strong></span> <span class='ocrx_word' id='word_1_238' title='bbox 1439 5189 1549 5262; x_wconf 79' lang='lat' dir='ltr'><strong>valiis.</strong></span> 
     </span>
     <span class='ocr_line' id='line_1_30' title="bbox 509 5306 1208 5404; baseline 0.006 -28"><span class='ocrx_word' id='word_1_239' title='bbox 509 5355 527 5400; x_wconf 80' lang='grc' dir='ltr'><strong> </strong></span> <span class='ocrx_word' id='word_1_240' title='bbox 615 5308 777 5401; x_wconf 78' lang='lat' dir='ltr'><strong>Populus.</strong></span> <span class='ocrx_word' id='word_1_241' title='bbox 829 5306 972 5380; x_wconf 86' lang='lat' dir='ltr'><strong>Etcum</strong></span> <span class='ocrx_word' id='word_1_242' title='bbox 999 5310 1115 5404; x_wconf 87' lang='lat' dir='ltr'><strong>spiritu</strong></span> <span class='ocrx_word' id='word_1_243' title='bbox 1142 5317 1208 5380; x_wconf 92' lang='lat' dir='ltr'><strong>tuo.</strong></span> 
     </span>
    </p>
   </div>
   <div class='ocr_carea' id='block_1_8' title="bbox 0 0 2580 6534">
    <p class='ocr_par' dir='ltr' id='par_1_9' title="bbox 0 0 2580 6534">
     <span class='ocr_line' id='line_1_31' title="bbox 0 0 2580 6534; baseline 0 3"><span class='ocrx_word' id='word_1_244' title='bbox 0 0 2580 6534; x_wconf 95' lang='lat' dir='ltr'><strong> </strong></span> 
     </span>
    </p>
   </div>
  </div>
 </body>
</html>
