5150 6534
698 1621 1089 1740 PHILOXENI
1150 1621 1226 1739 11².
1286 1529 1856 1739 nlunouontdnnl.

929 1960 1079 2031 Primam
1106 1960 1226 2032 Oratio
1253 1966 1334 2031 onte
1360 1959 1507 2031 assatam
1527 1962 1638 2054 pacis.

670 2175 827 2278 Domus
855 2200 947 2272 Deus
974 2209 1093 2294 potens
1120 2210 1154 2270 et
1173 2199 1531 2295 incomprehensibilis:
1558 2198 1754 2272 abscondite
1775 2212 1808 2273 et
1824 2204 1961 2274 ininve-

600 2317 779 2412 stigabibs:
805 2316 1020 2410 tranquillitos
1047 2324 1081 2385 et
1115 2315 1270 2405 gaudium
1306 2320 1531 2411 superiorum:
1565 2338 1635 2409 pon
1661 2326 1695 2387 et
1719 2316 1843 2389 laetitio
1868 2318 1961 2391 infe-

599 2437 740 2508 riorum:
767 2436 889 2503 acrites
915 2430 1139 2502 indivisibilis:
1167 2439 1200 2500 et
1228 2430 1359 2503 dilectio
1392 2430 1517 2502 fraudis
1553 2453 1695 2525 expers:
1722 2432 1878 2523 goudium
1900 2437 1962 2527 ju-

601 2560 738 2637 storum,
765 2546 945 2643 triumphus
972 2549 1112 2641 piorum,
1140 2568 1217 2641 spes
1244 2546 1460 2619 Sanctorum:
1494 2545 1657 2638 refugium
1690 2547 1886 2639 lugentium:
1921 2552 1964 2623 nd

601 2675 636 2737 te
662 2664 804 2736 clament
829 2666 958 2734 enimse
985 2670 1136 2733 nostroe:
1164 2671 1198 2732 et
1224 2661 1442 2756 deprecentur
1469 2673 1500 2733 te
1528 2665 1661 2757 spiritus
1686 2665 1808 2749 nostri,
1835 2674 1870 2734 ut
1895 2688 1961 2739 uno

601 2778 736 2852 vinculo
770 2781 914 2850 caritatis
949 2801 1011 2850 nos
1044 2780 1188 2848 invicem
1228 2781 1432 2869 conjungas,
1467 2788 1501 2848 et
1535 2781 1567 2847 in
1601 2778 1716 2849 osculo
1752 2782 1902 2869 sincero,
1930 2796 1964 2856 et

601 2917 686 2991 poce
714 2897 819 2967 omnis
846 2892 913 2964 doli
940 2914 1067 2980 vocuo,
1096 2892 1292 2965 adoratores
1319 2904 1394 2965 tuos
1428 2897 1539 2964 unios:
1571 2893 1753 2987 fiamusque
1780 2896 1836 2968 tibi
1862 2921 1962 2971 unum

602 3031 724 3104 corpus
750 3009 942 3090 indivisum,
969 3007 1057 3102 quod
1083 3017 1116 3078 te
1142 3008 1325 3099 glorificet,
1352 3011 1619 3104 unigenitnmque
1652 3008 1769 3080 Fdium
1795 3019 1901 3097 tuum,
1929 3023 1962 3084 et

602 3124 758 3222 Spiritum
784 3136 873 3197 tuum
900 3126 1151 3213 sanctissimum,
1178 3134 1240 3195 etc.

705 3242 865 3334 Populus.
917 3242 1036 3311 Amen.

703 3359 887 3429 Sacerdos.
940 3358 1022 3428 Pax.

707 3473 866 3568 Popalas.
919 3473 962 3543 Et
989 3496 1062 3543 cum
1089 3476 1202 3568 spiritu
1229 3482 1296 3543 tuo.

705 3588 891 3660 Diaconos.
944 3588 1010 3658 Det
1036 3610 1154 3682 pacem
1180 3591 1415 3682 unusquisque.

707 3703 865 3798 Populus.
920 3704 1053 3775 Omnes.

709 3818 897 3892 Diocoaas.
949 3817 1045 3889 Post·

707 3934 867 4026 Popalas.
920 3933 1045 4005 Coram
1072 3942 1113 4003 te.

706 4047 880 4120 Sacerdos
907 4049 1043 4119 siccans
1068 4071 1193 4118 oooem.
1246 4048 1339 4120 Deus
1366 4050 1505 4141 largitor
1538 4050 1802 4123 benedictionum
1831 4060 1864 4122 et
1890 4051 1967 4123 dis-

602 4164 743 4236 tributor
777 4166 952 4238 donorum:
979 4176 1098 4260 potens
1125 4167 1156 4234 in
1192 4163 1395 4253 muneribus,
1422 4176 1456 4237 et
1482 4166 1576 4239 dives
1599 4170 1631 4237 in
1658 4168 1799 4254 auxiliis
1826 4166 1967 4239 benedic

605 4278 745 4350 dextero
773 4290 827 4351 tua
854 4282 980 4375 potenti
1006 4290 1039 4349 et
1065 4277 1200 4352 brachio
1228 4289 1283 4350 tuo
1318 4281 1475 4363 excelso,
1517 4303 1600 4353 oves
1633 4286 1750 4375 gregis
1786 4286 1830 4354 tui
1862 4286 1968 4378 spiri.

604 4396 714 4483 tuubs,
742 4407 776 4468 et
801 4398 892 4467 mitte
921 4396 983 4466 illis
1011 4396 1052 4466 de
1080 4393 1271 4467 sublimibus
1300 4400 1422 4469 sanctis
1449 4401 1525 4483 tuis,
1551 4420 1650 4469 omne
1673 4400 1783 4471 dotum
1810 4402 1968 4494 optimum

605 4519 640 4581 et
667 4516 775 4583 omnis
803 4513 890 4586 dono
916 4512 1073 4608 perfectu.
1126 4513 1228 4607 lmple
1256 4516 1353 4583 etium
1380 4514 1482 4586 cordo
1523 4536 1638 4586 eorum
1677 4515 1799 4606 gaudio
1832 4524 1866 4584 et
1897 4536 1968 4586 vo-

604 4622 731 4720 luptate
756 4638 813 4699 tuo
840 4629 1017 4723 spirituali,
1051 4636 1086 4698 ut
1117 4633 1274 4700 satientur
1307 4630 1430 4719 gaudio
1464 4630 1574 4701 vultus
1601 4635 1665 4717 tui,
1700 4641 1734 4701 et
1767 4629 1967 4724 pinguedine

606 4739 724 4813 domus
750 4752 839 4832 tuae,
866 4743 1076 4837 referantque
1103 4742 1161 4813 tibi
1187 4743 1328 4833 glorium
1365 4753 1399 4815 et
1431 4745 1578 4833 leudem,
1606 4746 1766 4839 simulque
1798 4748 1968 4835 unigenito

606 4853 691 4929 Filio
719 4866 788 4945 tuo,
815 4869 849 4930 et
874 4859 1009 4954 Spiritui
1036 4868 1091 4930 tuo
1119 4870 1235 4930 sancto
1263 4869 1296 4930 et
1323 4863 1456 4954 optimo.

710 4973 869 5073 Papulas.
922 4976 1039 5050 Amen.

710 5089 884 5161 Sacerdos
915 5090 1051 5161 elevans
1085 5099 1222 5158 uocem.¹
1269 5088 1362 5160 Dens
1404 5091 1464 5162 lux
1495 5113 1577 5162 vero
1613 5103 1647 5163 et
1678 5092 1869 5179 ineffabilis,
1915 5094 1970 5185 qui

609 5224 647 5275 es
674 5205 747 5275 sine
773 5209 945 5301 principio,
973 5227 1084 5289 causa,
1112 5212 1147 5273 et
1173 5213 1338 5298 tempore:
1372 5217 1467 5302 poter
1492 5207 1587 5295 lucis,
1614 5216 1649 5279 et
1683 5207 1870 5304 splendoris
1903 5231 1969 5279 ue-

608 5322 710 5390 terni:
737 5319 935 5393 illuminator
960 5321 1087 5410 mundi,
1114 5328 1149 5390 et
1180 5319 1332 5392 conditor
1364 5334 1605 5412 creaturarum,
1640 5326 1694 5419 qui
1726 5346 1787 5417 per
1822 5344 1969 5395 amorem

1677 5438 1763 5514 42*
