5150 6534
620 1546 959 1717 onno'onu
1003 1614 1025 1681 1·
1075 1598 1446 1717 otnuontor
1483 1600 1818 1745 omanus,

752 1818 817 1908 QUI
842 1819 1129 1897 ABULFARAGIUS
1156 1821 1204 1896 ΕΤ
1229 1820 1441 1897 nnn-snum
1466 1820 1604 1944 nictus
1632 1820 1713 1899 EST.

1031 2072 1154 2144 Oratio
1181 2080 1261 2145 onte
1286 2073 1426 2146 Pacem.

561 2330 564 2333 ·
610 2266 774 2394 ,Donum
800 2295 894 2367 Deus
920 2297 1075 2366 virtutum
1109 2293 1224 2382 fortis,
1258 2299 1467 2389 omnipotens
1504 2304 1538 2366 et
1568 2292 1728 2382 bellator,
1769 2301 1824 2392 qui
1859 2322 1921 2394 per

544 2411 719 2482 caritatm
745 2419 832 2481 tuam
858 2432 944 2505 pace
970 2409 1101 2505 reples,
1130 2412 1184 2504 qui
1211 2432 1271 2504 per
1298 2414 1439 2501 gratiam
1468 2422 1555 2482 tuam
1570 2411 1747 2483 confirmas
1766 2415 1800 2483 in
1820 2436 1920 2509 pace:

546 2526 703 2622 quicum
729 2546 881 2598 essemus
908 2529 942 2596 in
968 2525 1089 2614 nihilo,
1118 2525 1236 2597 dedisti
1263 2525 1361 2597 nobis
1388 2537 1423 2596 ut
1450 2548 1621 2614 essemus,
1655 2535 1689 2597 et
1713 2549 1776 2621 per
1801 2527 1919 2600 Filium

546 2650 638 2713 tuum
665 2640 837 2727 dilectum,
866 2644 920 2736 qui
947 2645 1079 2734 genitus
1107 2664 1153 2712 ex
1179 2650 1212 2712 te
1240 2650 1292 2712 est
1318 2641 1360 2713 ab
1389 2652 1548 2731 aeterno,
1574 2644 1743 2714 innovasti
1770 2653 1921 2715 naturam

546 2768 698 2832 nostram
729 2766 895 2843 creatam,
931 2756 1036 2828 solute
1069 2754 1167 2828 nobis
1200 2759 1378 2851 praestita,
1411 2760 1494 2828 iram
1525 2758 1625 2827 etiam
1658 2757 1823 2831 adversus
1856 2781 1948 2831 nosr

546 2874 802 2968 compescuisti,
829 2874 1027 2966 seruistique
1053 2875 1087 2942 in
1113 2870 1210 2943 nohis
1235 2851 1271 2943 et
1300 2871 1343 2942 ad
1369 2894 1433 2942 nos
1457 2874 1617 2959 invicem,
1644 2871 1922 2965 tranquillitatem,

545 2990 739 3076 caritatem,
766 2997 800 3059 et
826 2987 1047 3058 concordiam.
1101 2987 1153 3058 Tu
1178 3010 1266 3058 nunc
1291 2986 1436 3058 Domine
1464 2991 1519 3081 qui
1534 3008 1627 3057 amas
1643 2985 1922 3081 tranquillitatem,

546 3106 663 3199 etqui
689 3124 775 3198 pace
801 3101 998 3189 delectaris,
1024 3102 1149 3194 largire
1175 3101 1272 3174 nobis
1299 3112 1336 3173 ut
1362 3106 1464 3174 simus
1490 3102 1565 3174 Filii
1592 3104 1739 3176 caritonis
1764 3113 1797 3173 et
1824 3114 1921 3173 tran-

547 3217 744 3315 quillitatis,
778 3214 956 3311 Oonjunge
990 3239 1053 3290 nos
1093 3240 1209 3291 omnes
1244 3218 1302 3290 illo
1344 3216 1601 3289 benevolentiae
1633 3218 1785 3305 vinculo,
1823 3216 1921 3311 quale

546 3337 775 3407 necessarium
791 3344 844 3406 est
862 3332 904 3403 ad
931 3331 1197 3405 conservandam
1223 3354 1422 3427 compagem
1449 3343 1482 3404 ct
1509 3332 1723 3405 concordiam
1744 3333 1920 3404 membro-

547 3470 622 3522 rum
648 3452 802 3545 corporis
823 3448 1062 3521 Ecclesiastici.
1114 3449 1246 3519 Auente
1264 3448 1394 3521 anobis
1413 3471 1544 3521 ornnem
1559 3447 1682 3537 dolum,
1710 3448 1919 3537 divisionem,

546 3564 660 3639 cordis
687 3564 929 3660 duplicitatem,
956 3562 1169 3658 linguamque
1194 3562 1412 3636 infraenatam
1445 3573 1480 3635 et
1510 3564 1700 3658 loquentem
1734 3563 1920 3656 magnilica.

534 3678 601 3752 'Da
626 3682 726 3753 οῑῑαιιι
752 3678 850 3751 nobis
875 3688 912 3749 ut
937 3679 1174 3773 amplectentes
1200 3682 1364 3767 invicem,
1391 3683 1424 3750 in
1451 3682 1567 3773 spiritu
1601 3678 1733 3769 humili,
1769 3683 1919 3774 accipia-

546 3815 621 3867 mus
646 3803 814 3867 monetam
841 3796 940 3885 signo
967 3798 1058 3864 vitae
1085 3797 1301 3889 impressam,
1329 3818 1426 3890 quam
1463 3793 1574 3866 docuit
1608 3817 1691 3881 nos,
1728 3800 1782 3889 qui
1815 3799 1920 3867 vitam

545 3904 645 3981 nobis
671 3911 835 4004 praestitit
861 3908 1011 3982 Christus
1037 3908 1137 3980 lesus
1164 3909 1326 3982 Dominus
1353 3920 1490 3997 noster,
1516 3922 1549 3981 et
1575 3914 1648 4004 pori
1674 3912 1802 3981 ratione
1828 3914 1920 3981 ima-

546 4023 679 4118 ginem,
706 4022 748 4096 ad
774 4025 947 4120 exemplar
973 4034 1128 4096 exactum
1154 4024 1298 4098 lenitatis
1324 4029 1417 4118 regis
1444 4028 1549 4098 nostri
1567 4024 1775 4112 delineatum,
1803 4029 1920 4119 spiritu

546 4135 660 4212 humili
685 4148 720 4211 et
739 4142 855 4225 ,anima
882 4161 978 4235 puro,
1004 4142 1081 4212 uuio
1108 4151 1223 4213 nostra
1251 4146 1429 4237 exprimat,
1455 4143 1635 4213 constricta
1658 4139 1798 4212 vinculis
1825 4145 1920 4212 cari-

548 4256 627 4328 tatis
653 4262 688 4325 et
714 4253 899 4328 dilectionis
926 4254 1183 4343 indissolubilis,
1210 4266 1276 4327 tarn
1303 4269 1433 4345 tecum,
1461 4280 1559 4350 quam
1576 4259 1662 4326 iuter
1680 4275 1743 4326 nos
1760 4258 1918 4341 invicem,

545 4390 609 4464 per
634 4391 710 4441 eum
736 4373 844 4465 ipsum
869 4371 1061 4462 largitorem
1089 4371 1350 4466 tranquillitatis,
1378 4376 1432 4467 qui
1460 4383 1494 4443 et
1520 4376 1592 4467 ipsa
1611 4369 1829 4464 tranquillitas
1856 4379 1919 4454 est,

544 4486 748 4576 unigenitum
774 4484 893 4557 Filium
920 4496 1026 4577 mum,
1053 4509 1127 4559 cum
1155 4510 1221 4583 qno
1248 4499 1282 4560 te
1309 4488 1406 4560 decet
1423 4487 1531 4579 gloria
1558 4498 1591 4560 et
1606 4487 1714 4559 honor
1729 4485 1824 4559 simul
1844 4506 1919 4555 curn

547 4595 672 4694 Spiritu
698 4608 756 4672 tuo
783 4610 900 4674 sancto
927 4624 1031 4690 nunc,
1058 4612 1119 4674 etc.

650 4714 813 4809 Populos.
865 4717 985 4788 Amen.

572 4895 576 4904 .
651 4828 835 4902 Sacerdos.
887 4826 972 4904 Part.

652 4943 814 5039 Populus.
852 4945 911 5046 ‚Et
937 4968 1013 5017 cum
1039 4948 1154 5040 spiritu
1181 4955 1248 5019 tuo.

652 5059 841 5133 Dtccomm.
893 5062 960 5133 Det
985 5065 1211 5154 unusquisque
1225 5085 1365 5157 pacem.

656 5175 818 5269 Populos.
872 5175 1116 5271 Unusquisque.

650 5290 841 5363 Diaconos.
893 5291 985 5365 Post.
