5150 6534
581 799 660 874 498
1083 794 1447 874 thUlllllh

582 988 639 1079 qui
665 985 778 1057 auxilii
805 985 938 1081 petendi
965 1006 1068 1058 causa
1100 986 1240 1055 veniunt
1271 982 1314 1055 ad
1347 979 1538 1053 thesaurum
1563 974 1697 1079 [ossium
1730 1005 1868 1071 eornm,
1905 985 1957 1078 qni

582 1099 765 1172 effuderunt
791 1105 987 1194 sanguinem
1014 1122 1110 1172 suum
1136 1121 1274 1195 purum,
1304 1108 1461 1192 tanquam
1488 1094 1689 1170 oblationem
1715 1097 1957 1194 acceptabilem

581 1238 696 1287 coram
732 1226 784 1288 te:
819 1220 873 1311 qui
908 1215 1142 1307 bajulaverunt
1177 1236 1311 1285 crucem
1346 1211 1423 1284 Filii
1450 1215 1517 1300 tui,
1557 1223 1591 1284 et
1625 1217 1660 1286 in
1694 1218 1825 1286 semitis
1856 1216 1956 1286 rectis

581 1333 696 1402 imitati
729 1341 763 1401 et
797 1335 902 1403 secuti
936 1342 1012 1401 sunt
1042 1332 1188 1421 vestigia
1221 1331 1315 1419 ejus;
1348 1332 1403 1422 qui
1437 1330 1580 1423 pignora
1612 1326 1701 1401 bona
1734 1340 1768 1401 et
1803 1340 1956 1424 tanquam

503 1465 504 1468 ’
582 1444 768 1540 depositum
795 1445 1004 1540 praeclaram
1032 1443 1123 1516 orbis
1149 1444 1296 1531 fuerunt,
1331 1443 1373 1515 ad
1409 1440 1578 1515 saeculum
1613 1444 1702 1538 quod
1725 1465 1796 1515 non
1823 1445 1955 1516 mansit:

583 1583 721 1655 quorum
749 1559 968 1646 orationibus,
994 1570 1088 1650 vota,
1114 1562 1274 1654 primitias
1302 1568 1337 1629 et
1362 1557 1508 1629 decimas
1536 1557 1742 1632 adorantium
1771 1569 1806 1629 te
1832 1580 1955 1631 susce-

581 1686 672 1771 ptum
704 1679 743 1746 iri
779 1675 992 1763 confidimus3
1029 1697 1115 1769 qnae
1143 1697 1228 1746 nnnc
1256 1697 1330 1744 cum
1359 1678 1475 1745 timore
1503 1681 1536 1743 et
1561 1679 1752 1747 reverentia
1780 1674 1841 1748 tibi
1867 1674 1955 1746 ode-

581 1801 698 1862 runtur
725 1790 766 1863 ab
799 1790 952 1862 Ecclesia
987 1801 1044 1862 tua
1079 1789 1208 1861 salvata
1242 1812 1305 1885 per
1336 1811 1456 1861 nomen
1490 1799 1579 1861 tuum
1614 1800 1783 1864 sanctum:
1819 1790 1955 1863 salvans

582 1928 669 1977 nunc
696 1928 757 1979 eos
784 1929 846 2001 per
873 1910 1043 1978 orationes
1071 1928 1186 1976 eorum
1213 1929 1233 1977 a
1259 1908 1429 2000 praesenti
1456 1903 1664 1994 calamitate,
1699 1906 1742 1980 eb
1770 1910 1862 1978 ommi
1888 1910 1954 1980 im·

582 2032 662 2115 petu
689 2024 805 2109 noxio,
834 2020 875 2092 ab
904 2023 992 2093 omni
1019 2021 1225 2110 infirmitate,
1255 2030 1289 2091 et
1315 2022 1548 2115 corruptione,
1576 2019 1710 2108 dolore,
1737 2022 1953 2115 aegritudine,

583 2136 704 2226 caede,
738 2135 835 2226 dolo,
867 2135 957 2208 same
993 2134 1278 2208 conturbationem
1315 2135 1506 2222 inducente,
1543 2144 1718 2230 morteque
1749 2141 1953 2233 perniciosa,

583 2252 625 2323 ab
653 2255 742 2323 omni
768 2250 951 2323 rebellione
978 2251 1187 2335 intolerabili,
1216 2263 1249 2322 et
1275 2275 1294 2322 a
1324 2253 1465 2322 saevitia
1493 2250 1689 2322 daemonum
1713 2263 1952 2348 apostatamrm,

582 2392 603 2438 a
636 2367 759 2457 caede,
795 2377 828 2437 et
861 2366 1057 2439 aillictione:
1099 2389 1185 2461 qnae
1216 2370 1327 2438 omnia
1360 2376 1499 2461 propter
1531 2376 1670 2460 peccata
1707 2378 1826 2440 nostra
1858 2369 1952 2442 nobis

582 2486 838 2577 superveniunt3
865 2492 898 2552 et
924 2481 1108 2554 referemus
1135 2480 1193 2552 tibi
1220 2481 1382 2573 gloriam,
1410 2492 1472 2552 etc.

685 2598 848 2691 Populus.
899 2597 1019 2667 Amen.

686 2711 861 2783 Sacerdos
888 2712 1081 2782 inclino-tua.
1134 2712 1303 2783 Memento
1329 2713 1473 2783 Domine
1500 2713 1643 2782 omnium
1670 2711 1805 2782 Patrum
1827 2710 1952 2784 Ortho-

581 2828 766 2918 doxornm,
793 2830 847 2922 qui
874 2852 893 2899 a
921 2826 1021 2899 Petro
1053 2821 1067 2861 ⁶
1094 2826 1336 2923 Apostolorum
1363 2827 1519 2922 Principe
1546 2826 1588 2896 ad
1615 2824 1699 2898 hane
1727 2849 1836 2922 usqne
1869 2825 1952 2897 diem

581 2946 726 3035 vestigia
762 2943 956 3038 Apostolica
997 2946 1102 3014 secuti
1142 2952 1234 3033 sunt,
1277 2942 1395 3015 domos
1431 2941 1687 3014 Ecclesiasticas
1726 2942 1952 3030 firmaverunt,

580 3068 828 3154 praeceptaque
855 3057 1062 3150 Evangelica
1089 3057 1314 3129 custodierunt
1340 3068 1374 3127 et
1399 3056 1630 3151 perfecerunt,
1658 3067 1692 3128 et
1718 3079 1820 3152 super
1840 3066 1952 3154 petras

580 3176 726 3269 petrinas
753 3170 975 3245 fundaverunt
1001 3172 1188 3245 Ecclesiam
1216 3183 1324 3243 tuam:
1351 3171 1538 3267 Praecipue
1565 3183 1673 3243 autem
1700 3175 1798 3243 trium
1815 3174 1837 3244 l'
1856 3173 1952 3270 Syn·

582 3289 723 3361 odorum
759 3298 965 3378 sanctarum,
1001 3299 1035 3360 et
1070 3311 1185 3362 eorum
1213 3291 1267 3382 qui
1294 3289 1442 3382 primarii
1469 3294 1500 3358 in
1527 3286 1590 3358 illis
1617 3286 1768 3374 fuerunt3
1795 3284 1831 3358 nt
1857 3291 1953 3360 etiam

581 3427 696 3476 eorum
725 3407 780 3499 qui
809 3403 967 3499 deinceps
995 3402 1123 3474 illorum
1152 3402 1308 3499 exemplo
1334 3401 1518 3497 perfidem
1546 3414 1673 3475 rectam
1700 3402 1846 3476 illustres
1872 3402 1951 3475 fue·

580 3530 675 3608 runt,
703 3519 895 3607 Athanasii,
921 3521 1098 3614 Dionysii,
1126 3517 1327 3605 Caelestini,
1356 3514 1491 3613 Cyrilli,
1517 3518 1698 3606 Dioscuri,
1725 3518 1822 3608 lulli,
1842 3518 1951 3590 Joan-

579 3639 650 3720 nis,
676 3634 814 3724 Jacobi,
843 3634 1018 3727 Gregorii,
1044 3636 1269 3728 Dioscorique
1281 3636 1438 3724 junioris,
1466 3633 1837 3730 reliquorurnqneqnos
1854 3656 1950 3705 corn-

580 3771 822 3838 memoramnS,
849 3760 1033 3835 memento,
1061 3759 1095 3819 ct
1121 3753 1264 3842 quietem
1291 3748 1355 3820 illis
1382 3759 1527 3844 praesta.

684 3863 834 3935 Eleooua
859 3888 985 3935 rocem.
1038 3864 1164 3935 Eorum
1191 3869 1245 3957 qui
1273 3874 1427 3957 tanquam
1455 3865 1630 3936 columnae
1657 3868 1833 3953 veritatiS,
1871 3888 1950 3937 ere-

580 3988 704 4048 xerunt
735 3990 768 4050 et
810 3981 1090 4051 conlnrnaverunt
1129 3978 1302 4050 Ecclesiae
1345 3989 1416 4050 tuas
1452 3988 1605 4066 sanctas,
1646 3983 1701 4073 qui
1734 3990 1950 4073 portaverunt

580 4093 710 4185 pondus
738 4094 802 4165 diei
834 4107 867 4166 et
900 4105 1046 4167 aestum:
1083 4097 1137 4188 qui
1172 4094 1325 4166 athletice
1358 4098 1538 4166 certamina
1572 4095 1746 4191 praeclara
1782 4095 1951 4166 ediderunt

579 4207 748 4298 religionis
775 4232 893 4281 causa:
921 4214 976 4304 qni
1004 4220 1106 4281 totum
1134 4209 1248 4281 orbem
1278 4208 1428 4280 doctrina
1455 4233 1516 4281 sua
1544 4210 1654 4281 divina
1687 4209 1950 4282 illustraverunt:

487 4331 490 4336 '
581 4323 635 4412 qui
663 4319 858 4416 depulerunt
884 4348 1000 4397 onrnes
1028 4325 1187 4395 haereses
1215 4324 1290 4396 falsi
1318 4328 1478 4414 nominis,
1506 4328 1649 4413 erroris,
1681 4326 1950 4422 seductionisqne

578 4434 806 4528 plenissimas:
833 4443 886 4533 qni
914 4440 1083 4511 lucernam
1111 4440 1188 4511 lidei
1215 4463 1316 4534 super
1350 4440 1586 4512 candelabrum
1619 4441 1865 4513 accenderunt:
1899 4446 1951 4538 qui

578 4548 699 4620 nullam
726 4542 931 4625 terrenarum
958 4578 1068 4626 rerum
1097 4555 1348 4627 sollicitudinem
1376 4554 1579 4644 habuerunt,
1614 4579 1725 4651 neque
1758 4556 1853 4630 obliti
1880 4569 1951 4630 sunt

578 4668 753 4755 passiones
766 4667 927 4740 salutares
942 4668 1016 4740 Filii
1032 4673 1090 4741 tui:
1103 4674 1156 4764 qui
1176 4670 1368 4742 refellerant
1379 4670 1585 4762 abnegantes
1604 4675 1866 4744 incarnationem
1879 4671 1951 4744 Filii

578 4782 642 4849 tui:
664 4790 697 4850 et
723 4782 847 4852 iontem
870 4788 973 4869 vitae,
1002 4790 1240 4879 susceptricem
1257 4784 1340 4855 lucis
1361 4789 1497 4857 etvitae
1511 4788 1705 4878 genitricem
1728 4787 1792 4857 Del
1812 4788 1951 4881 praedi-

578 4903 751 4985 caverunt,
774 4919 840 4968 non
869 4898 956 4991 quod
978 4923 1023 4970 cx
1042 4924 1083 4972 ea
1110 4903 1233 4972 initium
1262 4900 1415 4971 divinitas
1443 4905 1620 4996 acceperit,
1648 4901 1707 4973 sed
1736 4902 1827 4995 quod
1853 4884 1887 4973 in
1915 4925 1954 4973 ea

580 5012 725 5080 essentia
749 5013 820 5101 ejus
846 5011 1055 5103 habitaverit,
1076 5027 1108 5086 et
1136 5040 1181 5087 ex
1208 5040 1248 5087 ea
1277 5017 1430 5088 divinitas
1459 5028 1531 5088 orta
1553 5015 1665 5106 suerit,
1691 5029 1831 5112 propter
1859 5040 1954 5112 quam

579 5127 694 5193 vocati
722 5147 835 5197 snmus
861 5126 917 5197 filii
945 5132 989 5199 tui
1017 5130 1197 5201 secundum
1232 5135 1396 5223 gratiam,
1430 5155 1451 5204 o
1478 5133 1581 5203 Pater
1606 5132 1780 5222 coelestis;
1808 5137 1866 5228 qui
1892 5154 1954 5204 nos

577 5235 854 5312 confirmaverunt
884 5244 916 5313 in
949 5243 1014 5315 fide
1048 5243 1262 5337 Orthodoxa,
1295 5271 1360 5341 qua
1395 5251 1428 5319 in
1462 5258 1495 5319 te
1529 5247 1716 5341 credimus,
1752 5258 1788 5319 et
1822 5248 1952 5342 absque
