5150 6534
595 837 669 913 luo
1104 841 1461 920 tiuunuin

593 1025 712 1097 stolam
744 1027 831 1099 illam
865 1050 988 1101 novam
1022 1026 1152 1119 gloriae
1186 1032 1367 1123 accipiant,
1404 1029 1560 1101 ardenter
1591 1033 1843 1126 concupiscunt:
1878 1030 1970 1103 unde

593 1141 713 1214 absunt
738 1144 1006 1232 moestitudines,
1033 1153 1068 1214 et
1092 1144 1149 1216 nbi
1176 1145 1298 1237 gaudia
1331 1149 1555 1240 reperiuntur:
1587 1167 1673 1217 unus
1708 1149 1795 1218 euim
1828 1149 1968 1218 omnino

593 1267 628 1327 et
653 1258 744 1331 solus
771 1264 866 1332 visus
894 1269 1038 1333 estnon
1064 1263 1210 1331 irretitus
1243 1260 1455 1355 passionibus
1478 1266 1624 1357 peccati,
1652 1285 1698 1333 ex
1723 1261 1787 1337 illis
1814 1266 1871 1358 qui
1897 1261 1968 1336 hu-

568 1395 689 1485 ‘mano
716 1396 860 1471 corpore
886 1376 988 1447 induti
1014 1376 1163 1464 luerunt,
1196 1375 1324 1447 scilicet
1355 1378 1456 1449 Jesus
1483 1377 1633 1451 Christus
1660 1379 1822 1453 Dominus
1848 1389 1968 1452 noster

592 1492 778 1581 unigenitus
804 1492 908 1564 Filius
935 1504 1027 1581 tuus,
1055 1514 1117 1586 per
1144 1505 1242 1586 quem
1268 1513 1332 1565 uos
1367 1497 1465 1564 etiam
1497 1516 1670 1590 speramus
1701 1495 1966 1568 misericordiam

593 1611 773 1700 consequi,
800 1616 862 1680 etc.

696 1724 856 1815 Populus.
885 1726 1038 1810 Quietem
1065 1734 1210 1818 praesta.

696 1838 870 1913 Sacerdos
896 1840 1032 1911 elevares
1058 1862 1183 1910 vocem.
1222 1836 1351 1926 Aufer,
1377 1842 1532 1929 ignosce,
1559 1849 1593 1911 et
1619 1839 1694 1910 dele
1720 1852 1862 1935 peccata
1894 1861 1963 1915 no-

494 2043 498 2054 λ
593 1964 661 2025 stra
688 1956 798 2042 Deus,
834 1979 921 2049 quae
947 1959 1171 2028 commisimus
1201 1977 1263 2049 per
1295 1956 1453 2027 remissas
1486 1957 1729 2045 cogitationes,
1761 1964 1798 2026 et
1827 1979 1962 2051 quasa

594 2075 735 2166 pueritia
769 2082 884 2145 nostra
918 2071 961 2144 ad
997 2058 1201 2143 senectutem
1233 2092 1358 2164 usque,
1395 2083 1530 2164 aperta,
1564 2078 1598 2140 et
1631 2081 1711 2142 nota
1743 2079 1837 2159 sunt,
1869 2072 1962 2144 Dens

593 2196 726 2259 noster:
754 2188 942 2260 voluntaria
969 2190 1045 2259 sive
1071 2185 1306 2273 involuntaria,
1334 2208 1375 2256 ea
1394 2188 1591 2280 praesertim
1620 2184 1738 2281 (pibus
1764 2190 1799 2257 in
1824 2184 1961 2260 suendo

592 2305 665 2374 sine
691 2301 773 2390 line,
800 2304 1028 2374 condemnatio
1056 2310 1259 2397 praeparata
1286 2309 1347 2372 est.
1400 2301 1453 2372 Da
1480 2302 1578 2374 nobis
1605 2313 1640 2373 ιιι
1666 2301 1798 2397 quando
1821 2305 1903 2393 justi
1929 2306 1961 2376 in

593 2417 715 2489 horrea
742 2422 839 2490 tritici
867 2417 1070 2504 deferentur,
1099 2426 1132 2488 et
1158 2420 1248 2511 impii
1276 2421 1371 2510 quasi
1397 2417 1493 2512 palea
1525 2416 1778 2505 comburentur,
1808 2428 1845 2489 ut
1878 2422 1961 2490 inter

593 2537 727 2625 agmina
754 2534 952 2606 Sanctorum
979 2544 1108 2606 tuorum
1135 2531 1308 2604 laudemus
1342 2543 1391 2623 te,
1419 2543 1552 2605 etcum
1580 2533 1723 2625 Angelis
1754 2537 1820 2605 tuis
1855 2557 1960 2605 cana-

592 2672 665 2722 mus
692 2650 858 2721 dicentes:
885 2648 1079 2722 benedictus
1106 2648 1163 2719 ille
1190 2652 1244 2742 qui
1272 2652 1366 2720 veuit
1392 2648 1434 2718 ad
1461 2648 1600 2721 salutem
1627 2658 1789 2738 nostram,
1815 2660 1851 2721 et
1876 2672 1959 2722 nnuc

592 2769 686 2838 venit
712 2765 753 2837 ad
779 2768 1026 2837 innovationem
1053 2776 1221 2851 nostram,
1252 2772 1287 2834 ut
1313 2767 1347 2834 in
1373 2763 1437 2836 ho'c
1463 2768 1548 2835 sicut
1582 2776 1617 2836 et
1652 2769 1684 2835 in
1718 2763 1888 2852 omnibus,
1917 2765 1957 2838 alr

594 2878 745 2953 omnibus
772 2881 975 2973 glorificetur
1001 2892 1035 2952 et
1060 2880 1212 2952 laudetur
1245 2900 1366 2950 nomen
1400 2890 1489 2952 tuum
1521 2879 1746 2953 honorandum
1782 2891 1817 2951 sl
1851 2881 1958 2953 hene-

593 2994 734 3084 dictum‚
762 3007 795 3068 et
821 2997 918 3069 simul
943 2997 1075 3068 Domini
1102 2998 1208 3068 nostri
1243 2996 1326 3066 Jesu
1358 2993 1493 3084 Christi,
1525 3006 1560 3068 et
1592 2996 1734 3091 Spiritus
1765 2999 1814 3067 tui
1847 2999 1957 3082 sancit

592 3133 696 3199 nuuc,
725 3122 788 3185 etc.

696 3228 858 3321 Populus.
887 3229 989 3301 Sicut.

696 3344 881 3417 Sacerdos.
909 3345 993 3417 Pax.

697 3460 859 3553 Populus.
885 3459 930 3531 Et
956 3483 1030 3532 cum
1057 3462 1174 3554 spiritu
1202 3469 1266 3529 tuo.

698 3574 882 3646 Sacerdos.
909 3576 1162 3648 Misericordiae
1188 3575 1252 3646 Dei
1279 3577 1361 3659 sint,
1389 3584 1451 3644 otc.

696 3691 856 3784 Populus.
884 3692 927 3763 Et
956 3717 1030 3765 cum
1056 3695 1173 3786 spiritu
1200 3701 1265 3761 tuo.

696 3808 882 3879 Diaconos.
909 3809 1079 3899 Angelus,
1106 3820 1169 3879 ete.

698 3924 872 3994 Sacerdos
894 3928 1028 4018 frangit
1056 3923 1220 3993 oblatam.
1302 3919 1479 3990 Diaconos
1506 3922 1591 3990 dicit
1616 3920 1837 3991 Catholicam.

835 4249 1009 4320 Sacerdos
1036 4250 1120 4318 dicit
1149 4247 1344 4318 Orationem
1370 4253 1450 4315 ante
1476 4248 1576 4317 Pater
1603 4256 1729 4317 noster.

700 4455 791 4525 Deus
819 4458 873 4547 qui
900 4477 960 4548 per
988 4457 1135 4549 spiritum
1164 4464 1251 4524 tuum
1278 4451 1408 4524 locutus
1435 4475 1473 4523 es
1501 4455 1533 4521 iu
1560 4451 1753 4548 ProphetiS,
1789 4461 1823 4521 et
1856 4471 1957 4547 prae·

597 4570 714 4640 dicasti
740 4592 800 4664 per
826 4570 1011 4665 Apostolos
1039 4571 1221 4641 doctrinam
1249 4568 1460 4638 sufficientem
1489 4568 1530 4637 orl
1558 4566 1779 4663 inspirandam
1800 4564 1958 4637 mentibus

597 4688 720 4758 nostris
747 4688 959 4780 sapientiam,
987 4696 1021 4756 et
1047 4709 1107 4780 per
1135 4707 1194 4756 eos
1223 4682 1459 4754 commendasti
1486 4681 1564 4753 illud
1592 4682 1679 4778 quod
1706 4704 1826 4755 sensus
1858 4681 1960 4776 spiri-

597 4799 703 4872 tuales
731 4804 859 4871 animae
886 4812 1060 4896 purgaret,
1090 4812 1123 4872 ct
1149 4800 1237 4895 quod
1265 4802 1349 4871 ostia
1377 4810 1492 4894 aperta
1525 4802 1642 4894 capitis
1675 4800 1827 4894 corporis
1860 4797 1963 4868 nostri

597 4914 783 4986 mundaret:
812 4915 1028 4987 obsecramus
1062 4927 1096 4987 et
1128 4915 1346 5011 deprecamur
1380 4936 1525 4986 amorem
1561 4937 1645 5006 erga
1679 4913 1828 4985 homines
1861 4921 1961 4997 ιιιιιιιι,

598 5043 631 5102 et
647 5034 824 5113 ,caritatem
853 5041 940 5104 tuam
967 5035 1138 5119 eximiam,
1166 5042 1202 5102 ut
1229 5035 1361 5126 aperias
1389 5053 1486 5103 aures
1522 5030 1669 5103 cordium
1703 5040 1893 5103 nostrorum
1920 5023 1963 5097 ad

599 5145 793 5217 audiendam
822 5151 1004 5219 orationem
1037 5149 1260 5234 Dominioam,
1295 5171 1379 5242 quae
1410 5152 1482 5243 ipsa
1517 5157 1569 5218 est
1604 5170 1700 5242 quam
1734 5146 1897 5218 Dominus
1931 5149 1967 5212 ct

598 5259 690 5333 Deus
717 5274 831 5334 noster
857 5267 1043 5356 unigenitus
1070 5261 1172 5335 Filius
1199 5273 1292 5350 tuus,
1319 5267 1452 5336 initiatis
1484 5267 1644 5360 mysterio
1679 5284 1761 5351 suo,
1794 5273 1828 5335 et
1859 5260 1967 5334 lanui-
