5150 6534
786 856 839 932 ΙΝ
870 851 1167 974 litabatis
1203 849 1476 931 siliacus,
1761 849 1812 925 85

449 1045 480 1100 et
503 1036 683 1102 Sacerdotes
706 1056 803 1121 aeque
826 1039 963 1119 imperiti,
985 1037 1043 1100 illis
1066 1037 1220 1099 codicibus
1249 1043 1415 1099 uterentur.
1466 1036 1607 1097 Testatur
1629 1035 1706 1098 enim
1727 1035 1813 1097 lian-
1881 1054 1978 1124 vom,
2006 1056 2041 1106 a.
2069 1056 2135 1109 nm

449 1137 537 1199 dinus
559 1137 703 1218 quosdam
724 1138 862 1201 llissales
885 1138 979 1200 libros
1001 1154 1018 1198 a
1041 1154 1076 1198 se
1097 1144 1237 1218 repertos
1260 1154 1327 1199 cum
1350 1135 1497 1216 ejusmodi
1518 1134 1609 1210 vitio,
1638 1153 1696 1216 qna
1718 1150 1813 1197 occa·
1842 1138 1930 1204 loon,
1948 1158 1975 1209 p.
2000 1141 2060 1195 too.
2074 1160 2134 1212 paq.

447 1235 536 1299 mone
564 1236 718 1317 lnterpres
755 1245 841 1300 notas
870 1236 981 1318 adjecit
1011 1237 1040 1297 in
1071 1234 1179 1316 quibus
1217 1242 1363 1315 excerpta
1393 1253 1433 1296 ex
1462 1234 1558 1297 tribus
1585 1233 1644 1296 illis
1668 1233 1813 1314 liturgiis
1842 1225 1904 1278 3⁴⁰·

448 1334 585 1400 inseruit.
628 1335 670 1398 At
692 1336 906 1400 Maronitarum
928 1336 996 1398 libri
1019 1336 1062 1397 illi
1085 1352 1144 1396 non
1166 1341 1263 1410 erant,
1285 1334 1342 1396 sed
1362 1333 1575 1412 lacebitarum,
1597 1340 1631 1395 ut
1652 1331 1722 1395 alibi
1743 1349 1812 1394 mo-

448 1434 574 1496 nuimus.
1535 1492 1539 1502 .

536 1532 624 1606 Quod
650 1550 726 1596 vero
756 1533 837 1598 idem
860 1534 996 1616 adjunxit
1025 1533 1225 1614 conjectatum
1253 1532 1347 1595 luisse
1376 1531 1540 1595 Naironum
1570 1532 1719 1614 liturgias
1747 1530 1814 1592 illas
1860 1532 1966 1587 bairam
1989 1532 2135 1601 conjectura

448 1627 513 1694 τῶν
528 1628 826 1717 ,conponendam
854 1635 919 1696 sive
946 1633 1284 1712 Proeaanetificatomim
1312 1649 1397 1709 esse,
1432 1631 1538 1693 merito
1569 1631 1598 1693 id
1625 1629 1814 1712 improbavit,
1827 1620 1962 1673 ‘tftffifflf-

450 1732 583 1812 wamiis
606 1731 757 1815 liturgias
780 1733 860 1813 ipsas
883 1750 944 1794 non
966 1731 1101 1795 vidisset.
1146 1730 1209 1793 Nos
1240 1732 1290 1811 qui
1313 1730 1430 1792 illarum
1452 1729 1634 1810 exemplaria
1656 1729 1744 1811 plura
1765 1730 1815 1790 vi-

449 1827 555 1908 dimus,
579 1837 664 1893 certo
686 1831 832 1893 alllrmare
853 1847 1024 1912 possumus,
1047 1829 1119 1892 nibil
1141 1830 1198 1891 hac
1220 1832 1394 1911 conjectura
1410 1847 1479 1892 esse
1494 1830 1622 1892 inanius.
1656 1829 1730 1891 Nam
1752 1836 1817 1891 tota

450 1928 544 1991 Officii
565 1928 764 1992 Eucharistici
786 1931 893 2007 series,
916 1929 966 1991 vel
981 1916 1167 1993 ἀκολουθία
1183 1937 1216 1991 ut
1237 1947 1303 1991 eam
1327 1946 1448 2009 quoque
1471 1926 1540 2009 Syri
1562 1937 1683 2005 vocant,
1706 1946 1816 2008 nempe

449 2028 486 2089 ab
510 2028 615 2090 osculo
638 2028 721 2109 pacis
742 2046 840 2107 usque
862 2029 900 2090 ad
922 2029 1170 2105 communionem,
1193 2027 1251 2089 illis
1273 2027 1416 2109 liturgiis
1440 2029 1618 2091 continetur.
1657 2026 1718 2091 Sed
1738 2028 1815 2089 Nai-

448 2144 543 2189 ronus
566 2128 633 2192 talis
656 2146 718 2190 non
740 2134 817 2205 erat,
840 2137 874 2190 ut
894 2130 1017 2190 istarum
1040 2145 1140 2191 rerum
1161 2128 1287 2191 idoneus
1306 2128 1401 2209 judex
1424 2128 1529 2190 baberi
1551 2134 1664 2209 posset
1708 2127 1815 2207 Neque

451 2228 550 2309 magis
571 2246 644 2290 vera
672 2227 915 2289 commentatoris
945 2228 1063 2307 opinio,
1093 2228 1160 2288 dum
1188 2228 1448 2308 interpolationem
1476 2226 1556 2289 illam
1584 2226 1691 2289 relerri
1720 2225 1817 2288 voluit

452 2326 489 2388 ad
513 2326 675 2389 doctrinam
698 2326 900 2389 Orientalibus
922 2327 1122 2409 incognitam,
1145 2328 1203 2388 nisi
1226 2326 1382 2388 eruditulis
1406 2326 1464 2388 illis
1488 2327 1538 2407 qui
1561 2345 1627 2389 eam
1649 2326 1680 2385 in
1701 2324 1814 2387 Latinis

451 2424 636 2506 'lbeologiae
664 2424 814 2488 subselliis
846 2424 1023 2488 didicerunt.
1081 2425 1113 2487 ld
1149 2425 1237 2487 etiam
1270 2424 1369 2488 obiter
1403 2425 1587 2487 notabimus:
1623 2425 1757 2504 quamvis
1785 2425 1815 2485 in

451 2521 575 2611 Oriente
604 2523 932 2586 Praesanctilicatorum
960 2524 1052 2585 lllissa
1083 2523 1255 2586 celebretur
1278 2524 1395 2586 Graeco
1428 2543 1531 2600 more,
1560 2532 1649 2604 atque
1677 2523 1719 2585 ita
1748 2521 1816 2584 lre-

449 2623 588 2702 quentius
610 2623 702 2706 longe
725 2642 813 2703 quam
835 2625 867 2684 in
887 2623 993 2685 Latina
1015 2623 1164 2702 Ecclesia,
1186 2623 1237 2685 ubi
1269 2641 1342 2685 usus
1364 2622 1443 2685 illius
1470 2623 1563 2685 semel
1592 2630 1706 2685 tantum
1730 2621 1763 2683 fit
1785 2622 1815 2683 in

449 2738 538 2798 anno,
560 2721 647 2784 Faria
670 2722 720 2785 Vl.
744 2723 864 2803 majoris
886 2722 1099 2797 hebdomadae,
1122 2723 1276 2804 singulare
1308 2731 1406 2784 morea
1428 2722 1508 2784 illius
1531 2722 1665 2784 Olllcium
1687 2740 1704 2783 a
1726 2720 1814 2783 nobis

448 2819 507 2909 buc
530 2839 638 2903 usque,
660 2839 717 2884 nec
739 2823 770 2883 in
793 2821 949 2902 Syrorum,
972 2839 1029 2884 nec
1052 2823 1082 2883 in
1105 2821 1290 2903 Coptitarum
1320 2822 1474 2884 codicibus
1502 2829 1655 2902 repertum
1679 2829 1735 2885 est.
1777 2819 1814 2880 ln

450 2918 566 3004 Graeca
595 2922 714 3001 quidem
742 2921 949 2984 Alexandrina
978 2911 1093 2999 Basili,
1122 2922 1254 2984 occurrit
1284 2921 1381 2984 oratio
1410 2939 1488 3001 quac
1522 2941 1563 2983 ex
1590 2920 1675 2983 titulo
1704 2920 1813 2983 dicitur

450 3027 595 3099 excerpta
625 3040 666 3081 em
694 3020 791 3081 Masso
820 3020 1158 3099 Praeconetificotoram
1186 3020 1224 3084 D.
1254 3020 1363 3084 Marci.
1415 3020 1469 3082 llla
1496 3027 1597 3082 tamen
1631 3020 1723 3081 blissa
1753 3036 1816 3081 non

448 3120 602 3199 reperitur
622 3119 653 3180 in
677 3118 790 3181 Codice
813 3118 910 3199 Regio
934 3117 1219 3198 Graeco-Arabico,
1242 3138 1300 3182 nec
1323 3121 1353 3182 in
1375 3119 1523 3199 Copticis:
1553 3119 1632 3200 apud
1660 3118 1755 3200 Syros
1784 3120 1815 3180 in

449 3223 532 3281 tanto
554 3217 755 3300 liturgiarum
779 3230 904 3280 numero
926 3216 1006 3280 nulla
1029 3217 1143 3279 similis.

536 3315 669 3378 Tandem
691 3323 724 3377 ut
745 3315 814 3377 buic
835 3324 958 3378 nostrae
981 3316 1191 3379 observationi
1206 3317 1272 3380 linis
1288 3318 1469 3397 imponatur,
1491 3315 1570 3397 quod
1594 3315 1716 3377 affirmat
1738 3316 1817 3377 idem

448 3414 557 3492 butor,
579 3415 742 3498 liturgiam
766 3414 949 3477 Orientalem
972 3433 1042 3477 esse
1063 3414 1184 3494 nullam,
1215 3433 1294 3497 qnae
1315 3415 1539 3478 invocationem
1566 3413 1694 3496 Spiritus
1718 3415 1815 3476 sancti
1861 3426 1892 3481 Ρ.
1910 3426 1973 3482 316.

449 3512 637 3594 subjunctam
659 3513 762 3576 verbis
784 3513 946 3575 Dominicis
969 3532 1030 3577 non
1060 3514 1181 3590 babeat,
1203 3514 1282 3576 haud
1306 3514 1396 3594 plane
1417 3531 1524 3575 verum
1554 3523 1610 3576 est.
1653 3512 1729 3575 Nam
1751 3513 1816 3575 Ne-

450 3612 649 3675 storianorum
671 3614 822 3694 primaria,
845 3632 921 3693 quae
944 3620 1115 3675 sanctorum
1137 3614 1353 3694 Apostolorum
1376 3614 1498 3691 dieitur,
1527 3613 1609 3674 illam
1630 3631 1692 3676 non
1714 3615 1815 3692 habet,

450 3711 505 3773 sed
527 3712 661 3792 similem,
692 3719 762 3774 ante
792 3730 880 3792 quarn
908 3730 993 3774 sacra
1025 3713 1117 3775 verba
1148 3714 1395 3793 pronuncientur.
1447 3711 1535 3785 Quod
1565 3714 1653 3775 etiam
1679 3712 1730 3773 illa
1759 3730 1816 3793 per

450 3810 626 3873 narrationis
649 3811 767 3873 modum
791 3807 1041 3896 διηγηματικῶς,
1064 3819 1097 3873 nt
1119 3811 1227 3874 Graeci
1239 3812 1341 3874 dicunt
1353 3812 1603 3892 pronuncientur,
1626 3829 1686 3874 non
1700 3812 1814 3873 idcirco

450 3908 568 3987 Graeci,
596 3910 689 3972 multo
721 3912 816 3973 minus
845 3911 928 3992 Syri,
958 3918 989 3971 et
1019 3910 1069 3972 alii
1096 3910 1264 3974 Orientales
1294 3913 1405 3973 virtute
1440 3910 1637 3973 consecrandi
1666 3912 1815 3973 elementa

448 4009 535 4089 panis
558 4010 670 4072 etvini
693 4009 744 4072 illa
766 4009 906 4090 spoliant,
929 4018 961 4072 ut
975 4010 1083 4072 Autori
1101 4010 1265 4091 judicatum
1289 4018 1345 4074 est.
1370 4010 1488 4091 Quippe
1510 4028 1625 4071 sacram
1648 4013 1814 4073 orationem

448 4108 514 4169 aive
536 4110 727 4189 praecipuam
750 4108 829 4171 illam
846 4109 999 4191 liturgiae
1013 4116 1139 4189 partem,
1161 4111 1201 4170 ita
1214 4110 1359 4185 dividunt,
1383 4117 1414 4170 ut
1429 4108 1523 4170 altera
1534 4109 1573 4170 sit
1586 4097 1814 4193 διηγηματικὴ,

447 4209 598 4282 marolio,
620 4207 753 4287 scilicet,
776 4208 978 4288 Evangelieo,
1006 4216 1038 4269 ut
1067 4208 1198 4288 loquitur
1223 4209 1386 4284 Barsalibi3
1417 4208 1512 4271 altera
1541 4199 1727 4293 e‘vepyrsnar}
1757 4226 1813 4271 seu
1871 4197 1874 4202 ’

448 4304 555 4368 ellicax
577 4315 628 4368 aut
649 4295 819 4391 τελεστικῆ
840 4309 906 4370 sive
935 4308 1171 4387 consecratoria,
1195 4326 1282 4388 qnam
1305 4309 1405 4371 dotem
1428 4316 1458 4371 et
1479 4309 1538 4370 vim
1560 4311 1646 4388 prior
1672 4325 1733 4369 non
1755 4307 1814 4369 ba-

448 4403 528 4469 beat.
575 4405 685 4468 Vernm
716 4407 745 4468 id
774 4407 880 4469 volunt
902 4405 1025 4484 Graeci,
1057 4409 1144 4470 etiarn
1174 4407 1287 4471 Latinis
1317 4408 1374 4469 hac
1404 4410 1434 4469 in
1464 4409 1641 4488 quaestione
1671 4407 1813 4489 oppositi,

449 4504 652 4565 necessariam
675 4522 745 4566 esse
767 4506 968 4567 narrationem
988 4524 1037 4567 ex
1064 4505 1243 4590 Evangelio,
1267 4525 1370 4570 eornm
1393 4525 1469 4587 qnae
1492 4506 1629 4570 Christus
1658 4509 1688 4569 in
1712 4507 1814 4568 ultima
1864 4513 1867 4518 “

449 4598 551 4665 Coena
574 4600 791 4666 Eucharistiam
814 4605 971 4668 instituens
993 4603 1065 4666 lecit
1084 4613 1114 4666 et
1127 4606 1211 4683 dixit,
1234 4608 1273 4668 ita
1297 4615 1329 4668 ut
1351 4608 1416 4687 ipsa
1438 4608 1531 4669 verba
1554 4606 1590 4668 ab
1614 4626 1651 4669 eo
1674 4624 1813 4687 pronun-

449 4700 537 4777 ciata,
562 4699 711 4764 Sacerdos
734 4706 921 4784 pronunciet,
945 4722 1003 4784 qua
1025 4706 1141 4767 ratione
1162 4705 1234 4767 lacit
1256 4707 1338 4786 quod
1357 4706 1494 4769 Christus
1517 4706 1597 4783 lecit,
1620 4705 1713 4767 verba
1736 4723 1813 4785 pro·

447 4796 518 4876 fert,
541 4818 619 4880 quae
642 4802 708 4881 ipse
730 4802 863 4882 protulit.
894 4804 948 4865 lllo
971 4822 1063 4866 sensu
1086 4791 1233 4888 διήγησις
1255 4807 1321 4867 sive
1342 4807 1475 4869 narratio
1498 4814 1555 4883 est,
1579 4823 1646 4867 curn
1668 4823 1718 4867 res
1742 4813 1814 4867 tunc

447 4905 545 4978 gesta,
569 4916 629 4961 non
652 4898 739 4961 aliter
761 4919 849 4982 quam
872 4903 1042 4964 narratione
1070 4904 1218 4985 explicari
1246 4907 1352 4986 possit.
1398 4905 1472 4968 Cum
1501 4923 1575 4968 vero
1604 4922 1620 4964 a
1648 4903 1814 4968 Sacerdote
1880 4926 1883 4931 ’

448 5013 536 5059 saera
559 4997 743 5078 celebrante,
767 5009 798 5063 et
819 5019 979 5082 personam
997 5000 1106 5064 Christi
1129 5005 1306 5083 sustinente,
1329 5014 1361 5067 ut
1374 5008 1485 5086 passim
1507 5005 1679 5085 loquuntur,
1702 5022 1815 5066 neces-

448 5097 530 5160 sario
553 5097 680 5159 dicenda
703 5099 762 5160 sint
785 5099 889 5163 eadem
912 5100 1016 5173 verba,
1040 5101 1121 5180 quod
1150 5104 1279 5166 omniurn
1301 5104 1503 5187 liturgiarum
1531 5112 1561 5166 et
1591 5103 1815 5186 'lbeologorum

448 5196 625 5259 testimoniis
647 5198 835 5261 manifestum
858 5207 914 5278 est,
938 5200 1050 5262 inutilia
1073 5202 1146 5280 ipsis
1171 5202 1267 5265 videri
1290 5223 1351 5267 non
1373 5211 1514 5285 possunt:
1543 5204 1644 5284 itaque
1667 5204 1725 5264 vim
1748 5202 1815 5264 elli-

448 5312 552 5358 cacem
573 5296 604 5356 in
626 5295 684 5358 illis
708 5307 887 5381 agnoscunt,
910 5318 988 5380 quae
1010 5298 1090 5360 nulla
1121 5310 1184 5381 est,
1214 5304 1272 5364 nisi
1301 5303 1340 5365 ad
1368 5303 1628 5365 consecrationem
1655 5304 1813 5384 pertineat.

1532 5417 1609 5491 14*
