5150 6534
788 811 1484 930 rn'rrrouarxssrmxexs.
1656 867 1657 870 ‘
1749 854 1822 927 ror

448 1034 529 1096 mide
548 1034 667 1113 famant
687 1033 818 1109 dolores,
840 1036 967 1096 tristitia
988 1043 1018 1095 ct
1036 1036 1174 1113 permitam,
1196 1042 1374 1115 perpetuam
1391 1020 1573 1098 vfelicitatem
1597 1037 1655 1100 illis
1675 1038 1824 1118 postulari

449 1151 538 1196 nemo
567 1149 629 1193 non
656 1131 810 1214 intelligit,
841 1151 918 1213 quae
946 1134 1003 1195 sub
1032 1133 1140 1195 talibus
1170 1134 1356 1213 metaphoris
1385 1133 1580 1214 significetur.
1624 1135 1703 1197 Nihil
1728 1154 1822 1218 porro

449 1231 509 1294 huc
538 1250 634 1312 usque
661 1231 749 1294 nobis
772 1232 905 1295 occurrit
927 1232 957 1292 in
980 1230 1205 1313 Theologorum
1228 1232 1351 1311 scriptis
1375 1240 1426 1293 aut
1448 1232 1478 1292 in
1501 1232 1646 1310 llomiliis,
1669 1235 1749 1297 ande
1771 1236 1822 1297 vel

448 1330 633 1393 levissimum
661 1331 800 1393 indicium
830 1332 897 1411 capi
927 1331 1036 1411 possit,
1067 1339 1188 1392 autores
1215 1329 1332 1391 illarum
1355 1330 1538 1405 orationum,
1562 1348 1640 1410 quae
1663 1352 1703 1394 ex
1725 1334 1822 1396 sacris

448 1428 544 1492 literis
566 1430 778 1510 utplurimum
801 1437 962 1494 contextae
984 1437 1068 1506 sunt,
1100 1430 1260 1509 quidquam
1284 1429 1366 1492 aliud
1388 1430 1559 1511 cogitasse,
1589 1439 1712 1510 praeter
1741 1433 1821 1494 illam

447 1527 631 1607 felicitatem,
655 1528 692 1590 ad
715 1546 803 1610 quam
825 1513 1222 1608 facilius'conscquendam,
1244 1528 1407 1591 viventium
1429 1527 1582 1609 suffragiis
1605 1539 1636 1592 et
1658 1530 1818 1593 Ecclesiae

449 1644 528 1689 voce
550 1626 739 1708 adjuventur.

414 1766 416 1768 ·
537 1725 626 1799 Quod
649 1727 676 1789 si
697 1724 842 1799 nonnulli,
871 1733 903 1787 ut
924 1726 1027 1788 Moses
1054 1723 1220 1805 Barcepha,
1244 1724 1282 1787 ad
1305 1724 1462 1807 vulgarem
1485 1724 1671 1788 Graecorum
1693 1735 1821 1790 senten·
1858 1736 1931 1798 ocae
1948 1739 2024 1805 objici
2037 1749 2143 1807 munt

448 1828 520 1889 tiam
543 1825 870 1906 videntur'parumper
892 1823 1072 1903 declinasse,
1096 1842 1162 1885 curn
1185 1824 1372 1886 Paradisum
1397 1826 1429 1883 ia
1450 1824 1537 1886 Edem
1558 1824 1598 1885 ah
1620 1827 1706 1887 initia
1725 1825 2007 1906 plan-decoramen
2021 1824 2141 1878 orient·-

449 1932 554 1999 tatam,
577 1925 676 1987 locum
697 1942 764 1984 esse
786 1922 858 1984 dicit
880 1923 933 1984 abi
945 1924 1100 2001 justorum
1132 1924 1254 1985 animae
1274 1924 1460 2000 recipiantur
1481 1923 1521 1984 ab
1544 1924 1676 1985 adveatu
1698 1923 1820 2002 Christi,
1832 1912 1893 1964 tium
1911 1929 1968 1964 ⁰¹¹¹¹¹
1987 1910 2098 1965 ⁶⁸¹ssss

449 2031 540 2103 cipue
566 2023 610 2085 ibi
635 2022 814 2084 codocatam
841 2021 939 2099 faisse
968 2020 1040 2082 bani
1065 2020 1212 2083 Latronis
1237 2023 1391 2093 animam;
1418 2031 1489 2097 post
1515 2023 1719 2084 universalem
1745 2041 1820 2087 aero
1849 1998 2141 2051 ⁵¹⁰³·B“'⁰·³‘¹'⁶'⁰‘

448 2121 710 2183 Resurrectionem
731 2121 840 2182 aohites
861 2138 934 2181 aem
954 2118 1099 2197 satarum,
1122 2119 1263 2181 Doctbris
1297 2120 1377 2180 inter
1397 2137 1470 2181 suos
1493 2119 1623 2181 celebris
1647 2121 1820 2200 opinionem
1830 2102 1849 2153 ¹²
1850 2122 1856 2135 '
1872 2084 1895 2137 ¹'
1907 2103 1929 2135 ⁰⁸
1946 2085 1987 2135 13‘

450 2222 659 2301 agnoscimus,
684 2226 714 2281 et
741 2218 849 2299 privati
878 2219 978 2297 potius
1006 2218 1169 2297 judicium,
1196 2235 1284 2297 qnam
1314 2217 1472 2280 Ecclesiae
1502 2217 1688 2280 Jacobitieae
1720 2219 1818 2297 iidem,

450 2320 536 2399 cujus
559 2320 766 2400 expositiones
788 2316 891 2378 variae
915 2314 1036 2396 publiea
1070 2318 1227 2378 autoritate
1250 2317 1399 2397 scriptae,
1430 2317 1526 2378 similo
1556 2317 1628 2379 nihil
1656 2318 1821 2380 continent.

449 2417 509 2481 Sed
531 2434 631 2498 neque
653 2415 844 2479 confirmatur
867 2414 938 2476 iude
948 2414 1132 2476 Graecorum
1155 2432 1234 2476 nova
1258 2415 1436 2496 Theologia,
1460 2417 1518 2477 imo
1532 2418 1634 2496 potius
1655 2418 1818 2478 evertitur:

448 2535 517 2578 nam
540 2517 566 2578 si
588 2518 694 2579 tertius
718 2514 803 2576 locus
826 2514 998 2591 admittitur,
1021 2516 1051 2575 iu
1081 2532 1141 2594 quo
1164 2516 1357 2594 requiescant
1375 2515 1526 2594 justorum
1549 2516 1675 2591 animae,
1698 2515 1764 2577 illas
1787 2518 1819 2578 iu

449 2616 550 2695 quiete
573 2633 667 2698 agere
689 2623 730 2692 et,
754 2615 779 2676 si
802 2631 864 2676 non
886 2614 982 2675 modis
1005 2614 1142 2675 omnibus
1177 2612 1283 2694 plena,
1311 2621 1396 2674 certa
1425 2620 1543 2690 tamon,
1574 2615 1750 2694 timorisque
1780 2615 1820 2678 de

449 2731 504 2776 saa
526 2713 624 2777 salute
647 2731 743 2776 vacua
771 2714 914 2775 felicitate
944 2712 1068 2794 perfrui,
1100 2714 1206 2794 negari
1236 2731 1296 2774 non
1323 2720 1433 2791 potest
1477 2713 1619 2790 Accedit,
1651 2714 1731 2794 quod
1762 2715 1820 2794 ipsi

449 2831 526 2894 qnae
550 2815 581 2875 in
602 2812 714 2874 Latinis
736 2811 886 2888 damnant,
909 2814 1105 2890 committunt,
1128 2830 1195 2873 cum
1211 2813 1317 2874 tertius
1333 2812 1384 2874 ille
1408 2812 1504 2891 locus,
1528 2814 1578 2893 qui
1601 2832 1658 2874 nec
1681 2812 1818 2876 internus

449 2912 499 2990 sit,
522 2930 579 2973 nec
601 2910 729 2987 coelum,
751 2911 807 2973 sed
829 2911 988 2972 Paradisus
1019 2913 1188 2990 terrestris,
1221 2912 1251 2973 in
1279 2929 1340 2992 quo
1371 2913 1467 2974 sancti
1495 2911 1533 2974 ad
1560 2912 1691 2976 ultimum
1719 2931 1817 2993 nsque

448 3011 590 3093 judicium
612 3010 731 3091 plenam
753 3010 967 3072 beatitudinem
990 3017 1163 3091 expectent,
1186 3009 1296 3071 nullam
1324 3009 1415 3072 habet
1437 3012 1467 3072 in
1489 3011 1646 3091 scripturis
1669 3012 1817 3072 autorita-

449 3116 520 3188 tem,
543 3128 611 3172 cmu
633 3110 711 3192 ignis
734 3111 927 3192 purgatorius
950 3110 980 3169 in
1009 3128 1045 3171 ea
1074 3108 1226 3187 fundetur,
1247 3110 1333 3189 juxta
1357 3109 1475 3171 Patrum
1498 3111 1656 3172 multorum
1680 3112 1818 3172 Gracco-

448 3225 514 3270 rum
542 3216 573 3271 et
601 3209 774 3271 Latinorum
796 3209 984 3272 sententiam.
1030 3207 1061 3270 Si
1084 3209 1206 3270 diversa
1233 3208 1359 3270 aliorum
1389 3202 1438 3270 de¹
1455 3208 1514 3271 illis
1544 3211 1618 3288 ipsis
1647 3211 1817 3290 scripturae

449 3308 524 3370 locis
543 3308 656 3390 judicia
686 3307 822 3370 fuerunt:
852 3315 882 3369 at
911 3307 949 3369 de
980 3326 1013 3369 re
1042 3308 1107 3387 ipsa
1138 3325 1305 3369 cousensus
1335 3307 1454 3369 illorum
1484 3316 1589 3388 aperte
1619 3315 1719 3386 patet,
1750 3325 1818 3367 cum

450 3407 621 3488 opinionem
644 3407 681 3469 de
704 3408 831 3470 utilitate
854 3408 1022 3468 orationum
1053 3416 1083 3468 et
1112 3406 1327 3469 sacrificiorum
1350 3424 1407 3487 pro
1431 3405 1579 3467 defunctis
1602 3405 1756 3483 fidelibus,
1787 3412 1819 3466 et

450 3505 635 3586 disciplinam
658 3506 792 3569 camdem
815 3505 926 3587 ubique
949 3508 1149 3584 servaverint,
1173 3507 1293 3568 omissis
1315 3506 1406 3566 variis
1429 3504 1664 3585 quaestionibus,
1688 3506 1819 3567 curiam
1859 3537 1861 3540 v

444 3608 548 3684 potius
570 3623 660 3685 paam
682 3608 725 3668 ad
743 3606 876 3685 fidelium
887 3607 1127 3683 aedificationem
1149 3606 1280 3681 utilibus,
1303 3614 1333 3666 et
1354 3624 1394 3665 ca
1415 3604 1522 3684 paihm
1541 3606 1715 3683 piorumque
1736 3605 1820 3666 matio

446 3704 623 3783 fitpietotis
645 3706 791 3768 accessio.
820 3702 881 3764 Eas
904 3722 921 3765 a
945 3702 1140 3783 popularibus
1164 3704 1359 3766 concionibus
1381 3703 1495 3764 secludi
1518 3701 1818 3782 jubet'lridentinnm
1866 3716 2139 3770 camaracense.

450 3800 630 3864 Concilium:
655 3804 767 3864 ineerta
791 3803 891 3876 etiam,
914 3801 963 3863 vel
987 3820 1064 3882 quac
1086 3803 1190 3882 specie
1213 3802 1280 3864 lalsi
1303 3801 1450 3876 laborant,
1474 3800 1613 3881 evulgari
1636 3820 1672 3863 ac
1696 3803 1818 3864 tractari

448 3900 597 3979 prohibet.
637 3899 717 3962 Nihil
741 3908 840 3961 tamen
862 3900 1049 3979 frequentius
1073 3917 1090 3960 a
1114 3902 1290 3980 quibusdam
1313 3900 1480 3963 hominibus
1503 3899 1683 3961 inculcatum
1706 3900 1835 3987 Orien-⁹

448 3999 556 4062 talibus
578 3999 643 4076 fuit,
666 4017 755 4080 quam
776 3999 852 4061 baec
875 4001 984 4074 omnia,
1007 3998 1126 4078 quibus,
1150 4001 1175 4060 si
1200 4000 1390 4062 Tridentinos
1414 3999 1518 4059 Patres
1542 3997 1721 4074 audiissent,
1744 4000 1819 4061 abs-

449 4098 545 4159 tinere
574 4098 725 4160 debebant
752 4099 830 4160 inter
856 4098 1020 4180 populares
1044 4117 1134 4177 suos,
1163 4098 1390 4177 multomagis,
1421 4098 1459 4159 de
1482 4095 1540 4157 fide
1564 4104 1726 4159 tractantes
1751 4116 1817 4160 eum

446 4196 615 4259 bominibus
638 4196 778 4275 indoctis,
802 4217 878 4278 quos
903 4197 1085 4260 Catholicam
1116 4205 1147 4260 et
1169 4195 1373 4268 Orthodoxam
1396 4194 1484 4257 fidem
1508 4195 1621 4258 docere
1643 4198 1715 4258 satis
1740 4204 1816 4260 erat.

533 4296 628 4358 Unum
651 4296 794 4359 addemus
816 4306 847 4360 et
869 4297 987 4378 quidam
1012 4297 1097 4377 hujus
1126 4297 1250 4378 generis
1273 4300 1498 4375 argumentum,
1526 4295 1606 4374 quod
1638 4296 1756 4357 maximi
1779 4294 1815 4356 ad
1860 4310 2139 4380 Agnoscunrorrenn-

446 4394 526 4456 illam
548 4398 755 4475 quaestionem
778 4396 985 4478 explicandam
1009 4398 1147 4458 momenti
1170 4404 1227 4459 cst.
1272 4393 1390 4454 liabent
1420 4394 1582 4473 antiquitus
1606 4392 1715 4457 Graeci
1741 4413 1815 4457 ver·
1829 4399 1867 4451 tes
1886 4406 1912 4450 ct
1930 4397 2033 4448 laudam
2048 4397 2139 4448 hiato-

415 4479 420 4486 *
446 4494 563 4556 sionem
573 4494 770 4578 Dialogorum
783 4495 922 4577 Gregorii
938 4498 1045 4575 Papae,
1069 4514 1156 4577 quarn
1180 4513 1235 4575 per
1258 4494 1349 4555 multa
1372 4492 1493 4554 saecula
1516 4511 1583 4554 curn
1607 4492 1876 4555 aedificationett⁰⁸
1894 4482 2010 4552 ⁶¹⁰a⁰¹fl
2026 4481 2120 4549 Papio.

445 4592 589 4676 legerunt
610 4602 640 4656 et
662 4595 879 4675 probaverunt,
903 4597 960 4657 etsi
989 4596 1079 4657 multa
1109 4597 1147 4656 dc
1170 4594 1348 4673 Purgatorio
1372 4592 1482 4653 inillis
1506 4594 1723 4655 contineantur.
1768 4592 1817 4653 Ex

447 4690 565 4755 Graeca
587 4694 749 4768 Versione,
771 4693 903 4756 Arabica
927 4693 1004 4755 lacta
1020 4701 1077 4768 est,
1101 4710 1179 4754 anno
1195 4694 1378 4754 Graecorum
1391 4690 1499 4753 leCl.
1515 4689 1542 4751 J.
1556 4690 1590 4753 C.
1602 4689 1815 4753 occlxxlx.

447 4792 532 4872 cujus
554 4792 711 4873 exemplar
734 4801 803 4854 ante
826 4811 921 4855 annos
951 4794 1177 4872 septingentos,
1206 4793 1351 4871 scriptum
1384 4792 1414 4851 in
1443 4789 1641 4865 membranis,
1672 4794 1756 4849 extat
1787 4787 1816 4846 in

446 4890 631 4952 bibliotheca
655 4891 838 4954 colbertina.
884 4891 927 4953 lta
949 4909 1048 4970 neque
1080 4891 1324 4971 Graeciaeque
1353 4889 1472 4950 Arabes
1501 4887 1661 4950 Christiani
1688 4887 1816 4968 ignora-

445 4998 555 5051 verunt
577 4991 647 5070 qnid
670 4990 763 5072 vulgo
786 4991 949 5052 doceretur
970 4993 1000 5052 in
1022 4991 1154 5052 Romana
1178 4989 1327 5066 Ecclesia,
1350 5006 1450 5070 neque
1473 4995 1572 5049 tamen
1595 4993 1665 5046 ante
1688 4984 1817 5046 Floren-

445 5090 537 5150 tinam
560 5088 715 5169 synodum
737 5092 946 5152 controversia
969 5089 1007 5151 de
1031 5091 1210 5170 Purgatorio
1241 5088 1301 5151 ulla
1323 5088 1386 5150 luit.
1432 5088 1530 5148 Antea
1561 5085 1652 5165 igitur
1680 5083 1817 5164 perlecta

445 5196 512 5251 erat
540 5187 578 5250 de
607 5188 743 5251 doctrina
773 5190 949 5267 consensio,
981 5207 1059 5268 quae
1090 5190 1225 5251 similiter
1253 5190 1401 5269 utrimque
1431 5186 1612 5248 observatae
1642 5182 1817 5263 disciplinae

443 5287 659 5369 respondebat.
705 5287 836 5350 Turbata
859 5288 909 5350 illa
932 5295 987 5367 est,
1012 5306 1081 5349 oum
1112 5287 1257 5351 adversus
1280 5287 1424 5368 quosdam
1448 5282 1640 5364 Theologos,
1671 5281 1723 5362 qui
1750 5279 1819 5342 for-

482 5424 606 5469 rcmasrt
1288 5469 1291 5473 ,
1561 5400 1608 5471 17
1657 5426 1665 5434 ·
