5150 6534
919 871 960 946 IN
985 868 1191 945 Luuaamu
1215 865 1410 943 ΜΑΤΤΗΑΕΙ
1435 866 1625 944 PASTORIS.
1892 862 1966 937 355

600 1054 628 1117 si
650 1055 716 1136 quis
738 1053 820 1117 litem
842 1060 972 1129 moveat,
995 1061 1028 1114 ut
1050 1070 1156 1115 vocem
1180 1052 1343 1134 Syriacam,
1367 1050 1405 1113 ad
1428 1051 1592 1131 simplicem
1612 1050 1861 1136 designationem,
1884 1047 1968 1129 typi-

600 1172 730 1234 camque
769 1153 1019 1237 significationem
1056 1150 1166 1214 reterri
1197 1151 1310 1213 debere
1338 1150 1515 1225 contendat,
1542 1148 1622 1212 facili
1650 1151 1773 1235 negotio
1801 1147 1968 1212 refelletur.

599 1252 675 1314 Nam
699 1270 765 1313 cnm
789 1253 893 1314 eadem
917 1269 980 1328 res,
1003 1250 1121 1312 divinus
1143 1249 1259 1311 scilicet
1282 1249 1425 1325 effectus,
1449 1248 1540 1310 variis
1563 1250 1665 1312 verbis
1688 1250 1871 1331 postuletur,
1902 1266 1968 1309 eam

601 1351 696 1413 solam
718 1350 967 1432 significationem
990 1350 1169 1426 convenire,
1197 1368 1275 1430 quae
1298 1348 1433 1429 petitioni
1456 1349 1654 1427 respondeat,
1686 1349 1884 1412 certissimum
1911 1355 1968 1409 est.

600 1448 656 1512 llla
678 1467 746 1512 cum
768 1449 902 1530 pluribus
925 1448 1025 1511 verbis
1050 1449 1240 1529 exprimitur,
1274 1448 1429 1528 adjunctas
1457 1444 1548 1508 habet
1574 1466 1667 1510 voces
1699 1449 1787 1524 alias,
1817 1465 1894 1527 quae
1923 1440 1970 1525 τῷ

601 1547 710 1610 ποιεῖν
738 1548 956 1629 respondeant:
987 1566 1027 1608 ex
1055 1545 1105 1610 illo
1137 1547 1242 1628 igitur,
1272 1564 1334 1607 non
1356 1566 1397 1608 ex
1420 1545 1540 1628 linguae
1564 1548 1683 1630 origine
1706 1546 1885 1633 significatio
1907 1546 1970 1626 peti

603 1645 704 1725 debet,
734 1663 797 1708 non
826 1646 922 1708 minus
952 1664 1041 1726 quam
1070 1647 1098 1707 in
1129 1644 1227 1707 multis
1257 1644 1331 1707 aliis.
1376 1642 1419 1705 lta
1441 1656 1553 1710 unere)
1571 1656 1651 1740 ptati
1676 1649 1726 1728 qui
1749 1651 1847 1709 vertat
1867 1652 1971 1705 rectae

601 1746 730 1825 plor-im,
750 1745 993 1825 utBoderianus,
1015 1763 1112 1828 nugas
1136 1753 1220 1829 aget:
1244 1745 1336 1806 multo
1359 1744 1454 1825 magis
1477 1743 1527 1824 qui
1550 1755 1644 1811 11011
1662 1757 1749 1821 litt),
1772 1744 1897 1806 similem
1918 1747 1973 1803 aut

605 1844 760 1924 aequuum
785 1842 971 1907 adstantia:
1005 1861 1072 1905 cum
1096 1831 1285 1921 Ὁμοούσιον
1314 1842 1402 1904 aliter
1431 1842 1584 1923 explicare
1614 1863 1675 1907 non
1705 1846 1832 1927 possint.
1876 1840 1971 1924 lgitur

603 1940 765 2022 hocloco,
787 1950 820 2005 ut
842 1943 871 2004 in
895 1942 960 2004 aliis
983 1941 1126 2024 liturgiis
1149 1924 1272 2021 &Sim
1292 1943 1443 2022 perficiat,
1466 1942 1632 2023 respondet
1645 1944 1781 2006 Graecae
1802 1926 1970 2024 τελειώσῃ,

602 2038 661 2104 lroc
683 2049 730 2103 est
752 2050 925 2103 consecret.-
946 2029 1081 2126 ποιήσῃ,
1101 2041 1202 2120 faciut
1223 2049 1254 2103 et
1276 2040 1342 2103 aliis
1366 2039 1518 2104 similibus.
1553 2040 1599 2103 De
1622 2044 1688 2123 ipsa
1710 2062 1745 2105 re
1768 2049 1909 2122 quantum
1932 2038 1970 2100 ad

602 2135 804 2204 Invocalionis
828 2138 979 2219 ellectum,
1003 2158 1164 2222 veramque
1188 2141 1253 2222 ejus
1276 2138 1504 2223 intelligentiam
1517 2140 1664 2204 videndus
1679 2141 1914 2207 Commentarius
1933 2139 1970 2200 ad

604 2236 771 2322 liturgiam
790 2236 891 2302 Basilii
913 2237 1077 2320 Copticam.

1066 2533 1101 2603 8.
1143 2534 1259 2626 Reges
1283 2530 1413 2622 fideles,
1441 2537 1504 2601 ete.

701 2737 755 2818 Dc
778 2768 816 2814 ea
837 2749 964 2815 formula
982 2753 1044 2833 jann
1068 2753 1177 2815 dictum
1201 2761 1263 2814 est:
1286 2770 1364 2832 quae
1387 2751 1458 2814 licet
1484 2752 1580 2814 minus
1602 2751 1745 2833 frequens
1768 2753 1817 2829 sit,
1840 2751 1972 2814 occurrit
2012 2832 2015 2837 ἱ

600 2859 703 2918 lamen
723 2854 754 2916 ia
776 2854 913 2935 pluribus
935 2855 1092 2939 Liturgiis,
1115 2874 1215 2937 neque
1239 2856 1297 2918 alia
1320 2862 1443 2917 utuntur
1463 2855 1645 2918 Nestoriani.
1679 2855 1906 2918 vetustissimae
1920 2856 1971 2918 illa

601 2951 779 3033 disciplinae
809 2960 910 3015 notam
939 2953 1091 3036 praefert,
1119 2956 1256 3018 omnibus
1292 2954 1440 3017 Ecclesiis
1474 2973 1673 3034 communem:
1709 2962 1849 3017 mutatam
1877 2954 1971 3016 luisse
1998 2981 2002 2991 ·

600 3050 888 3115 Multamedanorum
910 3062 990 3116 metu
1014 3053 1086 3117 satis
1109 3061 1203 3133 patet.

627 3339 664 3412 9.
703 3339 769 3426 Qui
795 3342 920 3416 dedisti
943 3366 1067 3437 corpus
1095 3352 1185 3416 tuum
1202 3355 1239 3418 ut
1264 3348 1435 3436 ederetur,
1462 3355 1497 3418 et
1513 3353 1601 3419 esset
1624 3351 1823 3439 fermentum
1842 3350 1943 3418 oilae.
1988 3410 1991 3416 .

717 3549 795 3626 lusu
824 3563 935 3645 legitur
965 3566 995 3626 in
1018 3565 1173 3647 plerisque
1197 3563 1390 3630 Orationibus
1413 3569 1576 3651 gratiarum
1599 3568 1724 3630 actionis
1746 3576 1816 3647 post
1838 3584 1972 3629 commu-

603 3663 739 3726 nionem:
763 3673 796 3725 ut
818 3666 847 3726 in
870 3666 985 3748 hymnis
1009 3670 1059 3749 qui
1083 3677 1229 3731 canuntur
1251 3689 1268 3733 a
1288 3670 1436 3750 Diacono,
1460 3690 1526 3734 curu
1541 3679 1759 3734 sacramentum
1772 3671 1971 3734 distribuitur:

558 3777 561 3785 '
603 3763 660 3825 sed
681 3766 863 3845 praesertim
886 3768 916 3827 in
940 3766 1049 3830 Officiis
1074 3769 1278 3849 exequiarum.
1323 3772 1395 3834 lude
1419 3780 1502 3834 certa
1524 3772 1663 3853 probatio
1686 3771 1840 3833 doctrinae
1859 3771 1973 3833 Ortho-

603 3858 704 3923 doxae
727 3862 895 3944 deducitur,
918 3884 974 3945 pro
998 3866 1084 3946 reali,
1109 3885 1169 3929 non
1192 3870 1340 3948 spirituali
1362 3871 1460 3934 solum
1482 3872 1676 3953 susceptione
1700 3871 1839 3951 corporis
1863 3869 1972 3933 Christi

604 3976 623 4020 a
647 3957 839 4025 Christianis:
863 3972 895 4026 ut
919 3964 988 4028 alibi
1012 3968 1181 4046 expositum
1204 3976 1260 4029 est.
