5150 6534
884 871 925 948 Ill
950 869 1155 947 llTlJltGlAll
1182 868 1390 947 ClllllEllllS
1416 869 1570 947 ROllllll.
1752 940 1756 953 ,
1816 865 1889 941 201

526 1055 711 1120 beatitudine
732 1073 794 1117 non
814 1052 931 1137 perfrui
954 1055 1140 1129 existimatum
1164 1070 1222 1134 qua
1245 1052 1340 1129 dare,
1362 1053 1658 1116 maximaFerrariue
1681 1051 1894 1115 ctFlorentiae

526 1156 680 1219 contentio
702 1153 768 1232 luit,
790 1161 823 1216 ut
845 1154 882 1217 de
903 1154 1099 1234 Purgatorio:
1128 1154 1197 1233 quia
1228 1151 1305 1214 duae
1329 1152 1398 1215 illae
1422 1155 1616 1233 quaestiones
1638 1153 1794 1214 maximam
1816 1151 1894 1212 inter

526 1272 562 1317 sc
583 1254 694 1317 liabent
717 1254 895 1317 affinitatem.
939 1253 984 1316 Dc
1007 1253 1065 1315 hoc
1088 1259 1267 1333 argumento
1291 1251 1357 1314 susc
1381 1252 1492 1314 dictum
1515 1260 1560 1314 est
1584 1251 1664 1317 alibi.
1692 1251 1772 1315 Sane
1795 1250 1895 1312 Grae-

528 1371 633 1415 corum
656 1353 695 1417 de
718 1356 880 1416 animarum
902 1361 973 1435 post
999 1359 1125 1414 mortem
1142 1351 1337 1426 conditione,
1360 1349 1505 1413 absurdas
1529 1351 1727 1432 opinationes,
1751 1348 1895 1411 Orienta-
1926 1362 1948 1397 ⁰·

526 1452 605 1515 libus
628 1455 747 1536 ignotas
770 1472 840 1516 esse
863 1452 1060 1514 certissimum
1083 1449 1210 1512 videtur.
1240 1449 1329 1523 Quod
1340 1468 1416 1511 uero
1431 1445 1588 1511 beatorum
1600 1450 1715 1511 animae
1732 1448 1895 1511 coelestem

471 1567 474 1572 '
528 1551 655 1636 gloriam
677 1553 797 1632 plenam
820 1559 909 1631 atque
931 1548 1097 1632 perlectam
1120 1550 1157 1611 ad
1173 1548 1306 1610 ultimum
1323 1567 1419 1628 usque
1437 1550 1581 1629 judicium
1603 1554 1792 1629 exspectent,
1816 1546 1897 1609 scri-

527 1652 589 1732 psit
611 1650 713 1713 lloses
736 1650 890 1730 Barceplra
912 1650 943 1710 in
960 1650 1102 1711 'tractatu
1124 1648 1162 1710 de
1185 1648 1338 1723 Paradiso,
1362 1655 1452 1727 atque
1475 1650 1515 1711 ita
1538 1649 1602 1710 sueri
1624 1648 1731 1728 potuit,
1754 1653 1786 1707 ut
1809 1654 1896 1709 autor
2027 1642 2029 1648 ’

527 1750 616 1832 hujus
638 1749 793 1833 liturgiae
816 1750 846 1810 in
869 1750 973 1811 eadem
996 1749 1143 1810 sententia
1174 1746 1276 1823 luerit,
1307 1765 1373 1808 cum
1397 1765 1505 1828 magna
1527 1748 1566 1809 sit
1588 1747 1681 1809 llosis
1709 1745 1788 1808 illius
1818 1744 1897 1827 apud

527 1848 683 1912 Jacobitas
705 1867 778 1912 suos
802 1849 957 1912 autoritas.
1001 1847 1080 1910 Nihil
1103 1855 1202 1908 tamen
1225 1845 1325 1907 obstat
1353 1847 1424 1925 quin
1453 1846 1581 1927 figurata
1607 1846 1684 1909 haec
1713 1846 1828 1925 oratio,
1858 1844 1896 1907 do

528 1947 619 2029 plena
643 1953 907 2027 consummataque
931 1946 1114 2008 beatitudine
1137 1946 1234 2026 possit
1256 1942 1393 2027 intelligi.

917 2716 1521 2899 LlTUltGlll
1655 2834 1657 2837 ·

845 3052 1134 3171 sinunt
1186 3050 1595 3195 recursu,

639 3295 1231 3387 ‘innutritur
1292 3294 1726 3388 EPISCOPI.

932 3559 1083 3629 Primum
1111 3560 1231 3631 oratio
1259 3566 1340 3630 ante
1365 3558 1503 3629 Pocena

636 3796 819 3868 Sacerdos.
859 3772 1018 3875 Domus
1031 3800 1123 3871 Deus
1151 3804 1206 3894 qui
1234 3820 1271 3870 es
1299 3800 1457 3893 simplex,
1485 3821 1553 3871 non
1580 3801 1783 3894 compositus
1812 3802 1898 3874 abs-

531 3914 749 4007 conditusque
785 3916 819 3984 iu
855 3917 999 3987 essentia
1018 3914 1182 4003 -suhlimi,
1221 3914 1314 3986 Deus
1346 3916 1446 3986 Pater
1481 3939 1500 3986 a
1543 3937 1608 4009 quo
1647 3938 1767 3988 nomen
1800 3917 1900 3991 habet

532 4032 642 4103 omnis
667 4030 848 4123 paternitas
877 4053 962 4125 quae
989 4032 1021 4100 in
1049 4030 1146 4102 coelo
1175 4040 1226 4102 est
1253 4041 1286 4100 et
1313 4034 1345 4101 in
1367 4039 1467 4117 terra,
1493 4016 1690 4126 Principium
1707 4031 1898 4122 divinitatis,

531 4167 649 4220 corum
676 4147 731 4238 qni
757 4153 895 4215 naturae
923 4145 1055 4216 divinae
1082 4148 1294 4240 participant,
1325 4158 1359 4218 et
1384 4145 1554 4241 perfector
1580 4168 1696 4219 eorum
1730 4151 1785 4242 qui
1811 4171 1897 4244 per-

530 4261 710 4333 fectionem
736 4270 999 4354 consequuntur:
1027 4260 1133 4333 bonus
1161 4283 1261 4355 super
1288 4265 1396 4332 onmia
1423 4263 1527 4344 bona,
1562 4261 1764 4357 pulcherque
1796 4287 1897 4359 supra

530 4380 642 4450 omnia
668 4374 821 4470 pulchra:
850 4375 1064 4470 tranquillitas
1091 4377 1243 4471 pacifica,
1269 4401 1356 4472 pax,
1383 4377 1561 4449 concordia
1588 4389 1621 4448 ct
1648 4382 1724 4452 unio
1753 4384 1896 4451 omnium

532 4495 725 4563 animorum.
780 4491 954 4587 Compono
982 4492 1117 4565 dissidia
1146 4516 1230 4587 qnae
1263 4515 1326 4566 nos
1354 4497 1495 4565 invicem
1531 4494 1694 4581 dividunt,
1730 4505 1763 4566 et
1794 4496 1896 4567 reduc

532 4630 574 4679 ea
603 4606 645 4678 ad
671 4612 825 4701 unionem
851 4611 1008 4696 caritatis,
1038 4632 1123 4703 quaa
1150 4609 1293 4703 aliquam
1320 4614 1485 4681 essentiae
1512 4619 1588 4680 tuae
1616 4610 1763 4681 sublimis
1798 4613 1895 4682 simi-

529 4722 698 4796 litudinem
727 4722 855 4795 habeat.
908 4721 952 4795 Et
978 4729 1063 4799 sicut
1089 4746 1173 4795 unus
1200 4746 1237 4795 es
1264 4747 1365 4818 super
1392 4729 1513 4813 omnia,
1540 4724 1593 4796 lac
1611 4747 1673 4797 nos
1700 4747 1808 4812 unum,
1836 4748 1896 4819 per

530 4841 776 4910 unanimitatem
803 4839 913 4910 bonae
942 4844 1077 4928 mentiS,
1108 4850 1144 4909 ut
1170 4841 1354 4933 simplices,
1389 4850 1423 4913 et
1453 4863 1519 4911 non
1556 4840 1654 4912 divisi
1690 4844 1897 4912 inveniamur·

531 4975 647 5025 coram
674 4964 707 5024 te
739 4956 771 5024 in
807 4965 957 5049 tempore
983 4954 1047 5026 hoc
1080 4958 1230 5051 mysterii
1262 4956 1462 5051 peragendi:
1496 4964 1596 5050 utque
1629 4979 1689 5051 per
1722 4954 1895 5053 amplexus

532 5071 693 5157 caritatis,
721 5079 755 5140 et
780 5092 889 5141 nexus
917 5069 1112 5159 dilectionis,
1140 5072 1352 5165 spiritualiter
1378 5094 1476 5143 unum
1492 5074 1606 5161 simus,
1633 5082 1697 5142 tam
1724 5072 1895 5145 nobiscum

530 5186 625 5277 ipsis,
653 5209 750 5281 quam
778 5186 819 5258 ad
846 5190 1001 5276 invicem,
1028 5209 1089 5282 per
1116 5210 1233 5281 pacem
1260 5188 1347 5259 illam
1376 5198 1462 5258 tuam
1490 5191 1599 5259 omnia
1620 5198 1807 5283 paeantem,
1834 5212 1897 5285 per

529 5302 672 5390 gratiam
708 5312 743 5373 et
776 5302 1037 5374 misericordiam
1071 5285 1284 5400 amoremque
1323 5326 1406 5396 erga
1443 5302 1593 5376 hominos
1627 5300 1787 5396 unigeniti
1821 5305 1896 5378 Filii
