5150 6534
592 835 667 907 516
805 908 808 913 ,
1101 831 1461 908 LllUllGlll

592 1031 758 1112 gaserant
785 1021 915 1089 vineam
945 1017 1148 1112 spiritualem
1176 1016 1298 1089 Christi
1326 1020 1390 1106 tni3
1424 1019 1478 1111 qui
1505 1015 1747 1088 mundaverunt
1773 1026 1807 1087 et
1833 1039 1967 1110 purga-

591 1145 711 1206 verunt
737 1156 839 1226 agros
866 1132 1060 1229 praeclaros
1088 1133 1174 1203 filiae
1199 1134 1455 1218 Aramaeorum‚
1484 1129 1632 1204 sentibus
1661 1141 1694 1203 et
1716 1129 1861 1203 arbustis
1885 1135 1966 1228 opi-

590 1255 724 1323 nionum
751 1272 930 1345 pravarum
958 1258 991 1318 et
1017 1251 1208 1341 impiarum3
1235 1256 1270 1317 ut
1296 1270 1357 1342 per
1385 1250 1556 1318 orationes
1584 1268 1699 1318 eorurn
1727 1246 1964 1343 acceptabiles,

590 1366 734 1438 Domine
761 1368 887 1437 animas
916 1367 1058 1435 omniurn
1086 1374 1233 1434 nostrum
1262 1366 1294 1433 in
1321 1362 1386 1433 lide
1413 1360 1600 1434 orthodoxa
1628 1385 1743 1436 eorum
1777 1363 1965 1437 confirmes.

589 1481 661 1553 Fac
688 1484 785 1553 etiarn
812 1502 876 1553 nos
904 1479 1022 1571 dignos
1049 1480 1192 1551 Domine
1220 1488 1254 1548 ut
1281 1478 1409 1565 sedulo,
1437 1500 1505 1549 non
1530 1478 1752 1570 negligenter,
1783 1502 1857 1551 curn
1884 1503 1965 1552 mo-

589 1594 681 1668 ribns
708 1597 883 1693 inculpatis
910 1619 983 1666 earn
1012 1618 1264 1681 conservemus,
1296 1605 1329 1692 et
1356 1593 1533 1665 olleramus
1561 1605 1716 1688 tanquam
1744 1594 1964 1667 arrhabonem

589 1713 682 1782 vitae
708 1734 821 1783 novae
856 1712 897 1783 ad
933 1721 1118 1783 extremum
1151 1732 1256 1804 nsque
1291 1712 1381 1779 vitae
1417 1713 1587 1805 spirituum
1623 1721 1656 1781 ot
1689 1709 1874 1783 reseremus
1909 1710 1966 1782 tibi

593 1829 736 1920 gloriam
763 1827 1004 1898 indesinentem
1041 1837 1073 1897 et
1106 1829 1276 1916 unigenito
1310 1824 1395 1895 Filio
1431 1835 1485 1895 tuo
1523 1834 1557 1895 ot
1586 1825 1723 1920 Spiritui
1756 1836 1812 1896 tuo
1847 1837 1964 1897 sancto

590 1966 696 2030 nutrc,
725 1953 788 2014 ete.
997 1942 1159 2034 Populus.
1212 1942 1333 2012 Amen.

695 2058 871 2130 Sacerdos
896 2058 1088 2129 inclinatus.
1135 2059 1274 2128 Praesta
1301 2056 1445 2127 Domine
1472 2080 1533 2150 per
1558 2056 1624 2128 boc
1651 2055 1857 2143 sacrificium,
1885 2078 1964 2128 rne-

592 2179 731 2247 moriam
758 2173 880 2246 bonam
907 2171 1072 2260 Patribus,
1098 2172 1268 2261 fratribus,
1296 2183 1329 2242 et
1350 2171 1521 2262 blagistris
1537 2174 1670 2258 nostris,
1699 2182 1763 2244 tarn
1783 2172 1965 2245 secundum

591 2312 713 2386 corpus
743 2312 840 2383 qnam
860 2289 1046 2376 ,secundnm
1075 2291 1222 2382 spiritum
1252 2298 1285 2359 et
1312 2286 1463 2358 omnibus
1491 2291 1544 2381 qui
1572 2287 1715 2359 defuncti
1745 2298 1821 2360 sunt
1847 2292 1880 2358 in
1899 2288 1964 2359 lide

592 2405 789 2480 Ortbodoxa
816 2428 861 2476 ex
888 2404 950 2476 bac
978 2404 1082 2483 urbeq
1111 2427 1155 2473 ex
1183 2425 1392 2497 quocumque
1420 2403 1507 2489 loco,
1536 2414 1569 2474 et
1595 2407 1754 2495 regione:
1782 2426 1965 2498 eorumque

593 2526 645 2617 qui
674 2545 748 2594 curn
775 2544 836 2616 spe
865 2533 919 2592 tua
948 2519 1189 2605 occubuerunt,
1222 2522 1254 2589 in
1282 2517 1408 2610 exiliis,
1435 2521 1720 2613 peregrinatione,
1748 2521 1965 2614 perseeutio-

590 2637 704 2711 nibus:
731 2641 765 2707 in
791 2639 961 2708 maritimis
988 2634 1267 2728 terrestribusque
1294 2632 1483 2721 itineribus‚
1511 2643 1544 2703 et
1571 2657 1685 2705 eorum
1713 2638 1768 2727 qui
1795 2657 1964 2729 quocum-

591 2777 655 2848 que
682 2773 764 2824 casu
790 2762 985 2847 pereunteS,
1021 2755 1123 2821 vitam
1153 2750 1406 2844 compleverunt
1432 2749 1648 2843 temporalem
1676 2774 1788 2837 suam,
1825 2773 1966 2844 quorum

590 2871 784 2939 memoriam
813 2871 955 2959 agimus,
983 2875 1016 2936 et
1043 2888 1157 2937 eoruru
1185 2887 1325 2960 quorum
1352 2887 1419 2934 nou
1443 2867 1659 2935 meminimus.
1695 2865 1863 2936 Memento
1880 2865 1965 2938 illo-

589 3005 661 3054 rum
696 2983 839 3054 Domine
875 2984 1036 3068 omnium,
1071 2984 1218 3075 ipsisque
1253 2984 1401 3073 requiem
1433 2991 1587 3073 praesta,
1622 2984 1698 3073 quia
1732 2992 1767 3052 tu
1799 3003 1837 3051 es
1869 2980 1964 3053 Deus

591 3101 757 3184 omnium,
785 3108 817 3167 et
844 3096 931 3168 oculi
959 3100 1102 3168 omnium
1131 3096 1170 3167 ad
1199 3107 1232 3167 tc
1259 3095 1381 3166 elevati
1409 3107 1493 3166 sunt.

693 3212 855 3304 Populus.
909 3211 1014 3305 Kq'rie
1042 3210 1179 3282 eleison.
1223 3211 1329 3305 llprie
1356 3211 1494 3282 eleison.
1534 3210 1640 3306 llyrie
1667 3209 1805 3281 eleison.

693 3327 843 3397 Eleoens
869 3349 993 3396 eocem.
1047 3326 1171 3397 Eorum
1201 3330 1356 3419 quicum
1385 3348 1445 3420 spe
1473 3348 1573 3414 vera,
1600 3327 1801 3420 fiduciaque,
1830 3337 1863 3398 et
1891 3326 1965 3397 Or-

590 3442 738 3514 tbodoxa
767 3446 799 3512 in
826 3451 859 3511 te
886 3440 949 3511 fide
977 3463 1022 3511 ex
1049 3445 1117 3512 vita
1145 3440 1205 3510 lrac
1232 3441 1406 3536 temporali
1435 3442 1533 3512 soluti
1561 3452 1636 3512 sunt
1663 3443 1842 3514 secundum
1876 3463 1964 3513 sen-

588 3562 722 3629 tentiam
756 3556 797 3628 ab
833 3559 998 3649 nequitate
1033 3566 1088 3626 tua
1124 3560 1349 3643 constitutum,
1384 3568 1418 3628 et
1453 3558 1494 3628 ad
1532 3569 1563 3627 te
1600 3557 1694 3628 Deus
1729 3569 1883 3653 tanquam
1921 3558 1964 3631 ad

590 3695 725 3743 causam
752 3675 890 3766 primam
918 3674 1175 3765 omnipotentem
1203 3681 1237 3740 et
1264 3695 1350 3765 quae
1377 3683 1412 3742 ut
1439 3672 1574 3744 ellectus
1603 3696 1663 3744 eos
1690 3673 1805 3746 eduxit
1832 3698 1879 3745 ex
1905 3678 1964 3746 ni-

588 3785 666 3872 hilo,
694 3789 824 3868 reuersi
849 3797 1093 3881 pervenerunt,
1120 3808 1222 3879 parce
1249 3809 1310 3879 per
1337 3789 1597 3861 misericordiam
1626 3800 1730 3875 tuam,
1763 3789 1854 3861 reler
1887 3790 1963 3863 illos

588 3905 621 3972 in
654 3925 824 3973 nnmerum
859 3901 1041 3973 electorum
1074 3911 1219 3972 tuorum:
1257 3913 1336 3994 tege
1371 3903 1446 3976 illos
1480 3902 1597 3974 umbra
1630 3904 1738 3977 lucida
1772 3916 1963 3978 sanctorum

588 4026 736 4106 tuorum3
771 4028 878 4090 statne
905 4016 980 4088 illos
1009 4039 1081 4088 curn
1111 4021 1206 4108 agnis
1235 4016 1277 4088 ad
1306 4018 1479 4090 dexteram
1507 4028 1611 4107 tuam,
1649 4032 1682 4091 et
1715 4020 1812 4092 induc
1840 4043 1902 4092 eos
1930 4024 1962 4092 in

587 4130 807 4203 babitaculum
835 4141 940 4219 tuum3
968 4130 1021 4202 iac
1049 4154 1109 4204 eos
1136 4137 1316 4228 peruenire
1343 4134 1385 4205 ad
1411 4132 1631 4207 habitationes
1651 4134 1769 4207 beatas
1789 4138 1884 4226 regni
1902 4140 1963 4224 tni3

587 4246 643 4318 sac
673 4270 734 4319 eos
761 4250 919 4318 invitatos
947 4268 1026 4318 esse
1053 4246 1095 4319 ad
1123 4249 1314 4320 convivium
1342 4261 1443 4337 tuum,
1471 4259 1505 4320 et
1530 4250 1656 4344 perduc
1682 4272 1743 4322 eos
1771 4250 1814 4322 ad
1840 4254 1964 4343 regio-

587 4384 663 4432 nem
691 4362 903 4434 exultationis
931 4372 964 4433 et
990 4363 1147 4451 laetitiae,
1173 4363 1229 4435 ubi
1255 4361 1351 4434 locus
1378 4387 1445 4438 non
1467 4374 1519 4436 est
1537 4364 1709 4438 doloribus
1733 4375 1768 4436 et
1787 4369 1962 4458 augustiis,

587 4473 644 4545 ubi
671 4480 846 4569 passiones
875 4489 908 4549 et
935 4482 1076 4574 suspiria
1103 4501 1170 4551 non
1206 4484 1424 4575 reperiuntur.
1484 4482 1538 4552 Ne
1572 4485 1746 4557 examines
1781 4505 1843 4554 eos
1877 4485 1962 4553 stri-

588 4583 688 4678 ctius,
722 4592 985 4686 quandoquidem
1020 4592 1196 4686 benignius
1224 4599 1280 4686 agi
1307 4618 1420 4668 secum
1448 4597 1633 4692 postulant,
1661 4608 1798 4694 propter
1824 4621 1962 4671 errores

587 4706 705 4800 quibus
734 4706 882 4780 obnoxia
910 4721 962 4782 est
988 4730 1068 4780 caro
1095 4709 1184 4781 lutea
1212 4720 1245 4780 et
1277 4715 1466 4805 peccatrix:
1501 4712 1562 4785 sed
1596 4713 1847 4785 misericordiae
1883 4723 1961 4785 tuae

586 4821 748 4910 Domine,
774 4825 906 4918 patroni
932 4844 994 4918 pro
1021 4823 1137 4912 nobis,
1167 4834 1201 4895 et
1226 4824 1288 4920 pro
1316 4830 1398 4922 ipsis
1425 4833 1502 4900 vice
1528 4828 1707 4921 iungantur
1733 4831 1767 4899 in
1793 4826 1876 4899 bora
1903 4827 1960 4899 illa

586 4934 723 5007 terribili
753 4937 971 5031 judiciorum,
1006 4942 1083 5033 qnia
1117 4938 1224 5013 nullus
1259 4942 1344 5012 inter
1377 4965 1494 5015 omnes
1527 4952 1625 5016 natos
1653 4967 1699 5016 ex
1723 4943 1861 5016 muliere
1888 4940 1961 5029 fuit,

587 5052 642 5144 qni
669 5051 825 5123 mundum
851 5055 988 5142 vicerit,
1024 5063 1059 5124 ot
1087 5056 1238 5126 immunis
1269 5054 1370 5128 luerit
1401 5057 1442 5129 ab
1475 5058 1628 5131 omnibus
1656 5062 1765 5131 carnis
1792 5057 1962 5147 sordibus,

586 5175 722 5260 praeter
756 5166 970 5241 Salvatorem
1008 5177 1042 5238 et
1075 5167 1182 5240 Deum
1218 5181 1367 5244 nostrum
1401 5173 1518 5244 lesum
1556 5173 1722 5246 Christum
1756 5177 1961 5266 unigenitum

586 5280 703 5353 Filiam
731 5292 832 5372 tuum,
858 5305 1045 5380 perquem
1072 5305 1135 5355 nos
1163 5306 1295 5381 quoque
1318 5309 1492 5385 speramus
1514 5291 1777 5363 misericordiam
1799 5274 1962 5383 consequi
