5150 6534
884 861 1131 942 lullonum
1159 857 1375 940 uniscunt
1399 855 1709 938 nantuensis,
1905 851 1982 929 303

658 1089 659 1092 ¹
722 1050 884 1144 Populus.
930 1050 1056 1123 nmen.
1486 994 1489 1002 >

688 1202 689 1206 ¹
724 1165 910 1238 Sacerdos.
962 1166 1008 1239 Ut
1033 1170 1098 1240 sint
1123 1138 1221 1238 nobis
1252 1166 1412 1260 mysteria
1443 1162 1527 1235 haec
1552 1163 1705 1255 vivifiea,
1730 1162 1982 1261 praeservantia

621 1282 664 1357 als
692 1280 845 1356 omnibus
871 1281 1111 1377 iniquitatibus,
1147 1281 1326 1353 daemones
1356 1278 1601 1375 propulsantis,
1633 1279 1833 1376 depellantia
1865 1297 1982 1351 omnes

618 1395 782 1471 arunas
798 1400 1042 1490 cogitationes,
1069 1407 1104 1469 et
1127 1398 1373 1493 praeparantia
1388 1394 1430 1465 ad
1454 1416 1594 1487 nemun
1621 1395 1781 1482 coeleste,
1807 1416 1870 1491 per
1894 1415 1981 1486 gra-

617 1512 1002 1601 tiam,'misericordiam
1031 1523 1065 1585 et
1093 1534 1240 1584 amorem
1265 1533 1348 1603 erga
1374 1511 1524 1584 homines
1549 1514 1708 1603 unigeniti
1733 1510 1807 1583 Filii
1832 1513 1896 1596 tui,
1921 1532 1983 1606 per

620 1639 781 1723 quemet
803 1651 878 1701 eum
904 1652 970 1725 quo
997 1639 1032 1702 te
1057 1627 1456 1720 decet1glonia,-honor,
1482 1639 1516 1701 et
1549 1637 1716 1723 potestas,
1749 1651 1823 1701 cnm
1857 1625 1983 1720 Spiritu

619 1754 693 1833 tuo,
719 1754 790 1815 etc⁴
934 1796 936 1798 >
1097 1773 1099 1778 ’

724 1859 886 1953 Populus.
938 1859 1058 1955 Amen.

600 2053 612 2078 ι
726 1974 902 2047 Sacerdos
926 1976 1119 2048 inclinatas.
1172 1974 1342 2047 Memento
1366 1973 1509 2046 Domine
1533 1973 1708 2046 Ecclesiae
1734 1983 1828 2064 tuae,
1854 1966 1982 2038 Pasto-

619 2113 756 2187 rosqna,
782 2089 985 2164 Sacerdotes
1011 2100 1046 2163 et
1071 2092 1241 2164 Diaconos
1268 2093 1323 2184 qui
1349 2092 1381 2160 in
1408 2112 1449 2161 ea
1475 2100 1551 2162 sunt
1576 2112 1705 2164 exorna
1730 2092 1850 2163 tinore
1875 2096 1943 2160 tuo.

629 2251 630 2255 =
676 2270 679 2277 .
725 2206 874 2277 Mons
898 2229 1024 2279 noceam
1076 2205 1120 2280 Et
1145 2206 1294 2278 concede
1320 2206 1383 2277 illis
1410 2206 1552 2278 Domine
1576 2216 1728 2301 tempora
1754 2206 1927 2299 tranquilla
1950 2215 1984 2277 ot

620 2321 726 2394 laeta:
751 2320 819 2394 lllis
846 2326 945 2395 etiam
972 2326 1087 2417 quiin
1120 2345 1161 2394 ea
1193 2322 1406 2417 praesident,
1438 2321 1479 2393 da
1514 2319 1654 2393 verbum
1687 2322 1982 2414 evangeliaationis
2060 2372 2062 2377 -
2107 2361 2110 2373 ι

621 2459 695 2509 oum
721 2439 844 2509 virtute
868 2459 1008 2529 magna:
1036 2442 1111 2533 quia
1139 2437 1227 2532 apud
1252 2447 1285 2509 te
1312 2448 1364 2508 est
1388 2436 1465 2509 fons
1495 2440 1604 2522 vitae,
1640 2446 1674 2509 et
1706 2437 1890 2511 referemus
1925 2437 1983 2510 tihi

621 2553 763 2645 gloriam
789 2563 823 2625 et
854 2557 1034 2646 gratiarum
1068 2556 1520 2649 acuonemunigsnitoque
1552 2553 1636 2627 Filio
1670 2565 1744 2642 mo,
1779 2566 1815 2627 et
1848 2555 1983 2651 Spiritui

620 2678 680 2740 tuo
706 2670 913 2741 sanctissimo
941 2679 976 2740 et
1001 2670 1109 2742 bono·

723 2784 885 2877 Populus.
937 2786 1055 2859 Amen.

725 2899 900 2971 Sacerdos
924 2900 1115 2972 inclinatas.
1167 2900 1336 2972 Memento
1363 2900 1505 2974 Domine
1537 2904 1635 2973 etiam
1670 2901 1798 2974 illorum
1832 2905 1886 2997 qui
1920 2926 1982 3000 pro

622 3015 776 3088 Factam
802 3024 857 3086 tua
883 3015 1016 3089 solliciti
1042 3025 1134 3104 sunt,
1161 3027 1196 3088 ct
1226 3017 1367 3108 vigilant
1399 3017 1441 3088 ad
1474 3020 1756 3091 sustentationem·
1780 3040 1896 3091 eornm
1928 3022 1983 3114 qui

621 3133 855 3202 necessitatem
881 3133 1056 3226 patiuntur.

725 3246 874 3316 Dicaeos
906 3268 1031 3320 nocem,
1083 3247 1207 3319 inclina
1232 3247 1376 3319 Domine
1402 3269 1514 3318 aurem
1541 3258 1641 3337 tuam,
1667 3258 1702 3319 et
1728 3249 1802 3320 audi
1827 3271 1932 3323 voces
1948 3258 1982 3321 et

484 3407 499 3431 .
624 3360 879 3457 supplicationes
906 3361 1110 3434 adorantium
1138 3372 1187 3451 te,
1215 3366 1346 3457 suscipe
1373 3361 1559 3435 oblationes
1586 3366 1800 3459 etprimitias
1828 3387 1913 3460 quae
1938 3362 1980 3437 ab

622 3474 777 3549 Ecclesia
803 3487 858 3549 tua
885 3476 1077 3564 offeruntur,
1105 3481 1181 3572 quia
1206 3487 1242 3549 tu
1268 3489 1442 3574 susceptor
1475 3502 1513 3552 es
1545 3480 1780 3552 sacrificiorum
1814 3491 1847 3551 et
1879 3480 1982 3553 ohla-

623 3594 764 3662 tionum:
791 3601 825 3663 et
850 3590 1031 3665 referemus
1058 3593 1116 3665 tibi
1142 3592 1302 3684 gloriam,
1328 3605 1363 3666 et
1393 3598 1573 3686 gratiarum
1606 3598 1789 3686 actionem,
1821 3599 1980 3688 unigeni-

624 3714 724 3798 toque
749 3707 835 3779 Filio
862 3718 934 3794 tuo,
963 3719 996 3779 et
1022 3709 1158 3803 Spiritui
1186 3713 1394 3783 sanctissimo
1422 3721 1478 3783 tuo
1506 3721 1539 3783 et
1564 3708 1664 3784 bono.

727 3821 887 3915 Populos.
939 3824 1057 3895 Amen.

726 3937 900 4028 Sacerdos
934 3939 1125 4010 inclinatus.
1176 3938 1344 4012 Memento
1383 3942 1526 4014 Domine
1561 3942 1691 4034 Regum
1725 3944 1887 4035 fidelium,
1926 3950 1981 4042 qui

623 4060 716 4124 recte
741 4053 937 4126 confitentur
963 4066 1014 4143 te,
1041 4065 1076 4127 et
1101 4054 1249 4127 concede
1275 4055 1339 4127 iliis
1353 4059 1527 4130 victoriam
1546 4058 1707 4132 adversus
1724 4059 1837 4135 hostes
1857 4085 1980 4134 eorum.

727 4169 876 4241 Miconos
900 4193 1025 4241 vocem,
1078 4170 1184 4242 Aufer
1210 4170 1352 4243 Domine
1379 4194 1398 4242 a
1424 4170 1546 4268 populo
1573 4182 1629 4245 tuo
1655 4173 1743 4245 fideli
1758 4180 1866 4248 omnia
1892 4176 1980 4251 bella

623 4282 783 4369 hostium,
809 4286 987 4359 visibilium
1014 4296 1070 4358 aut
1094 4287 1325 4376 invisibilium,
1353 4297 1387 4359 et
1412 4288 1569 4361 confirma
1595 4311 1657 4362 nos
1684 4291 1716 4359 in
1749 4294 1981 4386 tranquillitate

624 4408 658 4470 et
683 4422 767 4495 pace
793 4402 945 4474 omnibus
972 4401 1086 4473 diebus
1113 4406 1204 4475 vitae
1229 4414 1385 4491 nostrae3
1412 4405 1487 4498 quia
1514 4413 1569 4475 tua
1595 4414 1648 4475 est
1672 4408 1831 4497 victoria,
1858 4416 1894 4480 et
1917 4433 1980 4482 re-

623 4512 769 4588 feremus
795 4516 853 4587 tibi
879 4517 1037 4608 gloriam,
1065 4526 1127 4588 etc.

726 4629 886 4723 Populos.
939 4633 1057 4703 Amen.

726 4743 900 4817 Sacerdos
931 4747 1121 4817 inclinatas.
1174 4747 1342 4822 Memento
1368 4751 1510 4821 Domine
1536 4753 1715 4824 amicorum
1742 4763 1870 4826 tuorum
1899 4755 1979 4827 Ma-

623 4860 695 4929 riae
729 4859 902 4933 Genitricis
932 4861 1015 4953 Dei,
1045 4862 1139 4935 Beati
1170 4863 1329 4956 loannis,
1368 4865 1526 4960 Stephani
1559 4866 1739 4965 Martyris,
1772 4879 1806 4942 ct
1838 4877 1981 4989 ompium

624 4972 831 5048 Sanctorum.
1573 4992 1575 4994 ’

580 5141 587 5153 ,
726 5089 876 5161 Meeoos
900 5113 1025 5164 nocem.
1078 5092 1122 5164 Et
1146 5115 1209 5166 nos
1235 5093 1290 5167 fae
1314 5098 1493 5193 participes
1512 5098 1663 5187 Domine,
1691 5104 1874 5174 orationum
1900 5125 1979 5177 ser-

623 5224 742 5277 vorum
768 5215 922 5298 tuorum,
941 5218 976 5280 et
1008 5220 1144 5304 praesta
1178 5210 1295 5300 nobis,
1327 5221 1363 5283 ut
1394 5205 1557 5287 imitamur
1589 5238 1701 5291 mores
1736 5238 1870 5313 corum,
1905 5224 1982 5316 quia
