5150 6534
848 854 889 930 ht
913 851 1121 931 ilTUliGIAhi
1145 843 1342 929 ultlfllll
1366 850 1557 928 castonis.
1824 843 1900 924 ³53

839 1192 843 1201 -
884 1144 919 1214 d.
954 1143 1086 1213 Poncm
1108 1145 1347 1235 fermentatam
1372 1143 1519 1233 accepit.

622 1353 716 1432 Nrun
738 1360 835 1426 simile
850 1362 888 1427 in
910 1362 1063 1442 plerisque
1086 1361 1150 1423 aliis
1173 1361 1331 1443 Liturgiis:
1361 1361 1392 1423 in
1420 1354 1456 1422 ea
1483 1378 1561 1452 quae
1583 1359 1692 1421 dicitur
1713 1358 1818 1441 lgnatii
1840 1361 1902 1429 Pa·

532 1468 682 1533 triarchae
704 1464 885 1529 Antiocheni
905 1463 1028 1547 legitur,
1050 1463 1176 1543 Accepit
1192 1483 1304 1543 ponem
1323 1462 1499 1543 perfectam,
1522 1463 1603 1543 quod
1625 1461 1704 1525 idem
1726 1469 1782 1525 est.
1825 1462 1901 1525 Nam

532 1568 725 1633 Graecorum·
740 1564 791 1646 qni
812 1564 1006 1644 impotentius
1029 1548 1176 1627 aduersus
1200 1563 1323 1625 Latinos
1346 1561 1573 1643 inhzymorum
1596 1561 1773 1642 quaestione
1795 1560 1901 1624 decla-

532 1672 690 1731 maverunt
712 1662 850 1744 palmare·
867 1661 939 1723 illud
961 1668 1168 1743 argumentum
1190 1661 1255 1739 luit,
1277 1679 1385 1743 panem
1407 1678 1469 1722 non
1491 1679 1571 1738 esse,
1595 1660 1621 1721 si
1644 1658 1820 1723 fermentum
1843 1660 1901 1724 de-

532 1767 648 1843 liceret,
671 1781 730 1845 quo
752 1764 783 1824 in
806 1760 985 1842 explicando
1008 1762 1223 1843 operosissime
1233 1762 1338 1843 nugati
1352 1768 1430 1824 sunt.
1461 1758 1570 1822 lisdem
1593 1777 1712 1840 quoque
1734 1757 1899 1822 rationibus

532 1871 649 1949 pugnat
678 1863 811 1926 loannes
842 1838 1011 1924 Patmarcha
1039 1860 1239 1923 Jacobitarurn
1269 1860 1489 1937 Antiochenus,
1518 1860 1548 1919 in
1575 1858 1725 1941 Apologia
1756 1857 1900 1940 Syrorum

533 1982 673 2042 suorum,
704 1970 735 2025 et
755 1969 789 2023 nt
811 1960 859 2023 alii
882 1959 919 2022 ad
942 1961 1121 2024 fermentum
1143 1960 1235 2022 variis
1257 1979 1297 2023 ex
1319 1959 1473 2039 Scriptura
1496 1975 1584 2019 sacra
1607 1956 1813 2020 autoritatibus
1835 1964 1900 2021 sta-

533 2062 698 2127 biliendum
720 2066 859 2137 utuntur,
882 2061 922 2123 ita
944 2059 996 2122 ille
1017 2059 1083 2122 aliis
1105 2059 1177 2122 nihil
1199 2060 1236 2121 ad
1259 2076 1323 2122 rem
1347 2057 1523 2121 facientibus
1546 2057 1692 2134 abutitur,
1715 2055 1753 2119 ad
1775 2056 1846 2118 salis
1869 2063 1901 2117 et

534 2162 596 2226 olei
620 2161 827 2223 admistionem
849 2158 1044 2241 probandam.
1066 2158 1107 2221 At
1129 2157 1348 2239 disputationes
1371 2155 1409 2219 de
1421 2156 1537 2237 haymo
1560 2163 1591 2217 et
1604 2156 1797 2218 Fermentato
1821 2172 1900 2235 quae

532 2248 661 2325 Latinos
684 2262 763 2323 intur
785 2267 816 2322 et
841 2258 975 2321 Graecos
997 2276 1092 2338 usque
1114 2258 1151 2319 ad
1175 2256 1358 2318 anathemata
1383 2263 1561 2318 exarserunt
1584 2272 1662 2317 anno
1685 2255 1713 2317 J.
1737 2254 1772 2321 C.
1795 2253 1899 2318 llblll.

535 2368 674 2441 tompore
697 2357 885 2422 Constantini
907 2356 1111 2431 blonomachi,
1135 2363 1165 2417 et
1187 2355 1343 2418 Michaelis
1367 2354 1515 2420 Cenrlarii
1536 2354 1725 2417 Patriarchae
1748 2353 1900 2417 Constan-

534 2457 738 2538 tinopolitani‚
769 2463 831 2519 tum
853 2458 979 2537 primum
1002 2454 1205 2518 Orientalibus
1233 2456 1442 2532 innotuemnt,
1472 2472 1539 2516 cum
1562 2453 1732 2515 Tractatum
1754 2440 1900 2516 adversus

533 2556 657 2619 Latinos
687 2556 725 2617 de
750 2556 856 2618 eodem
880 2561 1057 2637 argumento
1080 2553 1172 2617 edidit
1192 2554 1327 2617 loannes
1350 2553 1530 2636 cognomine
1552 2551 1743 2615 Ebu-Botion
1765 2551 1900 2614 Medicus

534 2654 758 2739 bogdadcnsis‚
787 2673 876 2736 quem
903 2644 1071 2735 reperimus
1100 2654 1129 2715 in
1158 2652 1273 2716 Codice
1300 2652 1363 2715 llS.
1385 2651 1587 2719 Bibliothecae
1609 2653 1783 2717 Vaticanae.
1828 2652 1902 2715 Erat

532 2753 724 2817 Ebu-Botlan
736 2752 932 2829 Christianus,
954 2761 984 2815 et
1007 2752 1360 2816 verisimihterllelchita
1380 2752 1446 2814 sive
1468 2750 1672 2829 Orthodoxus,
1694 2751 1804 2814 namin
1817 2751 1901 2814 titulo

531 2852 709 2917 interfuisse
738 2852 930 2934 disputationi
957 2852 1081 2929 dicitur,
1111 2860 1142 2914 ct
1170 2853 1332 2932 scripsisse
1355 2867 1412 2931 pro
1435 2850 1581 2913 Michaele
1604 2851 1791 2929 Patriarcha,
1820 2850 1900 2931 quod

533 2951 690 3016 Jacobitae
714 2970 770 3015 nee
792 2952 939 3026 libuisset,
963 2969 1020 3014 nec
1043 2951 1186 3014 licuisset.
1231 2950 1276 3013 Do
1301 2970 1338 3014 eo
1361 2950 1465 3012 scribit
1489 2949 1655 3032 Gregorius
1673 2942 1900 3034 Albulam'gius,
1931 2961 2104 3029 ltuebyua
2119 2981 2146 3033 p.
2159 2963 2221 3019 233.

535 3052 593 3116 sed
615 3060 727 3115 tantum
749 3059 783 3114 ut
804 3052 842 3114 de
864 3051 983 3113 Medico
1013 3051 1161 3131 loquitur,
1189 3068 1249 3113 non
1276 3059 1309 3114 nt
1337 3050 1375 3113 de
1399 3050 1565 3133 'theologo
1609 3049 1708 3111 Antea
1730 3049 1839 3112 nullius
1862 3049 1900 3111 de
1914 3056 1937 3097 0⁸
1953 3064 2003 3115 εει·

533 3145 783 3236 hoc'argumento
807 3152 909 3232 operis
933 3149 1192 3231 apudOrientales
1216 3152 1359 3213 memoria
1382 3157 1441 3226 est,
1463 3151 1573 3228 unque
1595 3146 1674 3209 ullac
1688 3148 1900 3210 interbatincs
2006 3164 2011 3168 ·

535 3260 567 3314 ct
590 3250 760 3314 Orientales
791 3251 1017 3314 controversiae
1048 3248 1086 3312 dc
1111 3250 1288 3334 Religione‚
1316 3251 1429 3331 scripto
1458 3248 1508 3311 vel
1531 3264 1622 3322 voce,
1651 3248 1900 3310 intercesserunt:

534 3349 615 3413 unde
638 3350 710 3431 quid
731 3351 920 3414 recentiores
942 3349 1009 3412 illos
1031 3351 1160 3412 moverit
1183 3357 1214 3410 ut
1236 3368 1272 3412 ea
1295 3350 1413 3412 ratione
1435 3347 1529 3411 verba
1548 3345 1658 3409 Christi
1673 3347 1898 3428 interpolarent,

531 3466 628 3512 ‘causa
650 3449 781 3532 legitima
804 3449 884 3512 nulla
906 3448 969 3511 fuit.

533 3555 555 3598 ο

936 3745 971 3815 5.
997 3744 1096 3814 Haec
1122 3749 1174 3814 eat
1200 3763 1284 3813 coro
1310 3764 1404 3828 meo,
1433 3749 1496 3812 etc.

635 3935 797 4015 Auuncron
821 3965 895 4009 sane
918 3965 1017 4028 neque
1038 3946 1210 4008 excusanda
1232 3945 1425 4025 interpolatio
1455 3947 1485 4007 in
1512 3945 1614 4008 verbis
1636 3965 1714 4027 quae
1736 3946 1773 4007 ad
1796 3948 1897 4009 caliois

537 4052 795 4113 consecrationem
817 4058 970 4131 spectant3
1000 4068 1086 4130 quam
1114 4056 1146 4109 ut
1173 4066 1283 4129 paucas
1307 4049 1380 4110 alias
1402 4049 1514 4112 similes
1538 4049 1574 4111 ad
1596 4049 1797 4113 Librariorum
1820 4050 1899 4113 indi·
1997 4082 1999 4089 ‚

537 4148 689 4232 ligentiam
712 4157 762 4211 aut
785 4151 969 4212 oscitantiam
998 4148 1114 4211 referre
1136 4148 1188 4209 vix
1209 4166 1379 4228 possumus.
1425 4147 1551 4211 'lomere
1574 4167 1648 4212 vero
1669 4168 1796 4230 prorsus
1819 4151 1900 4213 llat-

536 4246 643 4311 thaeus
665 4248 715 4311 ille
738 4249 853 4323 Pastor,
875 4256 980 4310 contra
1003 4249 1132 4310 omnium
1153 4246 1277 4308 aliorum
1301 4248 1469 4328 exemplum
1492 4247 1616 4311 lormam
1638 4248 1717 4311 illam
1739 4250 1899 4313 mutilavit:

538 4346 607 4409 dum
630 4346 703 4409 alias
726 4366 835 4421 voces,
864 4364 966 4409 earum
988 4347 1057 4409 loco
1080 4364 1154 4427 quas
1178 4364 1250 4408 usus
1272 4346 1429 4409 Ecclesiae
1452 4356 1515 4410 toto
1538 4348 1614 4410 orbe
1636 4348 1762 4413 diffusae
1783 4368 1898 4412 conse-

537 4446 642 4521 cravit,
665 4444 846 4508 substituere
870 4464 962 4508 ausus
985 4453 1040 4509 est.
1076 4445 1163 4519 Quod
1187 4464 1262 4507 vero
1286 4453 1318 4506 ut
1339 4446 1486 4508 ltinerarii
1507 4447 1615 4509 hlontis
1627 4447 1733 4512 Libani
1746 4450 1898 4530 interpres

537 4563 579 4607 ex
591 4543 707 4607 duabus
721 4545 796 4623 aliis,
820 4563 944 4626 quarum
963 4545 1028 4606 sola
1052 4552 1195 4624 excerpta
1219 4544 1345 4621 viderat,
1369 4544 1478 4607 lactum
1500 4546 1530 4608 id
1552 4545 1714 4609 arbitratus
1736 4557 1794 4627 est,
1817 4549 1898 4629 quod

537 4649 628 4707 totam
651 4643 847 4706 consecrandi
862 4645 921 4706 vim
934 4643 1117 4706 invocationi
1140 4645 1266 4724 Spiritus
1290 4645 1385 4706 sancti
1407 4644 1584 4721 tribuerent,
1606 4647 1750 4726 speciosa·
1769 4648 1897 4728 quidem,

537 4741 594 4805 sed
615 4759 719 4822 parum
740 4743 823 4805 lirma
847 4746 1019 4825 conjectura
1041 4742 1105 4818 luit,
1127 4752 1160 4806 ut
1182 4742 1252 4805 alibi
1274 4743 1486 4823 probavimus..
1517 4744 1597 4806 Fieri
1612 4753 1711 4808 tamen
1733 4755 1843 4827 potest,
1867 4756 1899 4809 ut

536 4839 615 4901 inter
637 4859 674 4903 ea
696 4841 806 4918 verba,
829 4845 967 4924 deditque
987 4845 1129 4925 mysterio
1150 4862 1206 4904 rao
1227 4843 1370 4918 initiatis,
1392 4860 1447 4905 seu
1469 4842 1506 4905 ad
1529 4842 1652 4906 verbum
1671 4846 1744 4925 filiis
1764 4850 1901 4928 mysterii

537 4938 589 5000 aa
608 4941 744 5020 primitus
768 4942 920 5003 extiterint
943 4942 999 5005 alia
1026 4941 1207 5004 necessaria.
1252 4941 1310 5003 llic
1331 4948 1376 5002 est
1401 4943 1485 5004 oola'or
1506 4946 1663 5023 scapum&
1683 4946 1758 5021 mei,
1779 4953 1835 5010 etc.
1865 4953 1898 5008 ut

537 5038 657 5101 omnino
679 5040 841 5102 verisimile
863 5049 909 5104 est
931 5040 1078 5104 accidisse
1100 5041 1179 5102 circa
1201 5040 1364 5124 Liturgiam
1386 5041 1522 5121 Dionysii
1547 5042 1706 5106 Barsalibi:
1735 5062 1802 5107 cum
1831 5047 1898 5127 ipse

537 5136 633 5199 verba
656 5138 765 5203 Christi
787 5141 961 5202 necessario
983 5140 1175 5220 pronunciari
1197 5157 1214 5200 a
1237 5138 1418 5219 Sacerdote,
1448 5148 1575 5204 testetur
1601 5143 1632 5204 in
1653 5161 1709 5206 suo
1731 5144 1769 5207 ad
1790 5144 1896 5210 Jacobi

537 5231 701 5318 biturgiam
725 5240 946 5303 commentario.
990 5239 1073 5301 Hanc
1095 5257 1188 5320 porro
1211 5239 1412 5304 difficultatem
1434 5242 1589 5305 resolvere
1612 5262 1654 5306 ox
1674 5247 1897 5324 comparatione
2023 5295 2026 5302 ,

539 5337 755 5419 exemplarium
775 5357 836 5403 uon
859 5347 907 5403 est
926 5338 1031 5419 facile,
1053 5348 1084 5403 et
1105 5340 1196 5420 quod
1209 5341 1360 5405 rarissima
1382 5348 1466 5423 aunt,
1492 5349 1524 5405 et
1544 5342 1624 5424 quod
1646 5351 1726 5409 unta
1748 5353 1797 5410 eat
1815 5348 1897 5411 sori-
