5150 6534
588 823 663 896 544
1092 824 1452 900 LITURGlll

692 1012 880 1082 Diaconos.
934 1011 1060 1080 Demus
1095 1031 1212 1104 pacem
1247 1008 1330 1081 alter
1364 1008 1477 1101 alteri,
1514 1033 1589 1082 cum
1625 1008 1741 1083 osculo
1778 1018 1896 1085 sancto
1930 1017 1963 1081 et

587 1126 718 1212 divino,
747 1150 786 1197 ac
812 1130 952 1197 caritate
979 1125 1112 1196 Domini
1138 1128 1244 1197 nostri
1270 1125 1354 1196 Jcsu
1382 1124 1513 1197 Christi.

691 1243 853 1335 Populus.
907 1242 1057 1334 Dignare
1084 1262 1147 1312 nos
1174 1242 1317 1312 Domine
1344 1240 1441 1313 Deos
1466 1255 1592 1315 noster.

691 1359 880 1429 Diaconos.
934 1358 1023 1428 Ante
1051 1359 1245 1429 somtionem
1278 1362 1513 1452 mysteriorum
1546 1381 1717 1430 sacrorum
1753 1382 1839 1452 quae
1874 1356 1963 1430 olle-

588 1483 715 1563 runtor,
742 1478 851 1569 capita
878 1482 993 1546 nostra
1021 1495 1135 1544 coram
1162 1474 1306 1544 Domino
1334 1473 1550 1545 misericorde
1577 1472 1782 1546 inclinemus.

694 1590 856 1684 Populus.
911 1589 1033 1661 Coram
1062 1599 1095 1658 te
1121 1587 1264 1658 Domine
1292 1588 1385 1660 Deus
1412 1600 1535 1661 noster.

692 1706 876 1777 Sacerdos.
920 1706 1062 1776 Domine
1088 1703 1181 1775 Deus
1208 1712 1324 1775 noster
1351 1707 1405 1797 qui
1434 1704 1476 1774 de
1504 1703 1702 1776 abundantia
1719 1708 1859 1796 ,gratiae
1886 1714 1963 1775 tuae

586 1828 620 1895 in
655 1826 764 1896 onmia
800 1820 997 1910 extendisti,
1033 1819 1130 1892 nobis
1165 1819 1338 1914 plusquam
1373 1824 1514 1912 petimus
1549 1819 1682 1907 tribuis,
1719 1832 1752 1892 et
1786 1819 1963 1911 benignius

589 1964 686 2034 quam
713 1936 936 2027 intelligimus,
964 1934 1136 2007 uobiscum
1166 1938 1252 2026 agis,
1280 1935 1427 2005 extende
1453 1936 1605 2025 Domine,
1633 1957 1763 2005 uranum
1786 1945 1874 2005 tuam
1895 1956 1965 2005 non

589 2052 846 2151 aspectabilem,
882 2063 916 2121 et
947 2050 1089 2124 benedic
1123 2054 1233 2122 servis
1268 2061 1301 2121 et
1335 2051 1462 2122 ancillis
1497 2055 1578 2139 tois,
1612 2050 1833 2145 mundatoque
1869 2053 1963 2145 ipsos

590 2171 632 2243 ab
661 2174 749 2241 omni
777 2168 905 2238 macula
933 2170 1043 2237 camis
1071 2175 1105 2236 et
1132 2169 1275 2261 spiritus,
1306 2178 1404 2260 atque
1431 2167 1569 2257 dignare
1596 2188 1659 2238 nos
1686 2166 1757 2237 lieri
1784 2169 1963 2262 participes

588 2290 742 2382 corporis
770 2287 929 2375 unigeniti
957 2281 1030 2352 Filii
1057 2286 1121 2370 toi,
1154 2306 1218 2376 quo
1255 2305 1329 2353 cum
1357 2286 1499 2377 puritate
1526 2293 1559 2352 et
1586 2284 1802 2354 sanctimonia
1830 2279 1963 2375 suppli-

589 2424 660 2490 ces,
688 2423 808 2496 preces
834 2398 892 2469 tibi
921 2399 1097 2470 ollcramos
1126 2409 1160 2467 ct
1186 2400 1358 2496 unigenito
1386 2397 1470 2469 Filio
1500 2408 1554 2470 tuo
1573 2398 1717 2470 Domino
1745 2408 1861 2468 nostro
1879 2397 1963 2468 Jesu

590 2516 722 2589 Christo
752 2526 849 2609 atquc
877 2514 1013 2609 Spiritui
1040 2524 1096 2584 tuo
1124 2516 1355 2601 sanctissimo,
1387 2513 1496 2600 bono,
1530 2512 1720 2603 adorando,
1754 2517 1853 2584 uitam
1887 2511 1964 2583 lar-

530 2628 535 2637 “
588 2635 710 2724 gienti,
745 2632 869 2725 tibique
897 2633 928 2699 in
957 2628 1138 2700 substantia
1167 2629 1312 2724 aequali,
1347 2652 1434 2701 nunc
1461 2640 1494 2700 et
1521 2650 1672 2725 semper,
1707 2639 1740 2700 et
1768 2633 1799 2700 in
1827 2628 1964 2701 saecula

589 2745 806 2818 saeculorum.

589 2956 592 2961 Ι
692 2862 853 2954 Populus.
907 2861 1027 2932 Amen.

1024 3220 1191 3290 Precatio
1219 3242 1321 3312 super
1347 3218 1522 3289 velentiae.

692 3439 876 3510 Sacerdos.
929 3439 1073 3510 Domine
1100 3440 1154 3532 qui
1182 3437 1223 3509 ab
1251 3436 1394 3530 Angelis
1422 3448 1455 3509 et
1481 3435 1702 3529 Archangelis
1728 3438 1913 3528 extoderis,
1942 3463 1963 3512 a

587 3556 760 3652 Seraphim
790 3564 923 3626 sanctus
950 3557 1199 3648 pronuncieris,
1226 3576 1328 3649 super
1355 3552 1533 3625 Cherubim
1561 3553 1680 3646 sedes,
1717 3564 1815 3647 atque
1842 3550 1885 3623 ab
1912 3552 1963 3625 bis

587 3671 683 3744 simul
711 3670 863 3743 omnibus
891 3667 980 3742 nullo
1007 3673 1205 3765 interposito
1234 3670 1383 3757 silentio,
1411 3667 1552 3739 vocibus
1580 3669 1692 3742 divino
1721 3691 1877 3742 sermone
1903 3672 1963 3739 iu-

587 3787 738 3858 formatis
766 3785 913 3877 gloriose
940 3784 1103 3859 laudaris:
1131 3795 1164 3856 et
1191 3809 1210 3856 a
1236 3784 1335 3857 nobis
1363 3788 1462 3856 etiam
1488 3797 1599 3857 terrae
1624 3783 1741 3856 incolis
1762 3783 1963 3857 sacerdotali

588 3898 759 3971 stmctione
786 3900 851 3974 coli
878 3904 951 3988 vis,
978 3922 1045 3972 non
1073 3901 1160 3995 quod
1189 3914 1305 3973 nostro
1334 3899 1421 3972 cultu
1450 3923 1534 3996 opus
1563 3899 1708 3987 lrabeaS,
1736 3899 1795 3971 sed
1829 3909 1864 3970 ut
1896 3922 1961 3972 nos

588 4018 773 4088 sanctitatis
801 4027 877 4087 tuae
904 4016 1026 4087 reddas
1053 4020 1250 4113 participes:
1279 4018 1403 4090 sustine
1430 4039 1492 4088 nos
1520 4017 1664 4089 Domine
1691 4015 1734 4087 ad
1751 4014 1857 4087 altare
1873 4026 1963 4087 trum

587 4140 736 4202 sanctum
766 4132 984 4220 accedentes,
1011 4155 1120 4225 neque
1155 4143 1295 4228 propter
1326 4130 1435 4203 labem
1462 4136 1607 4227 peccati,
1641 4155 1705 4226 qua
1738 4153 1805 4222 ego
1839 4133 1962 4203 noxius

586 4246 686 4317 borno
713 4248 973 4319 commaculatus
1001 4270 1092 4335 sum,
1119 4247 1287 4345 despicias
1316 4270 1437 4321 servos
1464 4257 1558 4335 tuos,
1587 4251 1642 4341 qoi
1669 4268 1783 4318 coram
1811 4257 1843 4318 te
1871 4268 1961 4318 con·

588 4365 717 4434 sistunt.
770 4364 821 4434 'l'u
856 4367 958 4451 enim,
996 4375 1031 4435 ut
1066 4367 1120 4458 qui
1157 4366 1228 4459 ipse
1261 4364 1357 4437 lictor
1393 4387 1448 4457 es,
1482 4367 1649 4455 cognitum
1685 4362 1963 4458 exploratumque

588 4477 693 4552 habes
721 4479 911 4570 figmentum
939 4482 1062 4567 nostri,
1090 4480 1178 4575 quod
1206 4503 1272 4552 non
1296 4481 1493 4571 justificetur
1520 4503 1635 4551 coram
1663 4477 1856 4550 teullusex
1882 4501 1962 4550 mu-

585 4593 670 4665 liere
696 4605 806 4668 natus:
834 4594 896 4665 sed
922 4603 954 4666 tu
982 4593 1102 4686 dignos
1130 4595 1249 4667 efficito
1276 4617 1355 4682 uos,
1384 4599 1439 4690 qui
1465 4618 1549 4690 puro
1577 4595 1680 4667 corde
1701 4605 1826 4667 stemus
1846 4616 1962 4665 coram

587 4719 637 4799 te,
665 4709 789 4803 tibique
816 4712 1037 4780 ministremus
1070 4720 1169 4804 atque
1203 4711 1381 4782 olleramus
1414 4710 1608 4783 sacrificium
1640 4710 1705 4782 hoc
1738 4707 1964 4780 reverendum

587 4834 622 4894 et
648 4826 872 4912 incruentum,
901 4824 942 4896 ad
970 4823 1135 4896 abolenda
1162 4824 1282 4896 delicta
1309 4839 1443 4914 nostra,
1471 4837 1505 4896 et
1530 4850 1592 4922 pro
1620 4827 1751 4921 piaculo
1770 4824 1884 4920 populi
1905 4826 1962 4911 tui,

589 4961 771 5033 eorumque
798 4951 1030 5034 peccatorum,
1059 4962 1145 5035 quae
1172 4939 1227 5010 ille
1252 4963 1315 5037 per
1340 4943 1502 5013 inscitiam
1530 4942 1677 5014 admisit:
1705 4964 1745 5012 ac
1774 4963 1837 5036 pro
1864 4951 1964 5011 tran-

588 5053 688 5148 quilla
715 5059 831 5148 requie
859 5079 973 5128 eorum
1002 5059 1056 5151 qui
1084 5054 1222 5127 antehac
1250 5058 1491 5130 occubuerunt:
1520 5082 1593 5129 eum
1621 5080 1714 5154 spem
1740 5054 1903 5128 haberent
1929 5058 1963 5126 in

588 5173 757 5261 unigenito
785 5171 870 5242 Filio
897 5182 971 5243 tuo:
999 5196 1072 5244 cum
1100 5196 1166 5267 quo
1194 5171 1252 5242 tibi
1279 5172 1419 5245 debetur
1445 5173 1572 5266 gloria,
1599 5172 1706 5247 honor
1739 5183 1772 5242 et
1798 5179 1963 5265 potestas,

588 5306 628 5354 ac
655 5284 750 5358 simol
777 5290 986 5361 sanctissimo
1021 5299 1077 5359 tuo
1112 5288 1266 5384 Spiritui,
1293 5285 1396 5377 bono,
1432 5289 1621 5381 adorando,
1654 5291 1756 5360 vitam
1792 5285 1962 5378 largienti,
