5150 6534
591 822 645 898 oa·
960 795 1668 902 ocsnnrlrroras·¹

589 992 852 1070 dice'Florentino
876 1015 907 1070 et
928 1007 1008 1070 aliis:
1031 1006 1087 1070 sed
1108 1024 1208 1087 neque
1231 1008 1262 1068 iu
1284 1005 1510 1089 Theologorum
1533 1008 1656 1089 scriptis
1677 1005 1839 1089 quidquam
1861 1006 1959 1090 sulm

587 1104 715 1186 legitur,
739 1106 820 1187 quod
843 1106 880 1168 ad
904 1106 1029 1169 similem
1052 1105 1090 1169 de
1111 1106 1235 1169 honoris
1257 1108 1472 1188 praerogativa
1495 1106 1578 1169 litem
1599 1110 1755 1189 pertinere
1776 1105 1947 1169 videaur.-

318 1213 358 1266 lln
377 1214 509 1266 oraverint
526 1230 573 1281 pro
673 1205 784 1267 Verum
806 1206 903 1286 major
924 1204 1079 1267 dilllcnltas
1101 1206 1235 1267 nascitur
1257 1224 1297 1268 ex
1320 1204 1465 1281 formula,
1486 1223 1566 1268 nova
1588 1221 1713 1288 prorsus
1737 1212 1767 1267 et
1795 1204 1864 1266 alibi
1886 1206 1961 1267 inu-

283 1299 371 1371 'igine
389 1310 416 1354 et
432 1301 538 1353 suncttr.
588 1303 690 1381 sitata,
714 1322 801 1384 quam
824 1303 914 1367 babet
937 1304 1019 1367 Ordo
1044 1304 1139 1367 Olbcii
1161 1306 1327 1367 communis
1350 1306 1380 1366 in
1404 1304 1518 1368 Codice
1542 1304 1728 1369 colbertino.
1772 1303 1848 1367 Nam
1877 1306 1961 1367 inter

299 2385 328 2437 P.
348 2386 408 2439 m.

588 1404 884 1490 commemorationes
908 1420 1011 1486 eorum
1035 1422 1090 1483 pro
1113 1404 1222 1483 quibus
1246 1411 1367 1480 oratur,
1390 1411 1422 1466 ut
1444 1404 1527 1467 Deus
1546 1413 1682 1484 praestet
1700 1404 1761 1465 iliis
1781 1405 1910 1483 ᾳιιίείεηι
1932 1408 1963 1465 et

587 1502 763 1561 anemurium
786 1500 911 1576 bonam,
934 1504 1103 1565 nominatur
1124 1501 1157 1566 B.
1181 1504 1286 1583 Virgo.
1330 1503 1462 1565 Praesta
1492 1506 1583 1564 etiam
1608 1523 1667 1583 per
1695 1501 1771 1563 illud
1793 1502 1960 1580 inem

586 1600 713 1678 quietem
735 1606 765 1659 ct
784 1602 959 1661 memoriam
982 1601 1092 1662 donam
1114 1602 1372 1672 Geaitrici¹tuue‚
1395 1610 1425 1662 et
1445 1601 1567 1664 Sanctia
1590 1604 1667 1679 tais,
1687 1601 1733 1680 ptr·
1757 1598 1886 1675 ctiam,
1909 1600 1962 1680 qai

587 1698 747 1772 adoraris,
771 1706 800 1758 et
818 1699 1003 1777 plurificuris
1025 1719 1092 1761 cam
1113 1700 1208 1761 Patre
1230 1707 1280 1761 tao
1304 1709 1334 1761 et
1353 1700 1470 1779 Spiritu
1492 1709 1551 1762 tuo.
1585 1698 1724 1783 Etpaulo
1746 1700 1841 1780 prius.
1877 1697 1961 1762 Ecce

588 1796 782 1857 obsecramus
804 1805 848 1873 te,
871 1796 998 1859 Domine
1019 1798 1117 1874 Deus,
1139 1802 1258 1878 suspice
1280 1801 1434 1861 incensam
1455 1800 1538 1860 istud
1560 1807 1744 1874 cromnam,
1766 1798 1848 1878 qaod
1872 1795 1962 1878 offeri

587 1895 645 1957 tibi
664 1895 793 1955 tenuitas
813 1905 933 1973 nostra,
955 1915 1011 1976 pro
1034 1906 1142 1959 sanctu
1155 1898 1308 1959 Geaitrice
1328 1898 1388 1959 Dei
1398 1897 1515 1973 Maria,
1534 1916 1594 1976 pro
1606 1906 1697 1978 patre
1709 1903 1814 1957 aestro
1827 1894 1959 1976 Aduena,

588 2002 618 2055 et
638 2000 736 2053 matre
756 2001 862 2056 austra
884 1994 969 2069 an,
989 2014 1049 2074 pro
1070 1995 1229 2075 Prophetis
1251 2004 1281 2056 et
1301 1995 1473 2075 Apostolis,
1496 2004 1551 2059 etc.
1573 2016 1632 2076 pro
1654 1992 1798 2058 divitibus
1826 2000 1858 2052 et
1872 2010 1960 2071 paa-

584 2092 725 2171 peribas,
754 2111 811 2170 pru
841 2096 1022 2173 appretiatis
1052 2103 1081 2155 et
1109 2093 1240 2174 afflictis.
1286 2094 1406 2158 lterum.
1452 2096 1535 2156 Deae
1559 2115 1618 2174 per
1648 2093 1834 2157 cameracae
1864 2098 1959 2167 maai,

583 2197 712 2270 praesta
733 2194 863 2270 requiem
885 2199 915 2252 et
934 2196 1109 2255 memoriam
1132 2193 1240 2255 boream
1262 2194 1409 2255 Genitriei
1429 2203 1516 2268 tuae,
1545 2202 1575 2255 et
1599 2192 1721 2254 Sanctae
1749 2191 1828 2265 tais,
1856 2191 1959 2253 armt-

588 2291 699 2369 basqae
721 2289 880 2367 defunctis,
902 2309 994 2370 saper
1014 2293 1115 2354 attare
1137 2301 1218 2353 taam
1240 2302 1379 2355 sanctum
1402 2302 1431 2354 et
1447 2293 1583 2354 coeleste.
1614 2291 1694 2353 ldem
1717 2304 1839 2368 quoque
1861 2306 1960 2371 repe-

514 2454 517 2460 .
587 2388 663 2449 ritur
686 2390 716 2449 in
740 2387 842 2452 Officio
873 2391 954 2471 quod
983 2391 1171 2453 B0derianus
1202 2390 1305 2455 edidit.
1349 2390 1425 2453 lllud
1452 2408 1544 2472 porro
1573 2408 1631 2452 non
1655 2387 1745 2451 modo
1767 2393 1875 2449 contra
1898 2404 1960 2453 va-

586 2494 699 2566 terem,
723 2490 919 2572 omnibusque
942 2490 1053 2552 sanctis
1076 2490 1212 2552 Patribus
1236 2490 1439 2552 confirmatam
1462 2489 1627 2552 doctrinam
1656 2488 1754 2563 toret,
1788 2486 1960 2548 sedetiam

303 2590 371 2661 Aug.
401 2594 479 2645 Sem.
513 2593 693 2648 169.coutra
715 2587 872 2651 Ecclesiae
895 2588 1074 2653 universalis
1102 2589 1297 2668 disciplinam.
1343 2588 1473 2668 ideoque
1500 2587 1606 2663 tabet,
1635 2586 1729 2667 inquit
1758 2584 1958 2668 Augustinus,

283 2676 362 2733 bssd·
380 2689 403 2731 et
418 2681 497 2731 Sena.
510 2680 573 2731 2⁸⁴·
585 2685 804 2749 Ecclesiastico
826 2690 1003 2769 disciplina,
1025 2690 1106 2769 quod
1124 2690 1229 2768 fideles
1249 2697 1377 2765 aarum,
1401 2707 1468 2748 cum
1490 2687 1641 2767 Martyres
1662 2704 1698 2747 eo
1725 2685 1792 2748 loca
1819 2685 1960 2751 redime

585 2793 634 2846 tar
656 2786 699 2846 ad
720 2787 819 2847 attare
840 2788 915 2861 Dei,
937 2787 990 2848 ubi
1009 2807 1069 2848 noa
1087 2806 1145 2865 pro
1168 2788 1245 2866 ipsis
1267 2794 1393 2848 orabrr:
1411 2804 1472 2864 pro
1495 2787 1626 2847 caeteris
1647 2793 1747 2846 antem
1774 2800 1959 2845 commemo-

585 2886 663 2945 ratis
685 2885 834 2962 desaaetis
855 2893 971 2948 oratur.
1017 2885 1133 2964 injuria
1155 2893 1201 2947 est
1222 2887 1300 2946 enim
1318 2904 1379 2963 pro
1400 2893 1533 2966 martyre
1555 2902 1656 2958 orare,
1678 2886 1764 2963 capu
1783 2901 1842 2943 uos
1863 2881 1959 2944 debe-

584 3000 652 3042 mas
679 2983 867 3045 orationibus
896 2985 1109 3047 commendari.
1167 2982 1208 3044 At
1241 2984 1266 3044 si
1296 3000 1395 3062 neque
1425 3000 1481 3062 pro
1510 2983 1692 3062 martyribus
1715 2988 1835 3059 oratur,
1864 2979 1978 3042 multo¹

584 3082 681 3142 minus
712 3099 767 3161 pro
798 3084 985 3145 sanctissima
1012 3084 1069 3145 liei
1096 3083 1249 3144 Genitrice
1277 3081 1382 3145 ldaria.
1432 3081 1507 3143 lllud
1542 3099 1639 3160 aeque
1670 3082 1852 3143 contrarium
1882 3080 1957 3162 ipsis

585 3180 734 3260 Syriaca,
758 3189 789 3259 qt
813 3191 843 3244 et
866 3182 930 3245 aliis
954 3182 1090 3245 omnibus
1113 3182 1256 3265 Liturgiis
1279 3183 1374 3244 loret:
1398 3200 1466 3242 cum
1488 3183 1643 3262 expressis
1664 3180 1768 3243 verbis
1785 3177 1958 3261 significent

583 3279 681 3357 illam,
704 3287 737 3341 ut
758 3281 893 3363 reliquos
916 3291 1057 3359 sanctos,
1081 3284 1245 3362 praecipue
1269 3288 1417 3361 martyres
1439 3280 1681 3356 commemorari,
1705 3284 1737 3339 ut
1759 3294 1816 3358 per
1836 3275 1958 3338 illorum

585 3378 848 3457 intercessionem,
872 3382 1000 3443 divinam
1023 3384 1166 3462 gratiam,
1191 3388 1222 3442 et
1243 3380 1418 3442 necessaria
1440 3378 1478 3440 ad
1509 3380 1587 3441 bene
1615 3379 1763 3457 beateque
1793 3373 1956 3437 vivendum

586 3479 695 3538 auxilia
718 3481 920 3558 impetremus.
966 3481 1033 3541 Non
1057 3480 1222 3542 dubitamus
1246 3481 1338 3562 igitur
1360 3479 1405 3539 bis
1429 3480 1458 3539 in
1480 3478 1555 3540 locis
1579 3483 1736 3558 peccatum
1758 3475 1894 3555 potiusa
1916 3474 1957 3536 li·

585 3576 693 3639 brariis
724 3580 868 3657 imperitis
892 3579 1001 3657 luisse,
1025 3581 1074 3659 qui
1098 3598 1134 3640 ea
1157 3598 1235 3658 quae
1258 3578 1426 3660 disjunctim
1457 3577 1619 3638 scribenda
1649 3582 1749 3652 erant,
1783 3582 1818 3635 ut
1838 3571 1956 3655 'passim

492 3688 495 3695 '
587 3675 672 3750 alibi,
695 3678 933 3757 conjunxerunt,
957 3696 1044 3757 quam
1068 3686 1151 3740 certo
1176 3678 1302 3739 consilio
1332 3677 1493 3738 admissum
1524 3675 1554 3737 id
1588 3675 1698 3753 luisse,
1725 3680 1759 3734 ut
1787 3689 1868 3735 nova
1898 3672 1956 3735 do-

588 3776 699 3851 ctrina,
724 3794 740 3836 a
762 3795 820 3856 qua
843 3778 1033 3838 remotissimi
1057 3785 1143 3856 sunt,
1168 3787 1198 3839 et
1220 3796 1308 3857 quam
1332 3776 1501 3857 quotidiana
1521 3776 1640 3836 illorum
1660 3771 1817 3853 disciplina
1832 3772 1953 3851 refellit,

586 3875 790 3936 induceretur.
836 3875 1140 3939 Commemorationes
1171 3895 1187 3936 a
1213 3875 1247 3940 B.
1280 3878 1405 3957 Virgine
1439 3883 1470 3935 et
1503 3876 1619 3938 Sanctis
1647 3872 1791 3951 incipiunt
1820 3887 1878 3950 per
1906 3868 1954 3931 illa

587 3974 681 4035 verba
703 3974 848 4036 Memento
870 3976 1011 4054 Domine,
1035 3985 1065 4038 et
1089 3978 1159 4052 ista,
1180 3977 1236 4054 sac
1257 3978 1431 4036 memoriam
1453 3974 1579 4035 bonum.-
1601 3970 1745 4035 stmilibus
1763 3968 1865 4030 verbis
1879 3985 1956 4030 con-

588 4074 741 4134 tinuantur
764 4077 925 4136 memoriae
948 4077 1084 4136 vivorum
1108 4083 1138 4136 et
1160 4083 1354 4136 mortuorum.
1399 4073 1431 4134 ln
1454 4073 1549 4153 prima
1573 4072 1699 4152 periodo
1722 4086 1801 4150 quac
1823 4066 1862 4129 ad
1885 4067 1957 4129 vir-

587 4173 686 4253 ginem
710 4180 739 4233 et
763 4174 890 4236 Sanctos
912 4172 1057 4235 refertur:
1081 4176 1256 4236 terminatur
1279 4174 1375 4234 oratio
1392 4190 1447 4252 per
1460 4172 1536 4233 banc
1556 4169 1716 4233 clausulam
1730 4179 1765 4232 at
1774 4190 1834 4250 per
1852 4187 1956 4233 eoram

584 4289 693 4349 preces
716 4271 902 4333 obtineamus
922 4277 1054 4353 qratiam
1076 4282 1107 4334 et
1126 4274 1365 4334 misericordiam
1387 4291 1408 4332 a
1429 4270 1567 4332 Domino.
1604 4269 1687 4331 Hauc
1701 4288 1787 4346 vero,
1809 4277 1843 4331 ut
1857 4270 1956 4331 notis-

588 4369 701 4444 simam,
726 4370 964 4434 omisitfortasse
988 4373 1105 4453 aliquis,
1130 4380 1159 4433 et
1183 4390 1248 4432 eum
1272 4371 1336 4432 aliis
1360 4371 1522 4450 conjunxit,
1545 4368 1625 4431 unde
1648 4376 1716 4429 nata
1740 4377 1786 4431 est
1805 4369 1954 4431 abnormis

589 4466 641 4528 illa
663 4468 858 4547 supplicatio,
882 4488 959 4549 quae
983 4490 1022 4531 ex
1051 4472 1114 4532 allis
1137 4471 1282 4551 Liturgiis
1306 4469 1484 4531 contutatur.
1530 4468 1714 4530 llddendum¹
1730 4477 1778 4530 est
1799 4468 1956 4532 formulam

588 4567 674 4627 istam
694 4574 822 4646 praesta
843 4571 1019 4630 memoriam
1041 4570 1165 4647 bonam,
1188 4569 1258 4629 nihil
1282 4568 1362 4629 aliud
1385 4567 1555 4650 significare
1578 4586 1683 4647 quam,
1705 4568 1861 4631 Memmio.

990 4848 1158 4918 Memoria
1183 4847 1328 4916 oliorum
1354 4844 1566 4914 Sanctorum.

681 5054 781 5131 Vnam
803 5070 854 5131 illa
876 5089 910 5132 se
934 5068 1024 5131 babet
1046 5067 1210 5130 secondum
1234 5067 1371 5128 diversas
1386 5065 1590 5126 Ecclesiarum
1613 5063 1858 5139 consuetudines,
1880 5083 1960 5147 quae

591 5170 620 5229 in
644 5187 681 5231 eo
704 5171 908 5244 consentiunt,
933 5167 1013 5247 quod
1038 5167 1182 5244 Sanctos,
1216 5183 1343 5246 quorum
1374 5165 1538 5224 communis
1569 5162 1648 5242 apud
1678 5181 1781 5225 omnes
1811 5161 1867 5224 fuit
1889 5171 1961 5227 ante

591 5268 749 5332 schismata
771 5269 944 5347 veneratio,
967 5266 1080 5348 passim
1102 5267 1271 5345 nominant,
1296 5265 1384 5327 modo
1407 5264 1542 5343 brevius,
1564 5262 1652 5325 modo
1671 5264 1961 5345 prolixiusz-ueque
