5150 6534
589 862 639 937 ιι
660 859 830 939 sunnon
851 814 1124 937 ιιιιιιιιιιιιιιι
1147 863 1195 937 ιι
1213 861 1480 939 ιιιοιιιιιιιιι
1505 862 1698 940 irrorans.
1782 861 1828 933 ru

460 1050 574 1143 primis
600 1048 854 1144 possessoribus
880 1052 1008 1120 restitui
1034 1051 1172 1119 curavit
1203 1048 1290 1119 Nam
1316 1057 1352 1120 ut
1378 1047 1550 1121 cedrenus
1578 1052 1726 1144 scripsit,
1759 1072 1825 1121 non
1859 1049 1961 1103 ceuaa.
1975 1052 2000 1104 T·
2016 1053 2038 1104 ¹·
2046 1072 2073 1122 r·
2084 1054 2151 1117 ,⁴20-

461 1163 560 1235 modo
597 1164 807 1236 Nestorianis
842 1163 982 1237 favebat
1019 1162 1300 1252 Nuschiruanus,.
1321 1165 1381 1236 sed
1420 1164 1566 1259 reliquos
1609 1164 1827 1256 Christianos,
1840 1137 2041 1276 22⁰2ss²ssss
2055 1140 2149 1210 ¹⁴⁰⁹·

461 1284 560 1351 etiam
586 1284 621 1349 in
646 1279 796 1368 Perside,
823 1280 865 1351 ad
892 1302 1008 1352 eorum
1035 1289 1161 1353 sectam
1189 1279 1450 1374 amplectandam
1476 1280 1633 1371 cogebat:
1662 1291 1759 1375 atque
1786 1305 1826 1354 ea
1895 1262 1901 1275 ⁸
2034 1262 2041 1276 ’

462 1398 592 1467 ratione
617 1394 753 1486 factum,
779 1405 815 1466 ut
841 1399 896 1490 qui
921 1399 955 1465 in
981 1418 1023 1466 ea
1054 1397 1195 1486 regione
1222 1395 1399 1468 Christiani
1426 1406 1536 1484 erant,
1574 1417 1689 1466 ornnes
1720 1418 1826 1492 prope
1877 1398 1903 1450 T·
1923 1399 1948 1451 ¹·
1962 1417 1989 1467 r·
2007 1399 2068 1449 ⁴¹⁵·

462 1510 580 1582 eadem
607 1508 739 1583 haeresi
764 1511 982 1583 inficerentur.
1009 1510 1046 1583 ld
1072 1510 1205 1582 videtur
1231 1510 1382 1582 ellectum
1415 1533 1493 1583 esse
1525 1533 1593 1582 non
1621 1509 1662 1582 ab
1689 1511 1826 1603 indige-

462 1631 514 1698 nis
540 1625 650 1721 Syris,
676 1648 752 1697 nam
780 1626 1008 1699 Orthodoxam
1033 1627 1130 1698 fidem
1158 1625 1399 1721 sequebantur,
1426 1637 1460 1698 et
1485 1627 1546 1698 sub
1573 1626 1733 1699 Romanis
1759 1629 1827 1697 im-
1884 1685 1887 1692 .

461 1742 672 1838 peratoribus
698 1741 807 1814 Nisibi
834 1754 867 1813 et
893 1743 1044 1815 Edessae
1079 1742 1211 1815 scholas
1247 1740 1411 1815 habebant
1436 1745 1606 1835 insigueS,
1637 1742 1692 1814 ubi
1718 1741 1827 1814 ilorc-

461 1858 541 1929 bant
566 1879 736 1931 sacrarum
769 1857 937 1929 literanum
970 1856 1097 1947 studia,
1131 1858 1174 1929 de
1206 1857 1325 1952 quibus
1350 1858 1511 1947 Juuiliua,
1546 1857 1769 1953 Cassiodorus
1796 1869 1829 1929 et
1858 1862 1934 1914 aaut
1953 1861 2007 1913 ua.
2026 1862 2101 1913 rara.

462 1974 532 2044 alii:
558 1995 676 2044 uerum
705 1996 725 2044 a
751 1971 900 2064 fugitivis
927 1995 972 2043 ex
999 1971 1158 2061 Graecia,
1191 1977 1245 2067 qui
1272 1977 1413 2069 septimo
1448 1972 1583 2047 saeculo
1608 1977 1827 2067 praesertim,

460 2086 633 2160 Ecclesias
660 2097 694 2159 et
719 2087 853 2161 scholas
880 2099 1140 2184 occupaverunt,
1167 2097 1268 2160 totam
1296 2090 1438 2185 denique
1454 2088 1732 2183 Mesopotamiam
1748 2089 1826 2160 Ne-

461 2208 642 2278 storianam
667 2202 824 2276 lecerunt
851 2204 1082 2277 Servaverant
1107 2205 1153 2275 illi
1178 2204 1348 2296 Liturgias
1375 2216 1528 2295 suas,et
1554 2204 1668 2276 Cilicia
1700 2227 1827 2277 secun-

462 2320 535 2391 dum
565 2306 724 2391 Graecae'
744 2319 938 2409 Ecclesiae,
966 2344 1011 2392 ex
1040 2342 1104 2415 qua
1138 2331 1369 2410 recesserant,
1396 2320 1618 2416 disciplinam,
1646 2322 1691 2389 ita
1718 2330 1828 2391 tamen

461 2445 497 2507 ut
522 2435 703 2507 secundum
737 2458 849 2508 moras
881 2435 967 2507 illius
1003 2435 1148 2526 saeculi,
1184 2436 1301 2507 eadem
1335 2437 1440 2509 ollicia
1475 2437 1617 2531 Syriaca
1653 2434 1827 2506 celebrare

461 2554 645 2647 coeperint,
670 2551 726 2623 ubi
754 2551 885 2623 Graeca
911 2552 1025 2642 lingua
1051 2574 1119 2623 non
1145 2563 1217 2623 erat
1242 2553 1444 2641 vernacula3
1479 2552 1601 2646 illaque
1633 2555 1827 2623 retinuerint

462 2688 503 2736 eo
529 2664 670 2755 facilius,
697 2668 784 2762 quod
812 2692 885 2739 cum
913 2667 1118 2739 Ortbodoxis
1144 2668 1308 2759 indigenis
1333 2667 1456 2740 nullam
1478 2669 1741 2739 communionem
1759 2669 1825 2739 ha-

460 2779 586 2853 berent·
630 2782 895 2879 Mesopotameni
920 2788 1074 2878 proprios
1099 2788 1182 2858 ritus
1208 2783 1334 2856 habere
1359 2794 1553 2879 potuenmt,
1586 2806 1669 2878 quos
1695 2783 1827 2858 Nesto-

460 2900 545 2968 riani
572 2898 717 2994 amplexi
744 2910 828 2974 sunt.
930 2910 933 2915 ’

563 3014 619 3086 Ν.
647 3014 736 3087 Fieri
763 3038 894 3110 quoque
920 3019 1042 3110 potuit,
1074 3025 1109 3087 ut
1140 3017 1296 3111 proprios
1322 3013 1672 3109 Mesopotamenarum
1697 3014 1825 3087 Eccle-
1873 3030 2148 3099 nesopoumenpro-
2208 3014 2213 3030 ‘

461 3130 585 3201 siarum
610 3132 691 3203 ritus
718 3141 949 3227 sequerentur,
975 3135 1060 3203 inter
1087 3153 1169 3227 quos
1197 3142 1230 3203 et
1256 3154 1317 3204 eos
1354 3136 1408 3226 qui
1434 3130 1596 3223 vigebant
1633 3130 1720 3225 apud
1752 3133 1824 3204 Or·
1838 3118 2149 3185 ⁹¹¹⁰⁸¹⁵⁸⁰⁸¹¹²l⁰f⁰lffi

459 3242 639 3334 thodoxos,
666 3246 753 3317 nulla
779 3250 934 3318 momenti
961 3248 1097 3338 alicujus
1125 3258 1197 3319 erat
1212 3247 1404 3337 dillerantia,
1419 3248 1452 3317 in
1467 3246 1531 3318 iliis
1547 3267 1666 3317 sacrae
1681 3250 1823 3322 actionis
1837 3212 1911 3341 1¹:53
1913 3211 2033 3357 mx:
2048 3203 2147 3344 ,ἱῐῗο

459 3363 620 3455 partibus,
647 3387 732 3458 quae
759 3367 960 3459 praecipuae
987 3374 1021 3434 et
1046 3368 1260 3436 necessariae
1288 3371 1373 3436 sunt.
1406 3362 1531 3434 Verum
1568 3385 1611 3433 an
1642 3365 1687 3432 ita
1714 3361 1824 3451 luerit,

446 3481 614 3549 vconstitui
640 3483 793 3551 nonnisi
820 3503 866 3551 ex
893 3482 1092 3570 conjecturis
1117 3490 1244 3575 potest:
1270 3502 1380 3574 neque
1411 3488 1521 3550 tamen
1547 3482 1662 3552 inanes
1691 3483 1824 3551 omnino

459 3590 537 3663 illae
559 3595 760 3685 judicandae
786 3606 870 3668 sunt.
898 3594 942 3666 Ut
969 3599 1056 3665 enirn
1082 3595 1159 3666 alibi
1186 3595 1308 3666 dictum
1334 3606 1397 3686 est,
1423 3594 1483 3665 fuit
1502 3594 1588 3689 apud
1615 3593 1725 3689 Syros
1743 3593 1825 3664 ble-

460 3719 695 3803 sopotamenos
723 3712 866 3800 traditio,
892 3714 1058 3782 institutae
1085 3710 1126 3782 ab
1153 3712 1274 3785 Adaeo
1303 3734 1364 3784 seu
1390 3710 1549 3783 Thadaeo
1576 3709 1618 3780 ad
1652 3708 1826 3800 Abgarum

460 3821 590 3915 Regem
616 3830 720 3899 misso
746 3826 935 3915 Ecclesiae,
963 3828 1056 3916 cujus
1082 3829 1116 3897 in
1141 3826 1278 3899 historia
1304 3826 1544 3899 Ecclesiastica
1572 3824 1711 3898 Graecis
1745 3850 1825 3898 mo·
1857 3839 1945 3892 Esset.
1964 3839 1981 3891 t.
1999 3840 2019 3891 1.
2038 3856 2063 3905 c,
2086 3841 2127 3892 13.

460 3944 621 4012 numentis
649 3945 842 4033 consignata
877 3940 1092 4036 probationes
1119 3953 1251 4014 extant:
1287 3953 1322 4014 et
1354 3942 1471 4037 procul
1509 3941 1607 4013 dubio
1638 3943 1825 4036 Apostolus

460 4053 515 4125 ille
548 4056 605 4127 vel
630 4057 832 4152 Discipulus,
863 4079 929 4128 non
965 4056 1096 4151 qualern
1130 4056 1322 4129 Nestoriani
1355 4058 1491 4148 deinde,
1527 4057 1588 4130 sed
1619 4079 1693 4128 eam
1727 4083 1825 4153 quarn

458 4169 575 4264 reliqui
601 4171 763 4268 Discipuli
790 4173 972 4246 doctrinam
999 4177 1227 4248 annunciavit:
1260 4185 1296 4246 ut
1321 4197 1431 4270 neque
1462 4172 1608 4245 lacobus
1635 4173 1825 4266 Nisibenus,

457 4282 604 4379 Ephrem
630 4288 780 4360 etmulti
807 4289 862 4359 alii
887 4289 953 4361 ulla
980 4291 1105 4361 erroris
1133 4292 1323 4385 suspicione
1336 4295 1464 4386 aspersi
1481 4298 1564 4361 sunt.
1590 4289 1705 4384 ltaque
1725 4313 1825 4362 oom-

458 4424 589 4474 munem
615 4426 689 4475 cum
715 4405 851 4498 reliquis
877 4402 1038 4477 Ecclesiis
1064 4405 1162 4477 fidem
1189 4417 1222 4478 et
1236 4407 1440 4502 disciplinam
1465 4404 1643 4493 habebant,
1670 4405 1732 4476 sed
1743 4411 1825 4480 ritus

458 4528 634 4611 potuenmt
667 4519 792 4592 habere
828 4519 998 4594 diversos:
1043 4531 1078 4592 ut
1113 4526 1212 4594 etiam
1247 4521 1345 4614 leges
1378 4522 1536 4619 quasdam
1568 4519 1824 4595 Ecclesiasticas

461 4631 662 4707 Nestoriana
689 4634 820 4710 haeresi
848 4640 1058 4709 vetustiores.
1085 4638 1122 4709 ld
1148 4661 1249 4733 porro
1263 4639 1362 4733 plane
1386 4648 1511 4709 certum
1536 4637 1617 4709 lacit
1640 4635 1825 4729 Syntoqma

462 4747 632 4822 &nonum
665 4753 845 4823 secundom
879 4754 1068 4823 doctrinam
1099 4755 1215 4825 Adaei
1245 4762 1279 4825 et
1310 4756 1414 4846 Apis,
1450 4754 1539 4849 quod
1573 4756 1754 4849 reperimus
1788 4758 1822 4822 in

461 4870 686 4941 vetustissimo
714 4869 840 4942 Codice
866 4869 1010 4966 Syriaco
1036 4869 1189 4942 Mediceo
1208 4869 1422 4942 Collectionis
1450 4870 1622 4942 Canonum
1647 4867 1823 4940 Ecclesiae

460 4980 679 5074 Jacobiticae,
707 5008 793 5079 quae
820 5007 902 5058 sane
928 4985 1007 5057 illud
1041 5010 1060 5057 a
1092 4985 1301 5059 Nestorianis
1327 5010 1395 5059 non
1424 4988 1623 5082 accepisset,
1656 4993 1744 5054 tanta
1772 4994 1823 5055 est

458 5096 544 5169 illius
571 5110 686 5173 sectae
713 5101 798 5197 apud
824 5101 996 5173 lacobitas
1024 5101 1206 5174 detestatio.

560 5215 602 5287 V.
628 5218 737 5289 Porro
764 5216 848 5288 haec
874 5220 1024 5312 quamvis
1056 5217 1322 5313 probabilitatem
1347 5220 1491 5292 habeant
1516 5241 1583 5290 non
1608 5218 1821 5307 mediocrem,
1886 5213 2017 5267 ¹⁸⁰⁰bii³⁰
2040 5225 2143 5282 praeter

459 5341 551 5402 certo
578 5341 689 5406 umen
717 5342 887 5430 comperta
912 5355 980 5406 non
1006 5355 1082 5405 esse
1107 5332 1248 5406 latemur
1273 5341 1438 5429 ingenue,
1473 5339 1549 5432 quia
1575 5344 1710 5409 veteres
1744 5334 1819 5409 libri
1834 5299 2144 5370 ¹⁸⁶⁰b¹¹‘¹‘¹²¹⁸¹¹¹¹¹¹'¹¹¹¹'

1569 5453 1617 5526 ,a

1836 5396 1874 5439 tas
1883 5388 1945 5441 alias
1956 5387 2056 5440 babent
