5150 6534
591 830 665 905 550
1098 831 1458 910 nrrnnerl

591 1017 738 1091 cordiam
767 1041 1010 1114 consequamur
1035 1021 1068 1089 in
1095 1017 1149 1089 die
1178 1020 1300 1110 justae,
1337 1026 1435 1114 atque
1461 1040 1589 1113 aequae
1620 1028 1696 1090 tuae
1722 1020 1962 1108 retributionis,

589 1158 652 1231 per
678 1137 836 1227 gratiam,
862 1134 1141 1223 misericordiam,
1169 1157 1209 1206 ae
1237 1157 1384 1207 amorem
1411 1137 1570 1227 unigeniti
1596 1133 1670 1206 Filii
1703 1139 1749 1207 tui
1782 1158 1866 1228 erga
1892 1135 1961 1207 bn-

590 1273 723 1322 manum
749 1273 872 1343 genus:
898 1274 960 1346 per
986 1273 1084 1345 quem
1110 1260 1144 1320 et
1171 1274 1243 1321 cum
1272 1273 1338 1346 quo
1365 1249 1424 1321 tibi
1451 1249 1590 1322 debetur
1614 1250 1705 1338 laus,
1732 1260 1766 1321 et
1792 1252 1901 1344 gloria
1927 1263 1963 1324 et

590 1377 762 1462 potestas,
797 1378 831 1439 et
864 1390 949 1441 eum,
972 1369 1181 1438 sanctissimo
1215 1378 1272 1438 tuo
1304 1367 1448 1461 Spiritu,
1480 1365 1588 1456 bono,
1624 1365 1817 1459 adorando,
1856 1372 1961 1439 vitam

589 1483 775 1575 largiente,
803 1493 902 1577 atque
929 1480 986 1553 tibi
1008 1467 1051 1553 ¹in
1086 1482 1269 1556 substantia
1304 1483 1452 1578 aequali:
1485 1506 1571 1554 nunc
1605 1493 1639 1553 et
1672 1503 1822 1578 semper,
1863 1493 1897 1556 et
1926 1486 1961 1556 in

589 1600 724 1672 saecula
752 1597 971 1671 saeculorum.
1334 1598 1495 1692 Populus.
1548 1600 1668 1671 Amen.

691 1714 866 1785 Sacerdos
898 1715 1089 1785 inclinatas.
1143 1713 1267 1786 Sancte
1294 1715 1491 1786 Sanctorum
1519 1714 1662 1787 Domine
1677 1713 1771 1785 Deus
1790 1717 1958 1801 virtutum,

590 1829 757 1904 ollerimus
786 1828 844 1901 tibi
872 1830 1068 1903 sacrificium
1095 1828 1159 1902 boc
1185 1831 1407 1902 reverendum
1435 1841 1469 1901 et
1496 1834 1719 1916 incruentum,
1746 1852 1806 1923 pro
1830 1828 1959 1901 Eccle-

589 1950 649 2020 siis
691 1949 834 2035 sanctis,
872 1968 958 2040 quae
985 1968 1004 2015 a
1031 1944 1149 2018 linibus
1190 1956 1301 2017 terrae
1344 1969 1449 2040 usque
1487 1946 1528 2017 ad
1566 1947 1650 2018 lines
1687 1948 1759 2036 ejus
1801 1950 1958 2018 existunt

498 2051 502 2058 ¹
589 2063 759 2136 Memento
787 2065 885 2133 etiam
912 2064 1004 2134 Deus
1031 2062 1128 2154 hujus
1150 2072 1286 2133 nostrae
1306 2061 1492 2149 Ecclesiae,
1519 2083 1701 2187 eorupnque
1716 2060 1958 2157 quiinEeele-

590 2182 647 2250 siis
675 2180 845 2267 serviunt,
871 2179 1004 2249 Petrum
1031 2175 1142 2248 bonae
1168 2180 1350 2250 memoriae
1377 2189 1411 2249 et
1423 2176 1636 2250 Patriarchae
1649 2181 1754 2249 nostri
1767 2178 1901 2249 Domini
1915 2177 1958 2250 N.
1989 2268 1992 2274 A

589 2304 688 2387 atque
715 2293 915 2388 reliquorum
943 2297 1087 2365 omnium
1113 2293 1356 2389 Episcoporum
1377 2293 1659 2382 Ortbodoxorum,
1685 2294 1957 2388 prudentiamque

589 2419 624 2480 et
650 2408 871 2481 fortitudinem
897 2408 1031 2480 cuilibet
1056 2408 1186 2482 illorum
1214 2409 1364 2498 tribuito:
1392 2419 1427 2481 ιιι
1443 2419 1536 2482 recte
1551 2418 1691 2506 pascant
1711 2430 1851 2501 gregem
1866 2421 1958 2481 tuum

588 2547 730 2597 sacrum.
783 2525 951 2597 Memento
980 2527 1077 2597 etiam
1094 2523 1372 2620 Presbyterorum
1393 2525 1688 2613 Ortbodoxorum,
1706 2512 1957 2597 Diacouorum-

589 2664 672 2736 que,
701 2645 756 2735 qui
782 2640 892 2712 ubivis
927 2643 1000 2713 sive
1033 2645 1152 2713 mortni
1187 2645 1261 2713 sive
1295 2647 1492 2738 superstites
1526 2653 1620 2729 sunt,
1653 2651 1687 2713 et
1718 2639 1793 2712 dato
1824 2639 1889 2711 illis
1921 2651 1957 2712 ut

587 2757 754 2852 inculpate
781 2761 930 2828 serviant
956 2756 998 2828 ad
1026 2779 1118 2829 aram
1145 2768 1304 2830 sanctam.
1357 2760 1395 2830 ln
1430 2758 1626 2851 Virginitate
1660 2767 1759 2851 atque
1789 2755 1956 2830 sollicitu-

589 2872 665 2944 dine
692 2874 897 2961 durantium,
924 2881 1090 2945 memento
1118 2873 1229 2963 Deus,
1257 2897 1298 2945 ac
1324 2876 1479 2946 mlaeriae
1506 2878 1606 2945 etiam
1637 2896 1752 2963 meae,
1786 2897 1957 2970 parceque

588 2988 664 3061 mibi
691 2993 862 3085 peccatori
887 2988 1056 3082 inutilique
1082 3010 1184 3062 servo
1211 3001 1286 3079 tuo,
1314 2994 1367 3062 cui
1393 2992 1534 3082 gratiam
1561 2987 1864 3084 benignitatemque
1896 2995 1957 3062 vi-

587 3129 720 3178 scerum
747 3115 876 3177 tuorum
902 3103 1093 3178 exhibuisti:
1121 3130 1161 3178 ae
1187 3129 1241 3177 me
1268 3110 1331 3180 etsi
1364 3106 1532 3200 indignum
1568 3106 1710 3196 redime,
1743 3128 1804 3202 pro
1839 3107 1956 3180 multi-

587 3221 699 3293 tudine
725 3223 972 3293 miserationum
999 3230 1140 3309 tuamm,
1167 3233 1203 3294 ut
1228 3233 1261 3294 te
1289 3244 1423 3319 semper
1449 3221 1580 3294 laudem
1606 3246 1667 3318 per
1694 3245 1824 3295 omnem
1851 3225 1954 3293 vitam

587 3360 714 3409 meam:
741 3336 846 3408 libera
872 3360 926 3408 me
953 3336 995 3409 ab
1024 3338 1175 3410 omnibus
1204 3341 1259 3433 qui
1285 3320 1425 3410 oderunt
1451 3361 1525 3430 me,
1553 3349 1587 3409 et
1618 3347 1854 3408 convertantur
1886 3340 1955 3408 lni-

588 3457 665 3525 mici
690 3456 756 3525 mei
783 3464 975 3526 retrorsum.
1029 3454 1134 3550 Aperi
1161 3454 1279 3527 oculos
1307 3459 1424 3527 mentis
1451 3477 1565 3543 meae,
1592 3464 1627 3525 ut
1639 3453 1776 3524 irradiet
1791 3452 1955 3525 illustret-

589 3594 654 3665 que
681 3593 736 3641 me
761 3570 893 3659 lumen,
921 3570 961 3642 ad
989 3570 1225 3663 cognoscenda
1253 3592 1294 3641 ea
1322 3592 1422 3642 sensa
1449 3594 1535 3665 quae
1561 3569 1617 3642 tibi
1646 3572 1738 3642 Deus
1759 3581 1955 3661 congruunt.

589 3686 758 3757 Memento
785 3686 879 3756 Deus
908 3689 1005 3759 etiam
1033 3686 1145 3782 populi
1172 3690 1337 3780 sperantis
1363 3690 1397 3757 in
1424 3686 1658 3761 misericordiis
1675 3688 1752 3772 tuis,
1781 3707 1821 3756 ac
1837 3685 1954 3759 domos

590 3825 704 3873 eorum
732 3806 764 3873 iu
793 3825 876 3897 pace
904 3814 1115 3874 conservato.
1169 3801 1354 3875 Herbarum
1383 3828 1515 3899 quoque
1542 3815 1576 3875 et
1601 3813 1712 3874 terrae
1729 3801 1860 3893 frugum
1877 3825 1954 3873 me-

589 3921 725 3989 mineris
758 3919 867 3990 Deus:
909 3918 1051 4014 datoque
1084 3916 1181 3990 nobis
1212 3917 1344 4014 pluvias
1378 3924 1611 4016 tempestivae,
1648 3941 1688 3990 ac
1721 3917 1955 3990 benedictione

590 4045 645 4106 tua
677 4037 888 4130 persequitor
922 4057 1081 4107 coronam
1114 4036 1189 4104 anni
1221 4035 1478 4126 benignissime:
1512 4038 1740 4130 imperataque
1775 4044 1886 4105 terrae
1919 4045 1955 4107 ut

589 4150 644 4221 det
669 4149 796 4223 fructus
812 4173 918 4239 suos,
946 4154 1022 4245 quia
1049 4150 1137 4222 oculi
1163 4154 1307 4223 omnium
1335 4150 1377 4223 ab
1405 4161 1438 4222 te
1464 4152 1617 4246 pendent.
1982 4125 1991 4147 ⁸

692 4267 758 4337 Hic
795 4267 940 4338 sustollit
973 4289 1099 4337 aecem.
1158 4267 1270 4361 Atque
1311 4290 1391 4339 erue
1426 4288 1488 4338 nos
1523 4267 1704 4340 fortissime
1737 4267 1951 4354 Domine‚¹a

587 4381 695 4469 same,
723 4383 797 4469 lue,
824 4392 935 4454 terrae
962 4391 1067 4468 motu,
1096 4382 1265 4473 incendio,
1293 4383 1535 4476 submersione,
1562 4394 1661 4478 atque
1687 4392 1950 4479 apersecutore,

586 4499 901 4593 insurgentibusque
928 4498 1090 4571 adversus
1117 4506 1182 4570 nos
1206 4500 1345 4572 inimicis
1373 4498 1628 4595 aspectabilibus
1651 4512 1684 4572 et
1702 4521 1767 4571 non
1789 4512 1950 4595 aspecta-

586 4613 725 4702 bilibus,
753 4617 808 4708 qui
841 4616 971 4686 ratione
1004 4625 1198 4705 cernuntur,
1234 4627 1268 4687 et
1301 4619 1355 4710 qui
1388 4638 1489 4689 sensu
1524 4619 1764 4713 percipiuntru:
1792 4639 1812 4687 a
1839 4616 1951 4708 gladio

586 4731 694 4816 malo,
722 4739 757 4799 et
783 4727 824 4800 ab
853 4733 940 4803 omni
968 4753 1066 4801 manu
1095 4731 1292 4827 populorum
1320 4732 1596 4824 alienigenarum:
1623 4732 1664 4803 ab
1680 4730 1866 4806 bominibus
1882 4737 1951 4804 im-

538 4861 541 4867 ’
585 4845 699 4941 probis
719 4855 753 4915 et
770 4844 996 4935 fraudulentis,
1021 4857 1118 4940 atque
1142 4869 1161 4917 a
1188 4848 1396 4942 loquentibus
1418 4871 1592 4944 perversa.
1644 4849 1687 4921 Et
1707 4871 1825 4943 pacem
1851 4860 1950 4936 ιιιιιιι,

586 4985 673 5056 quae
707 4982 837 5032 omnem
870 4960 1056 5032 intellectus
1089 4972 1221 5057 captum
1261 4963 1410 5050 excedit,
1443 4965 1565 5037 donato
1597 4966 1713 5051 nobis,
1749 4961 1951 5059 imbuitoque

587 5078 690 5154 corda
717 5088 831 5149 nostra
858 5076 1061 5168 benignitate
1089 5089 1123 5149 et
1148 5077 1328 5173 probitate:
1357 5102 1397 5151 ac
1424 5079 1561 5172 dignare
1587 5103 1650 5155 nos
1671 5083 1856 5159 consistere
1882 5101 1950 5152 co-

587 5216 659 5265 ram
688 5205 736 5281 te,
764 5193 822 5264 tibi
849 5196 990 5279 vivere,
1017 5195 1074 5266 tibi
1101 5194 1236 5289 placere
1262 5194 1414 5285 omnibus
1441 5196 1557 5270 diebus
1584 5200 1675 5269 vitae
1706 5204 1856 5267 nostrae:
1888 5218 1952 5291 per

588 5313 751 5401 gratiam,
777 5311 1056 5403 misericordiam,
1084 5321 1181 5408 atque
1208 5336 1356 5386 amorem
1389 5315 1549 5406 unigeniti
1582 5311 1657 5385 Filii
1688 5315 1734 5385 tui
1766 5333 1849 5404 erga
1880 5310 1950 5384 hu-
