5150 6534
934 842 988 919 tlt
1020 841 1323 918 LITURGIAS
1359 840 1638 919 statuent.
1897 844 1972 918 103

603 1024 779 1090 Alexander
801 1025 1126 1106 constantinopoleos:
1148 1024 1293 1088 Itonaeos
1315 1024 1468 1105 Lugduni:
1490 1025 1660 1090 Methodius
1684 1026 1817 1109 Olympi:
1841 1026 1975 1091 Severus

602 1125 800 1189 Antiochiae:
824 1126 1007 1188 Philoxenus
1025 1123 1240 1204 llierapoleos:
1263 1124 1422 1187 Anthimus
1437 1124 1760 1207 constantinopoleos:
1785 1127 1974 1190 Theodosios

602 1224 823 1287 Alexandriae:
859 1225 1041 1288 Athanasius
1071 1224 1264 1288 Antiochiae:
1298 1224 1430 1300 lacobus
1461 1223 1631 1287 Patriarcba
1660 1225 1826 1306 discipulus
1855 1224 1972 1305 Jacobi‚

601 1324 767 1387 Faselitae:
791 1342 869 1404 quae
890 1340 953 1385 vox
974 1324 1054 1387 idem
1076 1323 1250 1406 significare
1273 1322 1394 1385 videtur
1423 1340 1459 1384 ac
1481 1322 1612 1385 Arabica
1638 1324 1773 1403 Burdoi,
1804 1326 1870 1387 sive
1897 1342 1974 1387 cen-

601 1431 690 1486 tones
712 1443 753 1486 ex
774 1424 881 1503 pannis
902 1422 1086 1499 rudioribus,
1109 1442 1126 1484 a
1149 1422 1258 1502 quibus
1281 1424 1322 1484 ita
1344 1422 1563 1484 denominatum
1587 1423 1670 1485 illum
1692 1423 1786 1487 luisse
1807 1424 1973 1507 Eutychius

602 1529 730 1583 testatus
742 1528 798 1585 est.
831 1522 937 1584 Petrus
950 1521 1131 1597 Patriarcha,
1151 1522 1258 1584 Petrus
1281 1521 1374 1583 alter:
1397 1521 1544 1597 Julianus,
1567 1538 1629 1584 nun
1647 1522 1697 1584 ille
1713 1521 1972 1603 Halicarnasseus,

601 1640 671 1683 uam
699 1620 781 1682 illum
809 1628 842 1682 ut
868 1620 1053 1683 haereticum
1081 1620 1268 1683 anathemate
1297 1619 1423 1681 feriunt:
1457 1620 1652 1697 Theodorus,
1683 1619 1815 1701 Ephrem
1843 1623 1972 1687 Ductor:

601 1720 689 1782 lsaac
710 1719 841 1781 Dnctor:
863 1719 996 1783 Jacobus
1019 1720 1151 1783 Ductor:
1173 1718 1306 1781 lacobus
1329 1718 1522 1793 Edessenus,
1556 1726 1587 1780 et
1616 1718 1652 1782 D.
1676 1719 1837 1807 Earspmas
1860 1721 1974 1785 Archi-

600 1818 756 1880 maudrita
798 1817 933 1879 Petimus
953 1837 975 1881 o
996 1819 1093 1896 coms,
1117 1820 1212 1897 inquit
1234 1818 1404 1897 Episcopus
1427 1826 1625 1880 consecrator
1647 1817 1684 1879 ud
1708 1818 1914 1898 ordinandos,
1942 1828 1976 1882 nt

600 1918 664 1979 iltis
685 1917 890 1991 consentiotia,
912 1918 1128 1997 doctrinasque
1149 1918 1269 1979 illorum
1286 1934 1395 1993 puras,
1418 1917 1580 1977 etelectus
1601 1916 1836 1994 amplectamini,
1859 1919 1974 1998 diliqu-

600 2018 642 2078 tis
663 2023 693 2077 et
713 2016 859 2087 tenenti&
882 2023 913 2075 et
932 2034 1135 2096 quaecumque
1154 2015 1296 2093 fecerunt
1315 2014 1347 2074 in
1368 2011 1509 2075 Ecclesia
1530 2020 1638 2076 sancta
1652 2014 1712 2075 Dei
1732 2015 1772 2077 od
1794 2017 1880 2078 initio
1894 2016 1974 2098 Epi-

599 2121 743 2194 scopatus
763 2115 822 2188 arti,
843 2132 937 2194 noque
958 2115 1001 2176 ud
1021 2117 1103 2176 citae
1122 2118 1211 2194 mem
1234 2115 1441 2193 cornipnantm
1463 2114 1644 2188 canonibus,
1671 2121 1726 2175 out
1746 2114 1817 2177 aliia
1838 2118 1974 2197 scriptia,

601 2214 743 2293 cupidatis
763 2212 812 2273 ael
831 2215 995 2291 rasponum,
1017 2221 1051 2274 ut
1072 2217 1163 2276 etium
1184 2214 1350 2274 sententias
1371 2213 1569 2291 depositionis
1589 2213 1629 2273 uh
1650 2214 1710 2276 illis
1729 2215 1879 2293 prolutus.
1914 2215 1974 2278 At-

602 2329 663 2393 que
690 2311 733 2373 illi
763 2318 834 2373 sunt
861 2328 937 2391 quos
959 2311 1098 2374 Ecclesia
1119 2312 1322 2374 Jacobitarum
1352 2311 1494 2391 Syriaca,
1525 2320 1557 2372 ut
1579 2311 1728 2374 Doctores
1757 2314 1913 2395 agnoscit,
1944 2323 1974 2377 el

601 2410 741 2488 illorum,
764 2411 791 2473 si
813 2427 930 2491 paucos
952 2413 1100 2491 excipias,
1122 2420 1155 2473 ut
1176 2411 1293 2487 Linum,
1316 2410 1503 2487 Anacletum,
1527 2410 1723 2489 Timotheum,
1748 2413 1860 2490 Titum,
1884 2416 1975 2476 tasti-

601 2510 701 2573 monia
724 2507 899 2572 referuntur
928 2512 959 2571 in
988 2512 1192 2572 recentiorum
1223 2509 1448 2590 l'beologorum
1479 2510 1623 2591 Syrorum
1652 2512 1790 2591 scriptis,
1821 2519 1853 2572 ut
1882 2511 1973 2575 multa

600 2609 768 2685 Athanasii,
791 2625 882 2687 quem
904 2609 1008 2671 mirum
1032 2611 1133 2671 estin
1161 2609 1211 2670 illa
1240 2609 1314 2671 satis
1342 2608 1434 2690 longa
1464 2610 1690 2672 enumeratione
1718 2629 1778 2672 non
1807 2613 1972 2691 recenseri,

601 2725 725 2784 errore,
747 2713 780 2768 ut
802 2705 934 2784 videtur,
963 2707 1166 2770 librariorum.
1210 2706 1297 2769 Alios
1326 2705 1436 2769 habent
1457 2707 1613 2770 Jacobitae
1636 2708 1849 2788 Alexandrini,
1878 2728 1973 2791 prae-

600 2808 706 2870 sertim
728 2822 801 2868 suos
823 2806 1021 2883 Patriarchas,
1045 2824 1172 2886 quorum
1194 2805 1347 2887 Epistulas
1369 2805 1528 2868 Paschales
1552 2806 1726 2888 frequenter
1749 2808 1895 2891 allegatas
1917 2830 1974 2873 re-

598 2907 743 2988 perimus,
767 2912 799 2966 et
820 2904 857 2966 de
881 2904 989 2985 quibus
1013 2905 1130 2967 dicetur
1152 2905 1231 2968 alibi.
1277 2904 1399 2966 lllorurn
1421 2912 1520 2968 tamen
1542 2906 1634 2988 vulgo
1657 2908 1688 2968 in
1707 2907 1863 2989 Diptychis
1886 2928 1972 2972 com-

600 3005 777 3068 memoratio
808 3004 874 3065 lieri
900 3021 963 3066 nou
990 3005 1069 3068 solet
1098 3005 1178 3087 apud
1211 3004 1307 3085 Syros
1318 3025 1328 3080 ;
1359 3022 1426 3066 cum
1455 3005 1620 3086 Aegyptii,
1656 3005 1762 3069 Severi
1790 3007 1971 3069 Antiocheni

599 3120 721 3179 nomeu,
744 3110 777 3165 ut
798 3104 888 3164 etiam
909 3102 1072 3167 barsumae
1095 3105 1173 3186 Syri,
1196 3105 1225 3166 in
1250 3105 1313 3165 suis
1337 3105 1457 3167 nomina
1480 3122 1546 3166 cum
1570 3105 1685 3167 bonore
1709 3105 1845 3168 recitent.
1869 3106 1900 3167 ln
1915 3106 1971 3169 hac

601 3205 680 3265 sacri
702 3201 797 3264 Obicii
818 3210 915 3282 parte,
938 3202 1122 3283 prolixiores
1145 3210 1215 3265 sunt
1231 3203 1316 3284 Syris
1331 3204 1486 3284 Aegyptii,
1509 3204 1540 3263 in
1563 3220 1690 3284 quorum
1704 3203 1861 3284 Diptychis
1883 3206 1971 3285 plura

600 3301 888 3384 longa‘releruntur
910 3303 1034 3364 istorum
1057 3303 1214 3367 Ecclesiae
1238 3303 1395 3373 doctorum
1417 3302 1548 3380 nomina,
1571 3321 1659 3383 quam
1681 3305 1711 3365 in
1727 3304 1867 3382 Syriacis.
1890 3304 1970 3366 lnter

601 3419 656 3464 eos
684 3417 778 3481 porro
807 3402 857 3480 qui
883 3419 900 3462 a
923 3400 1059 3464 doctriua
1081 3402 1326 3465 commendantur
1354 3404 1384 3463 in
1411 3401 1539 3464 formula
1568 3420 1656 3482 quam
1684 3401 1863 3465 Pontifioalis
1893 3403 1971 3466 liber

600 3506 821 3580 repraesentat,
844 3507 914 3561 sunt
936 3499 1051 3580 aliquot
1073 3502 1264 3564 Patriarchac
1285 3500 1467 3563 Antiocheni
1487 3501 1644 3564 Jacubitae
1666 3502 1865 3579 recentiores,
1892 3520 1972 3582 quo-

600 3613 666 3659 rum
688 3604 805 3672 tamen,
828 3607 969 3679 quantum
993 3601 1146 3681 conjicere
1169 3618 1345 3680 possumus,
1374 3617 1462 3662 nemo
1490 3607 1560 3663 ante
1588 3599 1741 3664 saeculum
1763 3600 1971 3663 duodecimum

599 3714 660 3759 non
683 3696 745 3759 luit.
789 3696 864 3758 Nam
887 3697 1041 3760 hlichaelis
1063 3700 1115 3779 qui
1137 3699 1193 3761 suh
1216 3698 1296 3760 illius
1318 3698 1406 3759 finem
1428 3698 1566 3775 vivebat,
1585 3701 1646 3769 yiri
1671 3700 1840 3762 eruditione
1869 3707 1900 3761 et
1921 3700 1972 3762 di-

600 3794 745 3875 sciplinae
768 3797 836 3858 zelo
859 3799 1026 3877 conspicui,
1050 3799 1161 3879 quique
1184 3799 1388 3860 Paenitentiae
1415 3804 1446 3859 et
1468 3796 1674 3860 Confessionis
1696 3807 1889 3878 peccatorum
1912 3818 1971 3861 ne-

600 3895 771 3956 cessitatem
795 3894 941 3958 adversus
964 3895 1186 3960 Alexandrinos
1209 3897 1424 3977 propugnavit,
1448 3897 1557 3958 mentio
1581 3897 1662 3958 nulla
1685 3906 1742 3964 cst.
1778 3897 1971 3979 Reliquorum

601 3992 693 4073 aliqui
716 4013 756 4056 ex
778 3993 910 4058 Historia
932 3996 1013 4073 noti,
1036 3994 1074 4057 de
1094 3995 1164 4057 aliis
1187 3995 1257 4058 nihil
1280 3996 1416 4058 habetur.

1026 4289 1306 4360 Commemoratio
1332 4294 1548 4358 mortuorum.
2019 4290 2047 4343 Ρ.
2066 4292 2111 4343 36.
2127 4292 2143 4342 t.
2161 4293 2205 4343 ao.

700 4476 739 4553 St
763 4475 922 4568 quidquam
944 4491 1149 4570 antiquissima
1171 4492 1301 4554 omnium
1314 4489 1517 4552 Ecclesiarum
1534 4489 1693 4553 traditione
1713 4491 1875 4555 stabilitum
1891 4492 1969 4574 apud
2018 4512 2153 4565 omnm,
2175 4529 2223 4581 μω
2245 4513 2294 4566 de-

600 4590 802 4665 Christianos,
833 4598 864 4652 et
891 4590 1085 4655 observatum
1115 4601 1179 4668 est,
1209 4594 1452 4656 commemoratio
1482 4590 1692 4653 detunctorum
1714 4592 1786 4671 luit,
1815 4597 1853 4656 ad
1876 4595 1970 4658 altare
1983 4598 2084 4652 iunctio.

600 4688 657 4750 Dei
679 4690 759 4751 inter
780 4706 934 4753 sacrorum
957 4693 1167 4772 mysteriorum
1180 4692 1421 4755 celebrationem.
1445 4690 1526 4752 lllam
1541 4690 1788 4754 consuetudinem
1804 4712 1858 4755 sua
1872 4700 1971 4755 aetate

598 4786 713 4867 ubique
734 4788 934 4862 observatam,
955 4791 1017 4871 jam
1040 4808 1057 4852 a
1079 4795 1176 4855 veteri
1200 4792 1356 4873 disciplina
1379 4792 1568 4869 omniumque
1591 4807 1745 4852 consensu
1767 4793 1972 4853 confirmatam

599 4893 730 4948 testatur
752 4887 939 4969 Augustinus
961 4888 1098 4969 pluribus
1122 4894 1151 4953 in
1175 4892 1266 4968 locis,
1296 4893 1583 4969 consentientesque
1612 4886 1701 4950 habet
1722 4897 1846 4952 veteres
1868 4892 1972 4953 Patres

600 5001 719 5047 omnes.
763 4985 865 5048 Obicio
887 5005 1009 5068 quoque
1032 4991 1246 5071 antiquissima,
1268 5009 1331 5054 non
1354 5008 1390 5050 ea
1412 4990 1502 5052 modo
1525 5005 1604 5069 quae
1627 4991 1684 5052 huc
1706 5006 1803 5069 usque
1819 5006 1973 5069 usurpan-

600 5089 652 5144 tur
674 5082 729 5145 sed
752 5082 886 5161 Gottica,
911 5084 1080 5163 Gallicana,
1102 5088 1307 5166 hlosarabica,
1337 5088 1556 5150 Ambrosiam:
1587 5088 1783 5167 Graecaeque
1805 5088 1971 5171 Liturgiae,

601 5184 892 5245 commemorationis
922 5184 1002 5248 illius
1038 5188 1150 5249 lormas
1186 5188 1345 5265 exhibent,
1381 5204 1460 5267 quae
1494 5204 1562 5248 cum
1591 5185 1794 5249 Orientalibus
1825 5187 1971 5268 Coptieis,

601 5277 802 5360 Aethiopicis,
826 5282 959 5364 Syriacis
982 5285 1198 5366 cujuscumque
1219 5289 1296 5349 ritus
1318 5287 1471 5368 Liturgiis,
1499 5284 1636 5365 perfecte
1663 5287 1872 5363 consentiunt,
1901 5287 1973 5349 nihil
