5150 6534
1111 837 1475 918 NESTORII.
1623 879 1627 882 ·
1903 844 1979 919 629

606 1021 660 1096 bis
684 1023 914 1097 tribulationes
941 1034 975 1098 et
1000 1022 1195 1099 afflictiones
1221 1028 1333 1100 mundi
1352 1027 1464 1120 bujus:
1491 1035 1524 1099 et
1542 1027 1769 1100 misericordia
1793 1039 1827 1102 et
1850 1034 1979 1123 gratiae

607 1144 681 1234 ejus
708 1142 914 1213 effundantur
940 1164 1042 1237 super
1069 1163 1135 1215 vos
1161 1153 1336 1240 perpetuo,
1363 1165 1451 1215 nunc
1477 1154 1511 1215 et
1537 1165 1680 1240 semper.

711 1258 806 1332 Alio.
856 1257 933 1354 lpse
959 1255 1068 1330 bonus
1095 1258 1173 1330 Rex
1201 1261 1344 1333 omnium
1371 1260 1521 1352 Regum,
1549 1269 1583 1329 et
1608 1258 1769 1332 Dominus
1797 1260 1977 1336 dominan-

541 1444 545 1451 ,
607 1377 707 1463 dum,
733 1377 827 1466 cujus
854 1372 973 1446 solium
1000 1374 1204 1446 tremendum
1231 1373 1355 1467 Angcli
1383 1374 1603 1463 circumdant,
1630 1386 1664 1447 et
1690 1378 1784 1467 quus
1810 1379 1977 1467 maiesta-

606 1498 672 1561 tem
699 1488 798 1561 millia
824 1489 958 1561 millium
984 1488 1136 1561 laudibus
1163 1489 1351 1565 celebrant:
1380 1495 1473 1583 eujus
1495 1487 1605 1562 vultus
1630 1490 1842 1585 splendorem
1859 1495 1977 1565 intueri

497 1588 499 1592 ¹
606 1628 674 1678 uon
706 1604 844 1679 audem:
876 1608 952 1699 ipse
983 1627 1049 1677 vos
1080 1604 1257 1677 benedicat
1292 1604 1445 1692 omnibus
1480 1604 1767 1679 benedictionibus
1807 1615 1977 1705 utriusque

607 1721 811 1793 Testamenti
836 1724 963 1792 veteris
989 1731 1024 1793 et
1049 1724 1138 1794 novi.
1186 1722 1265 1818 lpse
1291 1744 1356 1796 vos
1371 1720 1558 1805 ,benedicat
1585 1721 1736 1795 omnibus
1763 1723 1977 1801 benedictio-

605 1838 703 1910 nibus
736 1837 854 1933 quibus
886 1835 1057 1910 benedixit
1086 1836 1262 1911 Abrabam
1288 1840 1402 1926 lsaac,
1436 1839 1533 1910 Isaac
1569 1837 1696 1929 Jacob,
1732 1850 1766 1919 et
1801 1838 1976 1917 duodecim

607 1951 727 2026 tribus:
755 1956 828 2048 ipsc
855 1956 898 2027 sit
914 1953 1099 2025 'vobiscum
1126 1963 1161 2024 et
1185 1956 1272 2025 inter
1298 1975 1375 2043 vos,
1403 1956 1488 2027 siout
1513 1952 1573 2024 luit
1600 1976 1673 2024 oum
1691 1954 1818 2048 doseph
1836 1961 1869 2027 iu
1886 1968 1976 2031 terra

603 2070 766 2164 Aegypti,
792 2079 976 2164 parcatque
1001 2067 1129 2140 delictis
1157 2080 1190 2141 et
1215 2072 1364 2164 peccatis
1389 2072 1531 2158 vestris,
1558 2071 1644 2141 sicut
1669 2075 1820 2165 pepercit
1847 2071 1975 2145 delictis

606 2185 725 2257 David.
779 2184 903 2257 Audiat
928 2206 1050 2255 vocem
1077 2188 1263 2257 orationum
1291 2196 1497 2273 vestrarum,
1534 2187 1620 2256 sicut
1646 2185 1819 2257 exaudivit
1845 2188 1976 2283 suppli-

608 2305 770 2374 cationem
788 2300 1026 2372 Ninivitarum:
1054 2299 1210 2372 exaudiat
1232 2322 1299 2373 vos
1325 2304 1359 2371 in
1385 2300 1590 2396 temporibus
1618 2300 1855 2390 tribulationis,
1888 2308 1976 2378 sicut

607 2416 780 2489 exaudivit
804 2417 922 2487 Jonarn
950 2438 996 2486 cx
1022 2424 1142 2487 ventre
1169 2420 1252 2488 ceti:
1285 2414 1470 2512 liberetque
1504 2439 1569 2489 vos
1601 2438 1622 2487 a
1653 2415 1775 2489 malitia
1808 2417 1975 2494 hominum

605 2532 831 2628 improborum
859 2539 893 2603 et
918 2530 1116 2620 invidorum,
1143 2534 1228 2603 siout
1252 2530 1409 2605 liberavit
1429 2532 1604 2605 Danielem
1629 2532 1879 2627 aBabvloniis:
1906 2536 1975 2609 ha-

605 2645 713 2718 bitare
739 2647 841 2719 faciat
864 2650 899 2717 in
925 2644 1078 2719 domibus
1103 2650 1239 2741 vestris,
1267 2658 1301 2719 et
1327 2651 1360 2719 in
1384 2648 1556 2722 animabus
1575 2651 1710 2735 vestris,
1732 2648 1973 2723 similitudinem

605 2765 678 2855 ejus
704 2761 943 2835 benedictionis
971 2784 1057 2857 quac
1083 2760 1144 2833 luit
1169 2767 1203 2835 in
1230 2761 1445 2835 tabernaculo
1472 2764 1564 2851 Sem,
1590 2786 1703 2836 rorem
1730 2786 1824 2834 suum
1851 2768 1973 2858 singu-

604 2877 719 2949 lariter
747 2880 920 2952 demittens
948 2900 1050 2973 super
1076 2900 1158 2950 vos:
1186 2878 1374 2974 dignosque
1400 2901 1465 2952 vos
1493 2881 1610 2952 efficiat
1634 2882 1794 2953 Dominus
1821 2889 1855 2952 et
1880 2883 1973 2970 Deus

494 3025 499 3037 ·
605 3005 721 3067 noster
747 2994 803 3066 illa
829 2997 1054 3089 promissione
1078 3016 1146 3065 non
1172 2993 1302 3082 lallaci,
1329 3019 1426 3090 quam
1455 2999 1490 3067 iu
1514 2995 1704 3089 Evangelio
1731 3017 1793 3068 suo
1819 3019 1973 3091 pronun-

604 3113 702 3183 tiavit
727 3109 896 3205 discipulis
924 3112 992 3183 suis
1019 3110 1146 3198 dicens,
1172 3113 1282 3183 Amen
1310 3134 1408 3184 amen
1434 3111 1509 3183 dico
1536 3110 1636 3183 vobis
1660 3115 1856 3207 quicumque
1872 3135 1973 3184 man-

604 3225 704 3297 ducat
728 3246 850 3321 corpus
876 3248 995 3313 meum,
1023 3236 1059 3297 et
1082 3225 1164 3299 bibit
1190 3231 1386 3319 sanguinem
1413 3249 1532 3314 meum,
1558 3230 1592 3319 in
1619 3250 1673 3301 me
1698 3239 1819 3313 manet,
1847 3239 1879 3300 et
1905 3251 1972 3321 ego

603 3345 636 3412 in
664 3364 725 3414 eo:
753 3353 786 3413 et
811 3363 878 3435 ego
905 3340 1111 3414 resuscitabo
1139 3366 1214 3415 eum
1242 3346 1486 3415 innovissimo
1514 3342 1578 3430 die,
1606 3347 1698 3415 etin
1721 3343 1878 3435 judicium
1905 3367 1973 3418 non

604 3462 708 3546 venit,
736 3458 795 3529 sed
822 3462 938 3530 transit
964 3482 984 3529 a
1010 3467 1119 3532 morte
1145 3457 1187 3529 ad
1214 3462 1317 3529 vitam
1345 3467 1524 3529 aeternam.
1576 3458 1652 3554 lpse
1680 3458 1856 3531 benedicat
1882 3484 1972 3533 con·
2106 3490 2110 3496 ·

604 3576 834 3666 gregationem
874 3584 1041 3661 nostram,
1082 3573 1310 3676 custodiatque
1346 3583 1467 3646 statum
1500 3586 1665 3648 nostrum:
1702 3586 1799 3648 sanet
1833 3577 1973 3650 vuhrera

603 3699 737 3778 nostra,
771 3699 804 3759 et
830 3690 964 3762 mundet
989 3694 1211 3763 conscientias
1238 3701 1389 3780 nostras,
1418 3690 1618 3785 instilletquc
1644 3713 1756 3763 rorem
1783 3694 1911 3783 gratiae
1939 3703 1973 3765 et

603 3804 854 3876 misericordiae
890 3828 972 3879 suae
1007 3828 1109 3902 super
1139 3811 1266 3879 animas
1293 3817 1442 3879 nostras:
1478 3811 1621 3903 quietem
1657 3817 1690 3877 et
1723 3830 1840 3904 pacem
1878 3831 1971 3880 suam

602 3922 689 3991 inter
714 3941 778 3992 nos
804 3920 961 4011 stabiliat,
988 3924 1156 4016 simusque
1182 3921 1349 4015 obsignati
1376 3932 1411 3994 et
1436 3922 1590 3997 custoditi
1618 3926 1715 4014 signo
1743 3926 1825 3995 vivo
1850 3928 1971 4018 crucis,

605 4035 647 4109 ab
675 4034 828 4109 omnibus
854 4040 1081 4126 nocumentis,
1114 4061 1176 4133 per
1205 4042 1389 4111 orationem
1416 4038 1580 4111 Dominae
1607 4041 1736 4114 Mariae
1762 4039 1902 4129 beatae,
1937 4052 1972 4113 et

601 4174 662 4247 per
689 4156 875 4225 orationem
902 4154 1045 4226 omnium
1073 4162 1259 4226 sanctorum
1271 4153 1404 4234 Domini
1431 4159 1537 4228 nostri
1563 4160 1618 4251 qui
1642 4158 1688 4230 illi
1714 4158 1918 4255 placuerunt,
1937 4166 1971 4227 et

601 4269 747 4366 placent,
774 4291 860 4339 nunc
887 4278 921 4340 et
947 4290 1090 4363 semper.

927 4544 1013 4614 Atta
1041 4543 1162 4615 Oratio
1190 4544 1308 4616 diebus
1334 4547 1448 4617 Fectio
1474 4546 1629 4617 dicendo.

704 4730 782 4827 lpse
815 4734 871 4825 qui
895 4753 967 4803 vos
1002 4730 1173 4803 benedixit
1205 4731 1357 4805 omnibus
1389 4732 1676 4807 benedictionibus
1708 4737 1741 4805 iu
1776 4732 1875 4806 coelo
1908 4758 1969 4831 per

601 4856 791 4918 consortem
817 4844 980 4919 humanae
1005 4858 1144 4920 naturae
1169 4858 1330 4939 nostrae,
1360 4852 1578 4945 invitavitque
1609 4873 1673 4922 nos
1704 4859 1737 4922 et
1762 4854 1901 4924 vocavit
1927 4850 1970 4921 ad
2101 4895 2103 4900 ‹

517 4957 519 4962 “
600 4981 740 5051 regnum
766 4960 947 5055 voluptatis
974 4972 1175 5058 perpetuae,
1203 4966 1314 5035 coetui
1340 4964 1578 5060 Apostolorum
1605 4986 1739 5038 suorum
1767 4958 1969 5063 promissio-

600 5097 677 5147 nem
704 5074 816 5164 edidit,
842 5077 1049 5173 verbumque
1075 5100 1136 5174 per
1162 5100 1260 5152 amen
1288 5076 1492 5171 obsignavit,
1518 5080 1603 5152 adeo
1630 5091 1666 5152 ut
1693 5079 1826 5155 dubium
1851 5084 1885 5153 in
1910 5082 1967 5155 illo

599 5214 667 5265 non
694 5194 745 5264 sit.
770 5191 892 5281 Amen,
918 5194 1027 5266 Am0n
1054 5194 1128 5269 dico
1155 5193 1267 5286 vobis,
1294 5203 1329 5267 et
1353 5218 1415 5291 per
1441 5219 1538 5268 amen
1563 5194 1671 5269 verba
1700 5219 1774 5269 mea
1797 5187 1968 5288 confirmo,

601 5311 798 5404 quicumque
831 5309 1007 5382 manducat
1043 5333 1165 5408 corpus
1206 5333 1315 5383 meum
1352 5312 1541 5403 vivificum,
1582 5321 1616 5384 et
1654 5310 1736 5385 bibit
1773 5316 1966 5405 sanguinem

1680 5429 1762 5505 82*
