5150 6534
820 863 1060 942 tuouuotn
1092 866 1442 946 apostotolus.
1752 868 1821 943 1¹11

562 1051 749 1123 Diocoam.
801 1052 890 1123 Date
915 1075 1043 1146 pacem.
1096 1052 1229 1124 Stemus
1256 1053 1421 1126 decenter.

562 1167 746 1240 Sacerdos.
800 1164 932 1239 Caritas
958 1169 1023 1240 Dei
1049 1169 1179 1258 Patris,
1206 1181 1268 1240 etc.

563 1283 722 1375 Populos.
774 1285 895 1369 Amen.

561 1398 744 1471 Sacerdos.
798 1398 936 1471 Sursum
963 1401 1076 1472 corda.

563 1515 725 1609 Populos.
777 1513 945 1586 Habemus
972 1515 1014 1586 ad
1039 1517 1227 1589 Dominum.

563 1630 746 1703 Sacerdos.
800 1629 933 1702 Gratias
961 1653 1110 1723 agamus.

561 1746 723 1841 Popalas.
774 1746 919 1839 Dignum
947 1758 982 1819 et
1002 1752 1126 1841 Justum
1153 1759 1216 1822 est.

562 1862 737 1934 Sacerdos
769 1863 960 1935 taeliaatas.
1021 1864 1114 1936 Vere
1146 1858 1280 1956 dignum
1312 1875 1346 1936 et
1374 1867 1495 1956 justum
1530 1875 1600 1952 est,
1636 1864 1759 1936 decens
1793 1872 1827 1935 et

460 1976 616 2067 debitum,
643 1978 700 2049 tibi
727 1979 868 2069 gloriam
896 1978 987 2064 dare,
1015 1982 1091 2073 quia
1119 1991 1252 2053 sanctus
1281 2005 1330 2069 es,
1347 1989 1381 2051 et
1397 1980 1537 2072 largitor
1554 1985 1654 2053 vitae.
1681 1982 1826 2072 Dignum

460 2096 547 2165 euim
574 2103 626 2166 est
652 2105 686 2164 ut
712 2103 745 2164 te
772 2093 1013 2186 glorificemus:
1041 2094 1166 2191 tibique
1184 2095 1323 2168 debetur
1342 2097 1458 2188 gloria,
1485 2100 1613 2191 nosque
1633 2097 1730 2168 decet
1746 2095 1825 2167 lau-

460 2208 621 2296 darete,
647 2209 771 2303 tibique
798 2213 922 2301 gratias
950 2232 1073 2302 agere,
1102 2216 1176 2304 quia
1204 2211 1397 2285 benedictus
1424 2235 1475 2301 es,
1503 2213 1598 2286 simul
1625 2233 1698 2285 cum
1725 2211 1825 2283 Patre

458 2333 530 2414 tuo,
557 2335 590 2395 et
615 2324 739 2420 Spiritu
766 2337 821 2397 tuo
849 2329 930 2396 vivo
958 2338 992 2397 et
1018 2340 1143 2400 sancto.

565 2441 715 2512 Eteonos
741 2463 866 2512 vocem.
903 2440 1027 2514 Coram
1052 2454 1086 2513 te
1114 2446 1201 2514 enim
1228 2454 1317 2516 stant
1343 2425 1466 2517 circum
1488 2443 1666 2517 Cherubim
1693 2443 1825 2515 haben-

460 2566 512 2630 tes
538 2555 642 2628 facies
670 2567 825 2652 quatuor:
853 2557 1028 2653 Seraphim
1055 2582 1118 2630 sex
1140 2558 1201 2630 alis
1219 2564 1385 2632 instructi:
1414 2583 1551 2655 quorum
1569 2559 1695 2633 duabus
1711 2568 1827 2652 tegtmt

459 2670 564 2743 facies
591 2695 685 2744 suas:
713 2672 839 2744 duabus
866 2673 986 2768 pedes:
1015 2674 1141 2747 duabus
1167 2674 1322 2748 volantes
1349 2677 1433 2749 alter
1459 2676 1501 2747 ad
1528 2678 1685 2766 altemm,
1718 2696 1825 2748 voces

460 2810 561 2882 puras
589 2799 622 2859 et
649 2800 831 2860 concentus
857 2788 1011 2876 divinos,
1038 2790 1201 2879 clamant,
1228 2791 1473 2880 vociferantur,
1501 2800 1534 2863 et
1560 2792 1670 2864 dicunt
1695 2804 1756 2865 ter.

564 2905 725 2998 Populos.
778 2906 933 2995 Sanctus,
960 2905 1113 2995 Sanctus,
1140 2906 1293 2979 Sanctus.

562 3021 736 3091 Sacerdos
762 3020 954 3091 inclinatas.
1007 3021 1169 3111 Sanctus,
1203 3024 1364 3111 Sanctus,
1400 3022 1543 3095 Sanctus
1577 3046 1634 3109 es,
1669 3021 1824 3113 Domine,

461 3134 558 3231 plene
584 3136 869 3222 miserationibus,
897 3146 930 3208 et
954 3140 1205 3233 propitiatione,
1241 3150 1275 3210 et
1301 3143 1502 3211 misericors.
1556 3139 1697 3211 Sanctus
1725 3143 1824 3210 etiam

459 3255 646 3343 unigenitus
672 3253 775 3323 Filius
810 3262 892 3324 tuus.
946 3253 1088 3325 Sanctus
1116 3277 1247 3349 quoque
1275 3255 1416 3350 Spiritus
1442 3266 1516 3326 tuus
1544 3263 1677 3326 sanctus
1705 3262 1738 3324 et
1763 3256 1823 3323 vi-

460 3367 608 3440 vilicaus.
660 3368 802 3440 Sanctus
830 3391 867 3440 es
894 3381 927 3440 tu
958 3380 991 3440 et
1022 3370 1162 3461 largitor
1193 3369 1375 3444 bonorum:
1409 3375 1484 3465 quia
1517 3381 1653 3465 propter
1684 3369 1824 3440 salutem

461 3495 608 3563 nostram
634 3487 821 3575 unigenitus
847 3483 950 3556 Filius
983 3496 1057 3556 tuus
1090 3508 1223 3556 carnem
1258 3489 1436 3580 assumpsit
1468 3509 1513 3557 ex
1539 3487 1679 3578 Virgine
1700 3483 1825 3573 Maria,

461 3609 495 3670 et
519 3622 581 3694 per
606 3600 886 3695 dispensationem
913 3623 1006 3673 suam
1034 3601 1177 3671 divinam
1205 3601 1351 3674 salvavit
1383 3612 1417 3673 et
1443 3601 1598 3673 liberavit
1622 3623 1685 3672 nos
1712 3624 1733 3672 a
1759 3624 1824 3672 cu-

460 3719 620 3811 ptivitate.
675 3717 739 3803 Qui
765 3742 838 3788 cum
866 3740 927 3812 pro
954 3717 1051 3789 nobis
1078 3716 1177 3789 homo
1205 3717 1312 3790 lactus
1341 3728 1448 3807 esset,
1482 3717 1609 3811 absque
1634 3717 1825 3803 mutatione,

461 3831 503 3903 ad
528 3854 662 3902 cmcem
688 3837 797 3904 venit:
826 3843 859 3904 et
886 3844 962 3904 ante
987 3836 1177 3928 passionem
1204 3855 1298 3906 suam
1324 3835 1511 3920 vivificam,
1545 3834 1672 3926 accepit
1704 3852 1825 3925 panem

460 3951 493 4019 in
519 3970 635 4021 manus
663 3971 741 4020 suas
768 3960 923 4036 sanctas,
949 3955 970 4031 †
997 3948 1184 4037 benedixit,
1210 3956 1231 4032 †
1258 3949 1492 4038 sanctificavit,
1525 3955 1546 4029 †
1571 3947 1671 4038 fregit
1698 3957 1731 4016 et
1757 3967 1824 4017 co-

460 4065 572 4153 medit,
599 4064 753 4159 deditque
779 4064 948 4160 discipulis
976 4069 1045 4137 suis
1072 4065 1199 4138 dicens:
1230 4067 1383 4161 Accipite
1410 4075 1444 4137 et
1469 4063 1665 4136 manducate
1692 4083 1822 4132 exeo:

460 4179 534 4253 Hoc
562 4192 613 4252 est
639 4204 760 4277 corpus
787 4205 907 4271 meum,
935 4182 1021 4276 quod
1057 4205 1119 4276 pro
1153 4182 1251 4255 vohis
1288 4194 1322 4253 et
1357 4205 1418 4277 pro
1453 4178 1561 4253 multis
1594 4178 1756 4270 frangitur
1791 4186 1825 4249 et

461 4296 613 4368 daturin
640 4301 868 4368 remissionem
894 4307 1117 4392 peccatorum,
1144 4306 1179 4368 et
1204 4301 1307 4368 vitam
1333 4306 1512 4368 aeternam.

563 4412 725 4506 Poprdra.
778 4414 897 4485 Amen.

564 4527 746 4598 Sacerdos.
800 4528 957 4600 Similiter
983 4539 1017 4599 et
1043 4527 1193 4617 calicem,
1219 4538 1393 4624 postquam
1421 4538 1665 4616 coenaverunt,
1694 4527 1825 4598 miscuit

462 4665 507 4714 ex
532 4647 613 4715 vino
642 4653 674 4714 et
701 4667 806 4737 aqua,
833 4643 858 4736 †
885 4645 1074 4730 benedixit,
1102 4643 1128 4734 †
1156 4644 1392 4732 sanctificavit,
1425 4645 1453 4731 †
1481 4653 1616 4715 etcum
1644 4651 1824 4735 gustasset,

461 4758 549 4830 dedit
571 4744 662 4831 'illum
690 4759 857 4855 discipulis
886 4765 953 4832 suis
981 4760 1104 4831 dicens.
1131 4761 1303 4855 Accipite,
1334 4761 1437 4832 bibite
1464 4783 1510 4831 ex
1536 4784 1578 4832 eo
1605 4780 1669 4830 vos
1696 4779 1822 4829 omues.

459 4873 534 4947 Hoc
561 4887 613 4947 est
640 4876 887 4948 Testamentum
915 4876 1048 4947 Novum
1075 4878 1106 4945 in
1135 4899 1209 4947 meo
1243 4879 1422 4968 sanguine,
1456 4879 1511 4970 qui
1542 4898 1604 4971 pro
1636 4870 1756 4957 vobis,
1788 4880 1824 4941 et

460 5012 524 5085 pro
552 4991 660 5063 multis
688 4991 858 5063 effunditur
885 4991 927 5063 ad
954 4994 1178 5087 expiationem
1206 4991 1399 5065 delictorum
1427 5002 1461 5062 et
1486 4994 1588 5063 vitam
1614 4998 1792 5061 aeternam.

564 5106 725 5198 Populos.
781 5109 897 5179 Amen.

563 5221 747 5297 Sacerdos.
802 5223 1080 5317 Quotiescumque
1106 5222 1343 5296 manducabitis
1371 5244 1490 5318 panem
1511 5219 1601 5292 ‘hunc
1628 5230 1661 5293 et
1686 5219 1823 5292 calicem

461 5338 545 5410 huuc
570 5338 712 5431 bibetis,
739 5345 932 5413 memoriam
958 5343 1023 5412 mei
1048 5339 1180 5411 facietis
1207 5339 1313 5411 donec
1340 5343 1483 5410 veniam.

515 5477 637 5522 romanu.
1586 5453 1639 5528 25
