5150 6534
823 812 853 888 s.
880 811 1018 888 nisui
1050 811 1197 888 rarus
1228 810 1422 888 nouum.
1737 812 1807 887 ιιι
1897 782 1925 810 ’·

436 998 608 1069 inveniant
633 1019 695 1094 per
721 997 817 1085 illud,
844 996 1106 1070 misericordiam
1131 999 1165 1067 in
1192 996 1245 1067 die
1268 996 1384 1088 judicii
1410 999 1444 1067 in
1471 997 1614 1069 saecula.
1671 1000 1719 1069 Et
1752 1000 1812 1069 di-

438 1118 527 1183 cuut.
554 1112 705 1185 Laudato
731 1113 907 1184 Dominum
934 1116 969 1183 in
995 1115 1119 1185 sanctis
1146 1114 1239 1202 ejus,
1266 1124 1329 1183 etc.

542 1229 729 1299 Diocoum.
755 1228 996 1322 Deprecamur.

542 1344 718 1415 Sacerdos
741 1346 877 1435 sraupit
903 1364 1045 1435 corpus,
1074 1350 1108 1413 et
1135 1349 1205 1412 tres
1228 1342 1421 1433 particulos
1431 1347 1531 1435 pouit
1556 1366 1658 1435 super
1674 1345 1815 1435 discunt,-

411 1460 543 1529 'otium
568 1483 669 1529 mauu
694 1461 823 1529 retinet
849 1464 884 1527 et
908 1461 1023 1550 sipuut
1055 1480 1102 1528 cu·
1134 1480 1178 1527 eu
1205 1456 1362 1542 euticen,
1398 1464 1433 1527 et
1465 1458 1587 1527 deiude
1619 1460 1812 1549 porticulus

439 1596 528 1666 quae
554 1581 630 1645 suut
655 1578 691 1643 iu
719 1573 814 1643 disco
841 1576 1203 1666 superuacanea,
1231 1579 1265 1642 et
1292 1573 1384 1645 dicit.

542 1687 748 1784 [aspergitur
782 1692 921 1780 sanguis
954 1690 1087 1760 Domini
1120 1689 1225 1760 nostri
1252 1710 1355 1782 super
1381 1709 1504 1781 corpus
1537 1692 1609 1781 ejus
1643 1698 1809 1760 sanctum:

437 1807 503 1899 ipsi
528 1803 655 1895 gloria,
682 1814 717 1875 et
743 1825 844 1898 super
869 1824 933 1877 nos
959 1803 1187 1875 misericordia
1221 1804 1293 1894 ejus
1320 1805 1354 1873 in
1390 1803 1534 1874 saecula.
1588 1803 1645 1885 (lu
1672 1804 1715 1873 at.
1744 1827 1810 1874 co-

438 1918 598 2008 dicibus.)
656 1917 694 1989 Iu
728 1920 863 1997 nomine
902 1918 1011 1991 Patris
1044 1928 1078 1989 et
1112 1917 1186 2008 uui,
1219 1928 1254 1989 et
1286 1916 1431 2012 Spiritus
1455 1921 1560 1989 sancti
1595 1920 1628 1987 iu
1664 1919 1809 1992 saecula.

436 2034 556 2107 Amen.

540 2150 588 2219 Et
613 2151 760 2219 tramittit
785 2150 995 2241 particulam
1020 2172 1119 2243 quoru
1144 2171 1245 2218 amau
1272 2153 1364 2218 tenet
1390 2151 1425 2217 iu
1453 2147 1610 2235 calicem,
1648 2156 1683 2219 et
1717 2151 1809 2221 dicit.
1930 2167 1932 2169 ’

540 2263 698 2351 Univisti,
725 2264 887 2356 uomina
915 2265 1120 2338 divinitatem
1147 2272 1234 2335 tuam
1266 2285 1340 2333 cum
1378 2262 1579 2334 humanitate
1611 2274 1744 2352 nostra,
1777 2278 1811 2336 et

434 2378 668 2451 humanitatem
694 2390 845 2453 nostram
870 2404 944 2452 cum
971 2380 1143 2452 divinitate
1168 2380 1367 2469 tumultum
1393 2388 1481 2449 tuam
1507 2402 1581 2451 cum
1610 2380 1808 2451 mortalitate

436 2504 572 2583 nostra,
600 2506 633 2566 et
658 2496 890 2568 mortalitatem
919 2508 1007 2568 tuam
1034 2520 1108 2567 cum
1134 2497 1204 2565 vita
1238 2503 1311 2565 tua:
1339 2496 1496 2589 accepisti
1523 2504 1638 2568 nostra
1674 2507 1708 2567 et
1744 2496 1809 2567 de-

438 2610 513 2683 disti
539 2609 637 2682 nobis
664 2613 738 2700 tua,
767 2611 938 2684 advitam
965 2623 1000 2684 et
1026 2609 1165 2684 salutem
1194 2613 1376 2682 animarum
1402 2619 1600 2683 nostrarum.

543 2969 719 3041 Sacerdos
750 2995 824 3043 curu
856 2972 1160 3043 communicaturae
1186 2976 1253 3058 est,
1280 2970 1366 3039 dicit
1390 2970 1479 3041 tuuc
1507 2973 1705 3043 Orationem

1025 3085 1218 3182 iuctirastus.

542 3299 593 3370 'l'e
619 3308 742 3391 gesto,
769 3300 883 3389 Deus,
911 3300 1061 3373 manibus
1088 3305 1172 3374 meis
1199 3312 1233 3373 et
1259 3300 1466 3396 complector
1491 3301 1635 3397 pugillo,
1662 3304 1806 3374 Domine

437 3413 663 3501 saeculorum,
690 3437 787 3510 quem
815 3424 989 3488 creaturae
1014 3438 1081 3487 non
1108 3420 1293 3489 continent:
1322 3429 1421 3511 teque
1454 3421 1662 3511 omnipotens
1699 3421 1731 3488 in
1767 3439 1807 3490 os

436 3553 550 3602 meum
576 3551 676 3625 pono.
728 3529 868 3603 Praesta
896 3529 989 3619 mibi,
1015 3532 1177 3621 Domine,
1205 3542 1240 3604 ιιι
1265 3532 1439 3604 comedam
1466 3542 1499 3603 te
1526 3542 1660 3620 sancte,
1688 3543 1722 3604 et
1748 3556 1808 3629 per
1857 3516 1859 3519 ⁵

440 3648 682 3718 comestionem
702 3645 790 3717 illam
817 3649 875 3736 tui,
903 3649 1079 3740 expientur
1104 3647 1224 3720 delicta
1240 3671 1329 3738 mea,
1356 3658 1390 3719 et
1415 3669 1477 3742 per
1503 3648 1695 3720 bibitionem
1723 3671 1808 3719 san-

436 3764 548 3852 guinis
574 3764 620 3832 tui
647 3760 839 3835 auferantur
858 3784 964 3857 prava
978 3761 1142 3836 desideria
1160 3787 1252 3837 mea:
1278 3786 1340 3859 per
1354 3774 1385 3834 te
1399 3787 1531 3858 quoque
1547 3763 1666 3854 dignus
1688 3765 1809 3835 efficiar

434 3880 671 3970 propitiatione
706 3875 900 3949 delictorum
936 3887 970 3949 et
993 3881 1191 3952 remissione
1223 3889 1438 3975 peccatorum
1466 3880 1498 3948 in
1526 3878 1579 3949 die
1608 3879 1739 3968 judicii,
1776 3882 1809 3948 in

436 3980 584 4063 saecula.
636 3994 777 4065 Praesta
803 3992 921 4081 nobis,
947 3995 1090 4065 Domine
1116 3993 1228 4084 Deus,
1255 4003 1291 4065 ιιι
1317 3993 1560 4065 sanctificentur
1581 4015 1724 4088 corpora
1739 4017 1808 4065 no-
1942 4065 1951 4079 x

435 4116 506 4177 stra
532 4129 594 4201 per
627 4131 749 4204 corpus
777 4119 865 4181 tuum
892 4119 1060 4183 sanctum:
1098 4110 1383 4204 illuminenturque
1418 4111 1548 4179 animae
1579 4120 1715 4179 nostrae
1749 4132 1810 4204 per

435 4228 632 4315 sanguinem
659 4236 749 4297 tuom
774 4228 1055 4321 propitiatorium,
1091 4229 1220 4321 sintque
1253 4226 1351 4298 nobis
1379 4225 1421 4296 ad
1448 4227 1715 4319 propitiationem
1742 4224 1808 4294 de-

433 4337 605 4427 lictorum,
633 4352 667 4413 et
691 4345 923 4415 remissionem
950 4350 1173 4437 peccatorum.
1199 4343 1320 4415 Amen.

539 4455 587 4525 Et
613 4443 980 4545 sepulturarum,
1008 4457 1101 4528 dicit.
1153 4455 1197 4528 Et
1227 4480 1290 4551 per
1323 4465 1438 4551 potum
1464 4455 1578 4525 calicis
1612 4458 1658 4525 tui
1692 4459 1809 4526 extin-

434 4581 580 4664 guantur
605 4575 783 4667 passiones
809 4596 923 4645 meae:
951 4584 985 4645 et
1009 4595 1072 4668 per
1099 4583 1131 4645 te
1164 4572 1295 4664 digmus
1323 4573 1446 4643 efficiar
1476 4572 1711 4665 propitiatione
1743 4572 1809 4642 de·
1897 4573 1899 4576 ’

431 4678 604 4776 lictorum,
631 4700 665 4760 et
690 4693 791 4761 venia
817 4698 1044 4786 peccatorum,
1071 4691 1384 4781 resurrectioneque
1410 4686 1585 4758 benedicta
1614 4708 1633 4755 a
1661 4688 1809 4770 mortuis,

434 4814 470 4876 et
495 4781 570 4875 vita·
591 4826 700 4892 nova,
728 4808 760 4876 in
789 4805 923 4877 saecula
951 4803 1171 4877 saeculorum.
1222 4806 1344 4878 Amen.
1396 4803 1463 4873 Per
1497 4803 1692 4890 sauguinem
1720 4809 1809 4869 tuum

433 4922 550 4992 vivum
578 4930 611 4991 et
637 4920 863 4992 vivificantem
890 4924 1066 5015 expientur
1093 4919 1212 4990 delicta
1238 4940 1335 5005 mea‚
1372 4927 1406 4986 et
1439 4921 1644 4988 remittantur
1668 4924 1808 5008 peccata

433 5058 528 5125 mea,
556 5035 639 5107 lesu
664 5034 815 5107 Verbum
840 5036 905 5107 Dei
933 5039 989 5130 qui
1013 5038 1136 5108 venisti
1163 5034 1206 5105 ad
1233 5033 1374 5107 salutem
1399 5042 1557 5105 nostram.
1673 5113 1677 5120 ¹

528 5151 621 5247 'Cum
647 5150 822 5223 distribuit
847 5154 1129 5237 communionem,
1157 5152 1251 5220 dicit.
1339 5188 1343 5193 ·

540 5266 706 5339 Particula
733 5268 984 5364 propitiatoria,
1011 5275 1074 5337 ete.
1100 5272 1137 5335 ut
1163 5270 1200 5336 ia
1229 5266 1355 5361 Officio
1382 5262 1546 5357 peuerati.

1528 5380 1575 5451 21
1588 5377 1605 5412 ¹*
