5150 6534
612 831 662 907 78
981 829 1599 908 oasnuvtrlouus
1682 861 1685 866 ·

609 1019 710 1079 notha·
729 1016 803 1078 dem
826 1014 949 1092 aristi,
973 1034 1051 1097 quae
1080 1013 1331 1096 reprehendenda
1357 1032 1418 1077 non
1447 1014 1602 1077 videntur:
1631 1021 1791 1095 praestare
1818 1021 1919 1077 tamen
1945 1021 1980 1077 nt

611 1117 731 1196 antiqua
753 1116 845 1178 lectio
867 1115 1059 1190 observetur,
1081 1115 1200 1195 qualem
1227 1132 1294 1176 eam
1323 1114 1467 1178 exhibent
1493 1114 1625 1177 lacobus
1653 1112 1846 1192 Edessenus,
1873 1113 1980 1177 lloses

610 1215 803 1291 Mosulensis,
825 1221 856 1277 et
878 1216 978 1295 optimi
1001 1214 1131 1277 codices.
1175 1213 1278 1276 Monet
1308 1212 1386 1276 idem
1407 1212 1554 1277 Barsalibi
1582 1213 1777 1277 Sacerdotem
1806 1231 1875 1277 cuna
1902 1212 1982 1275 hanc

610 1314 851 1377 benedictionem
874 1315 1064 1394 pronunciat,
1087 1314 1231 1395 populum
1255 1320 1303 1375 ter
1332 1331 1424 1376 cruce
1447 1315 1587 1397 signare,
1613 1312 1695 1394 quod
1716 1313 1747 1374 in
1770 1311 1836 1374 aliis
1860 1326 1983 1392 qnoque

611 1413 758 1478 Ecclesiis
781 1413 972 1479 observatur.

1101 1673 1244 1746 Sursum
1270 1675 1395 1762 corda,
1423 1681 1487 1745 etc.

724 1883 797 1961 lem
826 1890 953 1953 ionnola
976 1891 1113 1954 omnibus
1143 1898 1207 1954 toto
1235 1892 1311 1954 orbe
1340 1890 1485 1953 Ecclesiis
1515 1889 1679 1954 communis
1708 1895 1772 1966 est,
1802 1895 1835 1950 et
1860 1903 1985 1968 semper

612 1997 676 2077 luit,
703 2006 736 2060 nt
763 1996 932 2058 testimonia
961 1993 1089 2075 plurima
1117 2002 1291 2057 sanctorum
1319 1995 1438 2056 Patrum
1468 1992 1565 2074 palam
1594 1991 1724 2070 iaciunt,
1756 2008 1834 2070 quae
1863 2008 1881 2052 a
1908 1990 1984 2052 viris

611 2097 792 2161 doctissimis
816 2094 925 2156 dudum
948 2102 1088 2156 annotata
1110 2102 1189 2157 sunt.
1240 2094 1273 2155 ln
1296 2092 1429 2174 Syriacis
1452 2091 1606 2154 codicibus
1628 2091 1748 2171 integra
1770 2088 1883 2170 legitur
1904 2089 1986 2151 sient

610 2198 642 2261 in
665 2197 730 2260 aliis
752 2193 910 2278 Litargiis:
942 2195 974 2255 in
1005 2192 1121 2256 Graeca
1149 2194 1224 2256 haec
1251 2199 1365 2256 tantum
1378 2180 1466 2253 ’Ἀνω
1496 2188 1625 2269 σχῶμεν
1652 2177 1709 2251 τὸν
1735 2185 1811 2250 νοῦν
1837 2182 1895 2250 καὶ
1920 2176 1984 2260 τὰς

611 2290 758 2383 καρδίας.
793 2282 906 2371 ’Ἀξιον
927 2288 984 2355 καὶ
1004 2285 1140 2357 δίκαιον.
1183 2291 1311 2353 Sursum
1332 2290 1496 2353 babeamus
1516 2299 1642 2352 mertem
1663 2297 1694 2351 et
1714 2288 1818 2351 corda.
1848 2286 1982 2367 Diem

613 2404 644 2458 ct
655 2398 772 2476 fictam
793 2401 846 2456 est.
876 2391 1032 2454 Deiectum
1055 2409 1124 2454 esse
1147 2390 1178 2452 in
1200 2390 1319 2453 Graeco
1342 2389 1465 2469 Codice,
1488 2390 1621 2469 suspicio
1644 2388 1807 2451 vehemens
1831 2394 1890 2465 est,
1912 2402 1983 2448 cum

612 2512 717 2557 omnes
740 2492 790 2554 alii
811 2494 842 2554 in
864 2509 1050 2554 communem
1071 2490 1230 2552 lectionem
1253 2490 1450 2552 consentiant
1503 2488 1663 2570 singulare
1686 2494 1747 2564 est,
1773 2485 1855 2567 quod
1877 2492 1983 2565 partes

612 2590 691 2654 illius
714 2590 872 2668 tonnulae,
894 2589 1067 2653 Nestoriani
1088 2607 1145 2670 per
1166 2589 1364 2669 paraphrasin
1385 2588 1533 2668 aliquibus
1545 2587 1670 2650 vocibus
1693 2591 1852 2657 auxerunt,
1875 2592 1983 2647 contra

613 2690 798 2770 reliquorum
821 2689 1059 2752 Christianorum
1089 2688 1351 2751 consuetudinem:
1380 2687 1515 2769 quamvis
1545 2686 1642 2749 sinule
1670 2683 1821 2767 quidpiam
1848 2681 1984 2745 occurrit

614 2791 644 2852 in
668 2791 772 2871 paucis
796 2790 928 2871 Syriacis
951 2788 1106 2872 Lilurgiis.

360 3077 396 3132 ra.
412 3078 429 3130 1.
442 3076 485 3129 aa.
1078 3049 1225 3145 Dipoum
1252 3056 1286 3119 et
1303 3055 1430 3141 justum
1456 3055 1517 3120 eat.

296 3329 302 3356 t
327 3300 463 3352 Praelatio.
703 3260 797 3338 Hunc
818 3273 915 3336 oratio
940 3270 1104 3351 respondet
1121 3269 1302 3332 Praefationi
1323 3275 1457 3346 nostrae,
1481 3286 1558 3350 quae
1580 3277 1614 3331 ut
1643 3269 1713 3332 olim
1740 3270 1848 3334 multas
1870 3271 1983 3341 ,diver-

614 3394 726 3457 sasque
748 3372 859 3435 somnae
881 3370 994 3447 habuit,
1017 3371 1058 3431 ita
1081 3387 1201 3449 quoque
1220 3368 1398 3450 Orientales,
1422 3375 1549 3435 maxime
1571 3391 1647 3436 vero
1670 3374 1701 3435 in
1723 3374 1855 3455 Syriacis
1877 3374 1984 3438 bitur-

614 3461 681 3556 giis.
734 3471 877 3554 Singulae
910 3471 1021 3550 quippe
1056 3471 1196 3548 proprias
1230 3468 1356 3549 habent,
1392 3489 1519 3552 quarum
1557 3471 1674 3551 aliquae
1710 3472 1870 3537 breviores
1897 3481 1982 3537 sunt:

614 3573 798 3655 prolixiores
821 3570 907 3632 aliae.
937 3567 1073 3630 Omnium
1096 3575 1193 3629 tamen
1215 3585 1273 3629 una
1297 3570 1353 3631 est'
1371 3573 1530 3648 sententia,
1552 3589 1660 3651 nempe
1683 3578 1715 3633 ut
1738 3571 1877 3635 laudetur
1898 3572 1982 3637 Deus

614 3673 652 3734 ab
674 3669 795 3734 infinitis
818 3668 880 3729 suis
903 3668 933 3727 in
955 3666 1113 3728 humanum
1135 3685 1232 3750 genus
1254 3667 1427 3746 beneficiis,
1449 3671 1618 3748 creatione,
1650 3673 1881 3735 conservatione
1912 3679 1982 3752 post

613 3767 722 3831 Adami
744 3773 911 3849 peccatum,
934 3764 1119 3828 institutione
1142 3784 1199 3846 per
1221 3765 1336 3849 legem
1364 3776 1394 3830 et
1415 3769 1597 3849 Prophetas:
1629 3770 1772 3832 missione
1794 3770 1845 3833 lilii
1868 3770 1905 3833 ad
1928 3788 1982 3834 sa-

614 3867 707 3930 lutem
730 3868 820 3929 totius
844 3864 955 3939 mundi,
978 3864 1113 3946 ejusdem
1135 3865 1165 3925 in
1188 3867 1279 3926 terris
1308 3867 1543 3946 dispensatione,
1565 3869 1719 3948 passione,
1742 3877 1850 3947 morte,
1872 3887 1982 3933 resur·

614 3969 761 4041 rectione,
784 3964 1007 4045 praedicatione
1029 3963 1187 4046 Evangelii
1208 3983 1265 4045 per
1277 3965 1452 4046 Apostolos,
1476 3976 1508 4029 et
1519 3967 1677 4029 Ecclesiae
1688 3967 1873 4031 fundatione.
1895 3968 1980 4032 Unde

614 4066 751 4129 laudatur
773 4065 810 4126 ab
833 4063 959 4146 Angelis
983 4070 1028 4123 est
1051 4062 1177 4125 coelesti
1200 4066 1279 4126 omni
1302 4064 1420 4143 militia,
1452 4085 1511 4146 qua
1541 4067 1702 4129 occasione
1730 4086 1824 4148 saepe
1854 4066 1893 4129 de
1922 4067 1981 4130 illis
2059 4143 2063 4152 ι

615 4164 705 4225 multa
728 4163 875 4238 dicuntur,
899 4164 1132 4241 terminaturque
1159 4162 1261 4225 Oratio
1283 4183 1340 4243 per
1354 4163 1494 4246 hymnum
1516 4165 1734 4246 triumphalem,
1755 4166 1896 4229 Saachu.
1920 4165 1982 4228 Ta-

615 4265 653 4327 lis
682 4271 729 4326 est
755 4261 976 4325 Praelationum
1004 4263 1131 4323 omnium
1162 4262 1344 4325 Graecarum
1375 4272 1406 4326 et
1436 4264 1630 4327 Orientalium
1658 4264 1830 4345 dispositio,
1866 4265 1982 4347 absque

617 4362 697 4442 ullo,
726 4370 937 4443 praeterquam
960 4380 1000 4423 ex
1023 4361 1183 4423 verborum
1207 4365 1305 4444 copia,
1328 4363 1509 4442 discrimine,
1533 4371 1564 4425 et
1586 4364 1666 4443 qnod
1689 4380 1793 4426 omnes
1816 4366 1981 4446 gratiam

617 4463 765 4524 actionem
788 4462 951 4536 continent,
975 4461 1057 4522 ct'in
1080 4461 1218 4541 hymnum
1245 4462 1452 4543 triumphalem
1475 4463 1624 4541 desinunt,
1647 4463 1759 4525 Latinis
1783 4482 1819 4526 ea
1841 4463 1873 4525 in
1894 4470 1982 4545 parte

619 4560 731 4623 similes
753 4567 831 4623 sunt.
876 4558 916 4620 ht
938 4560 1062 4621 istorum
1085 4559 1141 4622 alia
1165 4561 1284 4623 omnino
1308 4564 1384 4625 ratio
1408 4571 1463 4625 est.
1510 4563 1595 4625 Patet
1617 4563 1695 4624 enim
1718 4582 1759 4625 ex
1779 4564 1847 4643 ipso
1868 4562 1983 4626 uenti

620 4660 718 4723 veteri
741 4657 940 4741 Gregoriano,
963 4658 1131 4739 singulares
1153 4659 1368 4737 Praefationes,
1400 4679 1461 4724 non
1484 4661 1571 4724 modo
1594 4661 1680 4724 lestis
1702 4662 1890 4742 praecipuis,
1920 4669 1983 4724 tum
2099 4697 2102 4703 ·

618 4759 769 4823 memoriis
791 4765 964 4821 sanctorum
986 4757 1184 4838 celebrandis,
1207 4760 1261 4822 sed
1273 4760 1439 4822 Dominicis
1451 4760 1587 4842 singulis,
1610 4760 1736 4840 aliisque
1758 4759 1865 4823 diebus
1887 4760 1984 4824 luisse

620 4860 794 4933 destinatas
816 4859 847 4919 in
869 4856 976 4938 quibus
999 4855 1037 4917 de
1063 4846 1213 4939 mysteriis
1236 4859 1325 4939 ipsis,
1355 4877 1432 4940 quae
1460 4861 1518 4922 ritu
1546 4860 1663 4922 solenni
1690 4859 1920 4935 recolebantur,
1949 4867 1985 4922 ut

619 4961 706 5022 etiam
735 4957 773 5020 de
794 4964 966 5019 sanctornm
990 4956 1064 5017 actis
1095 4957 1235 5020 nonnulla
1262 4958 1488 5037 inserebantur,
1521 4958 1598 5020 adeo
1625 4966 1658 5021 ut
1685 4959 1857 5039 quotidiana
1882 4976 1986 5040 prope

619 5059 697 5121 loret
719 5055 938 5120 Praelationum
961 5056 1092 5121 motatio.
1136 5056 1225 5119 Tales
1255 5074 1376 5137 quoque
1398 5058 1521 5121 exhibet
1543 5058 1620 5120 liber
1643 5058 1902 5122 sacramentorum
1924 5075 1986 5121 an-
2045 5130 2052 5144 Ι

334 5198 366 5250 P·
384 5196 447 5248 263.
464 5194 526 5246 267.
545 5195 607 5247 270.
621 5160 720 5238 tiquus
742 5156 893 5218 Romanae
915 5155 1073 5217 Ecclesiae
1094 5175 1112 5216 e
1136 5154 1294 5219 cardinale
1317 5155 1475 5220 'thomasio
1499 5157 1608 5235 editos,
1631 5157 1787 5220 Gothicum
1800 5155 1923 5220 blissale
1944 5154 1986 5220 ab

301 5282 363 5333 m,
379 5281 441 5334 276.
458 5280 520 5334 279.
622 5257 726 5320 eodem
748 5255 937 5336 publicatum,
961 5255 1073 5318 similes
1096 5255 1184 5316 etiam
1207 5263 1238 5319 et
1259 5258 1355 5340 magis
1370 5258 1504 5337 prolixas
1526 5256 1616 5318 habet
1638 5257 1694 5320 sub
1716 5258 1775 5319 hoc
1796 5255 1895 5321 titulo:
1917 5253 1988 5317 lan-
