5150 6534
612 807 662 878 68
988 807 1604 886 OBSERVATIONES

609 990 774 1052 lccioribus
797 989 919 1072 linguae.
931 991 1074 1070 Syriacae
1097 991 1241 1070 imperitis
1264 992 1354 1052 miras
1368 991 1507 1054 lenebras
1521 991 1636 1070 elladii,
1660 994 1690 1054 in
1706 993 1847 1056 versione
1860 991 1981 1056 Riluum

610 1090 716 1152 Severi
738 1089 931 1164 Ariliocbeni,
955 1109 1020 1152 cum
1045 1089 1111 1150 illas
1135 1109 1194 1170 quo
1218 1093 1264 1151 vis
1296 1090 1394 1169 modo,
1419 1111 1458 1153 ex
1481 1093 1613 1172 Syriacis
1637 1093 1805 1175 originibus
1828 1093 1987 1174 interpre-

608 1191 666 1252 tari
690 1197 816 1252 comatus
840 1195 896 1248 esi.
943 1188 984 1250 lia
1008 1189 1117 1263 Sedea,
1141 1190 1337 1264 sinescalco,
1361 1190 1504 1251 Ordinem
1527 1193 1631 1254 venit:
1664 1201 1694 1254 et
1718 1194 1747 1254 in
1770 1191 1874 1254 Ollicio
1898 1209 1987 1252 com-

608 1291 688 1350 muni
710 1289 874 1367 Lilurgiae.
918 1287 959 1348 Ei
980 1290 1085 1366 incipit
1107 1291 1243 1350 ordinem
1270 1289 1491 1364 Pomriieaiiae,
1518 1293 1617 1368 primo
1640 1291 1840 1352 Prooemium.
1884 1289 1987 1352 Sedro

607 1388 667 1450 boc
691 1388 759 1450 loco
783 1387 964 1468 assignatur,
988 1405 1066 1465 quac
1089 1387 1295 1448 Pacaiiemiae
1315 1389 1434 1466 elicitur,
1459 1391 1527 1468 quia
1545 1391 1862 1470 perianpeecaiorum
1884 1388 1987 1452 venia.

608 1487 812 1560 Prooemium,
835 1487 937 1548 brevis
961 1487 1056 1546 oralia
1080 1495 1137 1560 esi,
1162 1505 1240 1566 quam
1264 1487 1377 1565 Scdriq
1402 1496 1432 1549 el
1456 1489 1520 1548 aliis
1534 1489 1872 1569 quibusdmnpracmilii
1895 1487 1985 1550 solet

608 1585 711 1648 Ababa
735 1586 825 1646 verlii
847 1585 1035 1664 disquisitio,
1059 1603 1125 1646 curn
1149 1587 1245 1648 oralia
1274 1589 1312 1648 sil
1343 1607 1420 1667 cquae
1450 1589 1479 1648 in
1502 1588 1625 1650 aliarum
1654 1589 1713 1650 line
1740 1589 1864 1660 dicitur,
1894 1604 1985 1666 quarn

608 1685 711 1745 nllima
733 1683 866 1746 clausula
890 1684 1035 1763 sequitur,
1055 1684 1221 1746 Ir'liaaieiao
1251 1685 1339 1760 (licia,
1364 1695 1393 1748 ci
1417 1686 1466 1748 illc
1490 1689 1732 1766 complerrccaiam
1754 1689 1861 1760 vertit,
1892 1691 1984 1764 alque

607 1785 647 1844 ila
670 1783 765 1845 serare
789 1785 818 1844 in
841 1783 983 1862 reliquis:
1015 1782 1176 1844 andelam
1200 1785 1343 1864 exiguum
1374 1785 1544 1848 extalibus
1568 1785 1760 1847 versionibus
1783 1785 1922 1862 frucrun,
1946 1781 1985 1845 ad

608 1881 792 1960 antiquilalis
815 1882 1048 1943 Ecclesiaslicac
1072 1881 1301 1944 illusiraiioncm
1325 1885 1514 1964 pervenisse,
1541 1885 1639 1946 mirari
1663 1902 1751 1946 nenio
1776 1883 1877 1948 debcl.

695 1979 806 2042 Omnes
830 1999 907 2063 ergo
929 1998 1023 2043 voces
1046 1981 1123 2057 illas,
1147 1983 1216 2060 qum
1238 1981 1343 2043 Larino
1367 1983 1452 2045 reddi
1476 1985 1527 2044 vix
1541 1991 1678 2061 possuni,
1702 2001 1756 2044 sua
1781 1982 1882 2064 lingua
1905 1981 1983 2043 reli-

608 2081 740 2158 quimus:
765 2080 834 2160 quid
858 2100 932 2142 vero
955 2079 1159 2161 significarent
1181 2090 1323 2160 quantum
1354 2084 1383 2143 in
1414 2081 1501 2143 nobis
1526 2081 1579 2143 iuli
1608 2082 1834 2162 explicavimus.
1877 2078 1983 2158 llaqua

608 2186 640 2239 ul
672 2181 818 2240 aSedia’s
846 2181 1037 2259 incipiamus,
1071 2179 1140 2240 illae
1172 2181 1271 2242 l‘rosis
1304 2181 1521 2261 quodammodo
1553 2183 1664 2243 noslris
1693 2181 1894 2261 respondent:
1925 2197 1983 2240 nec

607 2295 729 2357 semper
751 2278 899 2354 dicamur,
923 2278 977 2339 sed
1000 2279 1165 2339 secundum
1189 2279 1333 2340 lesiorum
1362 2281 1554 2358 varieialem‚
1585 2288 1614 2341 el
1639 2279 1675 2340 ad
1700 2279 1872 2342 Sacerdolis
1896 2278 1984 2340 arbi-

609 2377 706 2438 lrium.
750 2377 930 2458 Plerumque
954 2395 1014 2438 non
1038 2378 1154 2453 solnta,
1185 2377 1239 2440 sed
1270 2380 1375 2441 siriiia
1403 2381 1539 2442 oralione
1571 2381 1704 2460 scriplae
1733 2386 1820 2456 sunl,
1849 2379 1983 2440 carmine

302 2466 388 2532 (iecra.
404 2465 832 2554 AaouGrae-Ephraennnca
856 2476 903 2538 vcl
927 2477 1106 2555 Jacobilico,
1131 2495 1208 2556 quae
1237 2485 1306 2538 sunl
1335 2478 1411 2540 duae
1433 2497 1574 2540 versuum
1606 2479 1684 2558 apud
1716 2479 1810 2559 Syros
1841 2479 1983 2558 species;

285 2550 372 2602 clani.
390 2551 406 2604 ¹·
425 2553 451 2602 ⁶·
607 2575 685 2635 tales
708 2584 777 2638 sunl
800 2575 915 2638 Sedrao
937 2577 1049 2656 aliquoi
1074 2578 1104 2637 in
1134 2577 1246 2637 blissali
1279 2576 1390 2638 Romae
1423 2577 1521 2655 edito,
1554 2596 1679 2657 qumurn
1703 2577 1819 2657 aliquae
1847 2577 1875 2638 in
1905 2577 1983 2642 uss.

608 2677 810 2754 reperiuntur.
855 2674 897 2736 lia
921 2695 1042 2756 quoque
1065 2676 1254 2754 appellantur·
1275 2693 1385 2754 preces
1411 2694 1471 2736 non
1495 2677 1571 2738 adeo
1595 2677 1742 2757 prolixae,
1768 2694 1845 2756 quac
1867 2677 1983 2756 passim

609 2777 637 2836 in
662 2775 772 2835 Oiliciis
797 2784 975 2836 occurram:
999 2781 1028 2835 el
1052 2775 1168 2836 illarum
1191 2776 1269 2837 ralio
1301 2794 1362 2836 non
1387 2777 1481 2856 inagis
1505 2776 1650 2856 explicari
1673 2784 1790 2856 poten,
1824 2793 1913 2855 quam
1936 2782 1984 2838 iot

610 2874 834 2948 voc-alariarum,
858 2893 935 2953 quae
959 2875 988 2934 in
1004 2876 1114 2934 nostris
1129 2873 1291 2936 Breviariis
1308 2883 1337 2936 ei
1353 2875 1524 2936 blissalibus
1548 2875 1736 2937 adbibenlur.
1759 2875 1983 2948 invitatorium,

614 2975 732 3047 lai-eas,
754 2973 953 3052 diiiipboauc,
975 2973 1195 3046 Sacerdotula,
1219 2975 1372 3046 lamellas,
1391 2975 1553 3047 Grudmde,
1566 2974 1782 3052 decimiacum,
1795 2971 1984 3046 Coruncanio,

607 3072 749 3134 Secrclu:
773 3072 858 3150 liesca
881 3075 1028 3132 rectionem
1052 3070 1108 3132 alia
1132 3080 1190 3132 laun
1213 3071 1314 3132 mulla.

694 3173 878 3248 (irationem,
901 3181 934 3233 ul
957 3171 1035 3251 apud
1060 3171 1206 3244 (baccus,
1229 3170 1347 3249 aliquae
1377 3169 1456 3231 elala
1486 3187 1562 3231 voce
1586 3170 1725 3232 dicamur
1747 3171 1823 3233 aliae
1846 3172 1984 3245 secreto,

607 3279 638 3331 ci
660 3289 726 3331 cum
743 3271 944 3348 inclinatione,
962 3289 1040 3350 qum
1064 3272 1103 3332 ila
1127 3278 1268 3332 nolanum
1290 3251 1397 3337 cenibil
1424 3269 1678 3342 Taliio‚Elecnlia
1700 3271 1795 3344 cocis,
1818 3277 1850 3332 oi
1873 3273 1982 3336 renam

608 3371 747 3432 Glreerda.
807 3371 983 3431 inclinatio:
1021 3378 1052 3431 ci
1086 3369 1154 3429 illac
1191 3369 1334 3430 lormulae
1371 3367 1556 3446 respondent
1592 3368 1726 3430 Graecae
1753 3353 1921 3454 Ἐκφώνως
1950 3375 1984 3430 el
2077 3435 2081 3444 ,

607 3469 800 3540 Μυστικιός,
846 3470 878 3530 ln
902 3471 995 3548 priam
1020 3468 1198 3528 naammlum
1222 3475 1282 3543 esi,
1312 3466 1521 3528 ballacinaium
1552 3467 1645 3529 luisse
1676 3467 1893 3542 Boderianum,
1927 3466 1982 3547 qui

607 3584 728 3644 serrrper
751 3569 842 3629 venii
866 3567 1012 3641 Trinitas,
1045 3575 1075 3626 ei
1098 3585 1164 3627 curn
1195 3567 1389 3646 sequernibas
1420 3567 1523 3628 verbis
1555 3567 1710 3648 conjungit
1738 3575 1770 3628 ui
1799 3566 1982 3629 senientiam

608 3665 722 3725 ellicial.
767 3666 892 3746 Reliqua
915 3667 977 3727 suis
1000 3666 1075 3727 locis
1099 3666 1349 3728 observabunlur.

318 2724 379 2776 linc.
392 2723 479 2776 Claud.
491 2745 518 2796 p.
533 2727 593 2778 117.

284 2821 307 2862 cl
324 2827 374 2876 seq.

317 3929 346 3980 Ρ.
365 3933 390 3982 7.
409 3939 431 3980 ei
451 3929 492 3980 ¹9-
1037 3927 1215 3997 Diaconos
1241 3927 1324 4021 lapi.
1351 3925 1547 4017 Epismbaa.

317 4151 405 4203 laeuo
423 4151 555 4219 Epistulae
579 4168 594 4202 a
725 4135 759 4210 lv
784 4146 928 4209 Orieniali
951 4147 1088 4209 Ecclesia
1115 4165 1176 4208 nan
1199 4147 1297 4208 saleni
1321 4148 1467 4208 Leclores
1487 4145 1534 4206 vel
1556 4145 1873 4208 Subcliaconisacram
1893 4141 1982 4206 Scri-

283 4235 412 4290 ¹³¹⁸l⁰¹¹⁵b
607 4257 734 4328 planam,
758 4252 842 4330 cuius
858 4251 967 4311 multae
987 4251 1143 4315 Sccliones
1160 4251 1311 4333 leguntur,
1336 4249 1455 4329 publice
1478 4246 1600 4328 legere:
1625 4247 1716 4327 idque
1739 4247 1831 4329 vulgo
1854 4245 1983 4327 perlici-

607 4357 656 4408 rur
679 4367 696 4409 a
718 4348 868 4409 Iliaconis
892 4349 923 4409 ln
952 4350 1086 4430 priorum
1117 4349 1313 4411 Ordinaiicme
1337 4347 1406 4408 nibil
1430 4347 1562 4408 occurrii
1586 4346 1664 4426 quod
1689 4347 1726 4408 ad
1750 4345 1883 4408 Oilloium
1905 4343 1981 4406 illud

609 4447 732 4528 legendi
755 4447 929 4527 Epistolam,
952 4457 981 4509 ul
1008 4448 1086 4527 apud
1110 4447 1242 4523 latinos
1266 4448 1427 4528 perliaeai..
1461 4445 1522 4506 lmo
1546 4445 1726 4508 Subdiaconi
1750 4445 1786 4506 ad
1810 4444 1904 4506 aliare
1928 4445 1982 4506 vix

609 4545 771 4606 accedunt:
795 4545 921 4608 Diaconi
946 4549 1043 4609 omnia
1066 4567 1154 4610 saeva
1177 4547 1339 4610 minisieria
1365 4546 1487 4618 obeunt,
1511 4552 1541 4604 et
1573 4544 1685 4624 absquo
1709 4543 1843 4606 Diacono
1874 4542 1982 4604 bilur-

608 4647 688 4726 giam
711 4646 768 4706 rilc
791 4646 939 4706 celebrari
962 4647 1131 4708 (lvicnialcs
1159 4667 1220 4710 non
1248 4647 1426 4708 cxisiimaui.
1477 4643 1562 4705 Umlc
1593 4645 1698 4706 Petrus
1729 4643 1876 4706 blcliclrac
1902 4642 1983 4723 Epi-

608 4761 720 4823 scopus
745 4743 845 4823 culpai
868 4747 897 4805 in
920 4746 1042 4807 Framris
1066 4748 1131 4809 sive
1154 4748 1276 4825 labam,
1301 4745 1380 4826 «prod
1404 4746 1470 4805 sine
1493 4742 1630 4805 Diacouo
1659 4743 1794 4824 Liiurgia
1821 4741 1901 4824 apud
1925 4759 1982 4806 eos

608 4842 789 4904 celebretur.

311 4949 401 5003 Plures
414 4953 537 5004 lectiones
550 4969 594 5004 aa·
694 4939 855 5003 beciiones
880 4942 909 5002 in
932 4941 1134 5004 Orieulalilms
1158 4944 1304 5004 Ecclesiis
1328 4941 1431 5020 plures
1456 4941 1521 5002 lieri
1544 4942 1651 5004 saleni.
1697 4942 1795 5003 Prima
1818 4959 1859 5002 ex
1879 4941 1984 5004 veleri

284 5037 501 5104 craesi-apiaria
515 5041 593 5092 iaLi-
608 5041 815 5102 'l'cslarnenlo:
841 5042 973 5102 secunda
997 5062 1036 5103 aex
1059 5042 1144 5104 belis
1167 5041 1398 5123 Aqacislolorum:
1422 5042 1510 5101 levlia
1534 5061 1573 5102 cx
1593 5041 1736 5122 Epistolis
1752 5039 1849 5103 l‘auli:
1873 5047 1985 5118 quarta

284 5123 377 5191 'mli'-
608 5160 648 5200 ex
681 5139 859 5201 Cailrolicis:
894 5142 996 5221 quinia
1027 5143 1146 5203 uiridem
1176 5162 1215 5203 ex
1244 5139 1423 5220 Evangelio.
1477 5139 1519 5202 lla
1550 5139 1615 5202 illas
1643 5149 1795 5204 reconsol-
1814 5139 1985 5218 Dionysius

607 5238 763 5300 llarsalibi.
788 5239 899 5301 llnrncs
922 5241 1045 5321 Syriaca
1068 5241 1210 5323 leguntur
1233 5240 1412 5302 alliacono:
1438 5247 1466 5299 ei
1492 5249 1597 5319 postca
1620 5242 1731 5324 legiiur
1754 5227 1986 5302 earam'imer-
