5150 6534
605 800 656 875 ac
981 757 1598 885 oasn'avxvroars

603 985 754 1051 Diaconos
786 981 931 1073 ῥιπιιιιον
959 990 1025 1052 sive
1051 990 1201 1053 flabellum
1228 998 1330 1053 movet
1358 1009 1452 1072 super
1473 1009 1589 1055 sacram
1616 1010 1765 1070 mensam,
1793 1000 1825 1056 et
1853 991 1971 1055 discum

604 1085 769 1166 Sacerdoti,
792 1105 881 1150 manu
902 1096 1044 1169 porrecta
1068 1090 1215 1172 designat.
1260 1089 1343 1152 llaec
1357 1100 1387 1153 et
1399 1091 1513 1166 similia,
1526 1110 1588 1154 non
1600 1100 1763 1155 occurrunt
1778 1091 1810 1154 iu
1823 1092 1971 1173 Syrorum

601 1185 763 1268 Liturgiis,
792 1195 823 1250 et
849 1188 978 1249 maxima
1004 1196 1068 1267 est,
1097 1190 1301 1270 vetustatique
1328 1192 1465 1270 proxima
1489 1190 1565 1252 haee
1587 1190 1763 1271 discipliuae
1784 1190 1971 1271 simplicitas.

601 1284 744 1349 Asterem
765 1304 826 1350 non
849 1286 974 1350 habent:
1004 1305 1173 1369 quanquam
1203 1290 1232 1350 in
1254 1289 1358 1351 Monte
1379 1289 1493 1351 Libano
1516 1307 1603 1352 usum
1624 1289 1703 1352 illius
1724 1289 1820 1352 luisse
1841 1297 1973 1352 testetur

601 1385 771 1448 Dandinus:
795 1385 850 1448 sed
873 1387 902 1448 in
921 1383 1082 1449 Codioibus
1104 1388 1216 1449 nostris
1236 1388 1371 1468 plurimis
1394 1406 1433 1450 ne
1461 1388 1580 1469 quidem
1602 1406 1711 1451 nomen
1733 1390 1799 1469 ejus
1821 1389 1971 1451 occurrit:

595 1475 742 1547 Ῥιπιιιια
764 1503 820 1548 seu
838 1484 958 1563 paoem
980 1487 1058 1565 apud
1081 1503 1136 1549 eos
1158 1488 1189 1547 in
1212 1505 1268 1549 usu
1292 1504 1361 1549 esse
1385 1494 1535 1549 testantur
1551 1487 1688 1568 picturae
1703 1487 1824 1553 Codicis
1837 1488 1971 1551 Floren-

600 1585 664 1662 tini,
689 1602 766 1665 quae
788 1584 1000 1647 Ordinationes
1023 1594 1268 1666 repraesentant:
1292 1603 1329 1646 an
1352 1604 1428 1649 vero
1450 1586 1488 1649 ad
1509 1585 1674 1670 liturgiam
1686 1594 1830 1668 usurpata
1844 1586 1970 1665 luerint,

600 1700 662 1744 non
685 1683 788 1764 liquet.
901 1757 905 1768 Ι

688 1781 837 1846 Sacerdos
854 1783 945 1864 igitur
955 1789 1027 1861 post
1040 1784 1267 1862 pronunciatam
1281 1791 1403 1846 secreto
1414 1784 1538 1864 primam
1554 1786 1729 1863 orationem,
1754 1802 1831 1864 quae
1853 1784 1971 1864 incipit,

600 1881 774 1944 Sunehues
794 1902 875 1960 vere,
897 1872 1022 1944 elevans
1045 1899 1151 1944 vocem
1168 1882 1248 1944 dicit.
1277 1881 1352 1944 Chen
1372 1901 1446 1962 erpo
1466 1892 1661 1962 acceptimus
1673 1891 1899 1959 esaetmortem,
1912 1891 1971 1949 ete.

601 1999 679 2061 quae
701 1981 885 2062 respondent
907 1987 1013 2043 nostro
1041 1980 1102 2056 Qut
1119 1982 1222 2060 pridie
1242 2001 1334 2062 mom
1350 1989 1527 2061 pateretor;
1554 1984 1734 2063 pronunciat
1761 1982 1868 2045 eodem
1896 1990 1971 2045 tono

600 2081 693 2143 verba
717 2080 827 2143 Christi
848 2079 1089 2142 sacramentalia:
1112 2080 1258 2161 simulque
1281 2080 1434 2161 accipiens
1452 2079 1588 2142 Oblatam
1610 2082 1809 2160 inmanibus,
1832 2099 1899 2143 eam
1921 2089 1971 2145 ter

601 2197 693 2243 cruce
715 2182 826 2261 signat,
849 2179 887 2242 ad
910 2179 986 2241 baec
1008 2179 1103 2241 verba
1125 2178 1288 2256 benedicit,
1311 2181 1522 2259 aanedfieaoit,
1541 2180 1645 2259 saepit,
1666 2188 1699 2242 ut
1720 2178 1917 2243 Alexandrini
1937 2186 1971 2244 et

600 2278 771 2342 Nestoriaoi
793 2277 927 2340 Rituales
950 2278 1175 2358 praescribunt:
1203 2296 1270 2341 cum
1299 2277 1407 2340 Graeci
1430 2277 1608 2340 benedicant
1630 2286 1694 2359 ter,
1724 2278 1781 2341 sed
1808 2285 1970 2357 antequam

599 2379 837 2459 pronuncientur
857 2378 950 2439 verba
972 2376 1165 2458 Evangelica.
1726 2375 1731 2382 “

327 2484 422 2537 Forma
448 2485 587 2538 verboram
687 2476 914 2540 Observandum
936 2492 1029 2556 porro
1052 2484 1099 2538 est
1122 2476 1151 2537 in
1173 2475 1287 2538 blissali
1310 2475 1473 2539 Chaldaico
1495 2476 1608 2539 Romae
1630 2476 1723 2553 edito,
1745 2475 1870 2539 formam
1892 2492 1970 2537 ver·

283 2572 706 2658 naaminhasuiedite.b0mm
728 2576 846 2639 illorum
867 2576 986 2657 penitus
1008 2576 1204 2651 immutatam,
1227 2593 1264 2637 eo
1286 2575 1415 2638 consilio
1437 2583 1470 2637 ιιι
1491 2574 1614 2637 Latinae
1635 2573 1853 2655 responderet,
1884 2572 1969 2654 quod

598 2682 697 2737 tamen
720 2676 756 2738 ab
779 2676 909 2756 illisqui
932 2669 1054 2736 editioni
1077 2673 1272 2754 praefuerunt
1293 2676 1468 2754 praestitum
1490 2692 1551 2737 non
1573 2674 1637 2737 fuit.
1682 2674 1757 2736 Nam
1783 2671 1967 2754 verbaSy-

597 2775 681 2837 riaea
703 2774 740 2836 ab
763 2773 821 2834 illis
843 2772 1002 2835 substituta
1024 2790 1128 2835 eorum
1151 2772 1236 2848 loco,
1261 2791 1338 2853 quae
1362 2774 1504 2855 leguntur
1528 2774 1557 2834 in
1576 2774 1649 2838 blas.
1666 2771 1900 2854 exemplaribus,
1921 2772 1971 2834 si-

598 2873 751 2957 gnificant.
774 2872 841 2933 Hoc
853 2879 1006 2934 ettamen
1024 2890 1134 2951 corpas
1148 2891 1263 2933 meum:
1286 2890 1354 2933 cum
1370 2872 1517 2952 particula
1531 2858 1619 2948 elim,
1633 2874 1659 2935 si
1673 2871 1751 2933 illam
1763 2871 1969 2934 necessariam

598 2971 823 3049 existimabant,
844 2972 1056 3051 supprimenda
1079 2988 1139 3032 non
1161 2969 1268 3046 luerit,
1299 2979 1329 3032 et
1351 2962 1413 3055 γὰρ
1435 2970 1583 3034 Graecum
1605 2974 1635 3034 in
1658 2972 1811 3053 Syriacam
1832 2970 1969 3051 linguam

598 3071 784 3152 migraverit.
828 3069 1061 3133 immutationem
1092 3087 1185 3151 porro
1215 3071 1302 3131 istam
1328 3069 1410 3132 nullo
1433 3069 1593 3133 Ecclesiae
1610 3070 1724 3152 Judicio
1747 3067 1829 3131 nullo
1851 3066 1968 3130 Roma·

598 3185 704 3231 norum
726 3169 899 3233 Pontificum
922 3170 1047 3233 decreto
1069 3169 1176 3232 iactam
1198 3188 1266 3232 esse
1290 3176 1417 3247 constat,
1441 3170 1496 3232 sed
1518 3172 1703 3250 privatorum
1724 3168 1874 3232 bominum
1896 3168 1969 3248 opi-

597 3268 757 3346 nionibus,
771 3271 821 3350 qui
844 3269 978 3332 eamdem
1000 3271 1030 3331 in
1041 3268 1171 3331 Codices
1187 3268 1322 3331 Graecos
1340 3268 1462 3350 aliquot,
1484 3278 1517 3331 ut
1529 3267 1840 3350 Cryptaierratensem
1852 3265 1967 3328 Goario

598 3375 688 3443 teste,
711 3368 901 3432 induxerunt.
946 3368 987 3430 hi
995 3369 1112 3450 Syriaci
1127 3367 1256 3430 Codices
1271 3384 1376 3430 omnes
1390 3387 1456 3430 eam
1479 3367 1604 3431 formam
1625 3372 1864 3447 repraesentant,
1886 3382 1967 3445 quae

598 3465 723 3528 Graecis
745 3467 866 3545 iacobi,
889 3469 993 3545 Marci,
1016 3467 1133 3544 Basilii,
1158 3472 1208 3525 aut
1231 3463 1440 3546 Chrysostomi
1460 3465 1603 3548 Litargiis
1626 3466 1764 3548 proxima
1793 3471 1859 3541 est,
1894 3462 1968 3526 licet

598 3566 666 3626 insit
678 3565 824 3643 quaedam
837 3564 974 3627 lectionis
991 3565 1132 3628 varietas.
1155 3565 1252 3625 Vetus
1271 3563 1386 3643 Codex,
1402 3583 1490 3645 quern
1506 3562 1733 3646 interpretando
1743 3563 1840 3626 secuti
1853 3578 1968 3637 sumus,

597 3665 637 3725 ita
661 3663 760 3725 hahet.
798 3663 864 3724 Hoc
885 3673 931 3725 est
953 3684 1064 3743 corpus
1085 3684 1190 3740 meam,
1214 3664 1295 3742 quod
1311 3682 1369 3741 pro
1391 3664 1479 3725 vobio
1500 3673 1530 3726 et
1546 3683 1607 3744 pro
1627 3664 1728 3725 mutas
1746 3660 1916 3740 {ronpihtm
1937 3665 1969 3721 et

599 3765 690 3824 datar
711 3765 743 3823 in
764 3764 972 3825 remissionem
991 3770 1185 3843 peccatoram
1207 3770 1237 3823 et
1257 3763 1351 3824 eitam
1372 3771 1537 3824 aeternam.
1574 3763 1616 3826 lta
1638 3760 1744 3826 Codex
1766 3759 1969 3838 Florentinua,

598 3870 629 3923 et
652 3861 701 3923 alii
723 3862 868 3942 plerique.
913 3864 1002 3925 Extat
1024 3863 1054 3923 in
1077 3861 1249 3925 Colbertina
1271 3860 1453 3924 Bibliotheca
1466 3862 1572 3925 Codex
1594 3865 1732 3943 antiquus
1748 3860 1779 3921 in
1792 3858 1965 3921 membrana

597 3963 741 4041 scriptus,
770 3962 800 4021 in
824 3980 883 4042 quo
906 3962 1000 4023 verba
1024 3958 1134 4023 Christi
1161 3962 1200 4021 ita
1229 3958 1411 4023 referuntur.
1456 3961 1522 4023 Hoc
1551 3968 1596 4022 eat
1624 3978 1734 4039 corpas
1761 3977 1859 4020 meam
1885 3956 1967 4039 qnod

595 4079 654 4139 pro
676 4060 762 4121 eobia
781 4061 943 4140 frangite,
966 4080 1022 4122 coa
1043 4067 1143 4121 numm
1165 4066 1195 4120 et
1215 4059 1322 4119 maltos
1342 4060 1623 4139 fideleapraeperot
1636 4059 1785 4121 adcitum
1798 4063 1965 4119 muru.

599 4157 658 4220 Sed
681 4166 917 4240 quantacumque
939 4162 977 4222 sit
999 4159 1112 4221 codicis
1135 4157 1213 4220 illius
1237 4158 1395 4236 autoritas,
1419 4157 1543 4220 aliorum
1565 4158 1657 4240 longe
1679 4157 1781 4237 potior
1802 4160 1865 4232 eet,
1895 4171 1966 4216 cun

599 4258 743 4319 Graecam
766 4258 921 4321 formulam
944 4259 1114 4320 accuratius
1138 4258 1305 4337 exprimant
1321 4246 1360 4318 ad
1383 4247 1466 4342 ὑπὲρ
1489 4245 1581 4334 ὑμῶν
1602 4241 1772 4334 κλώμενοι,
1793 4248 1849 4314 καὶ
1870 4236 1966 4315 διδό-

598 4375 692 4434 μενον
704 4349 750 4429 εἰς
762 4347 878 4442 ἄφεσιν
892 4349 1065 4444 ἁμαρτιῶν.
1089 4358 1179 4433 Quod
1195 4376 1255 4436 pro
1277 4357 1365 4418 vodis
1383 4356 1548 4436 frangitur,
1568 4366 1597 4417 et
1609 4357 1701 4417 dotto·
1711 4356 1743 4416 in
1756 4353 1966 4416 reunitum

595 4462 799 4535 peccatoram.
843 4456 882 4520 Et
903 4476 977 4520 sane
1006 4460 1057 4519 vix
1084 4457 1145 4519 ulla
1173 4455 1309 4537 Liturgia
1338 4462 1396 4532 est,
1427 4456 1641 4535 cujuscumque
1670 4453 1746 4515 ritus
1777 4450 1886 4513 Graeci
1914 4447 1966 4512 val

598 4554 770 4633 Orientalis,
793 4575 869 4637 quae
892 4547 1053 4634 κλώμενον
1074 4556 1152 4618 istud
1173 4573 1237 4616 non
1259 4554 1378 4631 habeat,
1402 4554 1493 4633 quod,
1516 4562 1549 4615 ut
1570 4555 1752 4633 interpretes
1774 4550 1893 4613 illarum
1913 4548 1966 4611 lo-
1991 4617 1997 4628 ,

599 4663 743 4733 quamn,
773 4642 887 4727 uiciate
908 4655 975 4733 illa,
1006 4673 1061 4717 seu
1081 4656 1213 4734 semim,
1241 4653 1329 4733 panis
1354 4652 1572 4730 Eucharistiei,
1601 4651 1740 4732 eorporis
1762 4650 1828 4713 veri
1849 4650 1881 4711 in
1902 4664 1964 4730 quo

599 4751 735 4816 Christus
747 4771 856 4833 passus
879 4761 936 4829 est,
959 4754 1119 4831 cruciatus,
1140 4771 1197 4834 per
1218 4751 1339 4833 llagella
1361 4759 1393 4813 ct
1415 4769 1536 4813 crucem
1558 4750 1716 4831 signifieat,
1738 4765 1902 4830 veramque
1924 4746 1966 4811 do

598 4851 785 4915 Eucharistia
807 4853 894 4915 iidem
916 4854 1056 4932 exprimit
1077 4853 1259 4926 accuratius;
1289 4869 1397 4930 nempe
1425 4869 1531 4931 panem
1556 4870 1644 4931 quem
1666 4850 1847 4933 frangimus,
1875 4865 1967 4911 com-

598 4954 825 5015 municationem
849 4953 985 5033 corporis
1009 4951 1117 5014 Christi
1140 4969 1221 5026 esse,
1243 4959 1276 5012 ut
1298 4950 1407 5013 Paulus
1429 4950 1593 5032 Apostolus
1616 4950 1758 5030 loquitur,
1780 4949 1839 5011 boo
1861 4953 1910 5010 est
1929 4954 1968 5009 ιιι

598 5052 707 5132 ubique
729 5051 918 5133 profitentur,
941 5053 1038 5132 ipsum
1060 5050 1139 5113 illius
1161 5067 1272 5129 corpus
1294 5058 1395 5112 natum
1418 5069 1459 5112 ex
1470 5050 1563 5113 blaria
1575 5049 1712 5132 Virgine,
1734 5050 1763 5110 in
1779 5063 1839 5129 quo
1852 5061 1968 5128 passus

598 5159 654 5213 est.
697 5150 779 5214 illius
802 5153 880 5215 enim
901 5151 1040 5214 lectionis
1063 5150 1100 5212 ad
1123 5148 1352 5212 confirmandam
1375 5149 1579 5212 Ortbodoxam
1603 5147 1640 5211 de
1662 5146 1850 5210 Eucharistia
1871 5145 1968 5210 hdem

596 5251 643 5313 vis
666 5249 772 5314 eadem
794 5260 851 5332 est,
875 5270 910 5313 ae
931 5251 1011 5313 illius
1034 5269 1121 5331 quam
1142 5266 1256 5311 vexare
1278 5247 1358 5311 Beza
1383 5265 1550 5329 aggressus
1573 5254 1629 5325 est,
1652 5248 1683 5308 in
1696 5246 1783 5309 Notis
1805 5245 1844 5309 ad
1857 5244 1968 5308 Evan-
