5150 6534
601 769 760 896 tu'
1104 812 1464 893 maweu
1562 870 1565 879 .

600 996 730 1053 aetatem
758 990 875 1069 illarum
904 992 1107 1057 determinare
1135 1005 1385 1078 aggressusest
1428 998 1540 1063 Verum
1563 997 1756 1065 Ortbodoxos
1777 1014 1840 1063 oon
1862 994 1975 1084 unca

600 1088 651 1169 qui
673 1108 710 1152 aa
732 1097 899 1172 uterentur,
923 1092 1035 1175 inqua
1057 1092 1200 1185 Severus,
1222 1094 1416 1176 Philoxenus,
1438 1097 1554 1178 Petrus,
1578 1093 1893 1181 Gnapbeus'scilicet,
1913 1083 1974 1192 Je-

600 1188 756 1269 cobusque
779 1188 944 1254 Baradatus
966 1192 1046 1255 inter
1067 1200 1190 1256 sanctos
1212 1202 1498 1276 commemorantur,
1520 1198 1632 1261 certius
1655 1204 1703 1261 cst
1725 1212 1814 1278 mam
1835 1202 1872 1257 ut
1892 1211 1973 1277 pro-

597 1287 721 1351 batione
743 1288 887 1372 indigeat.
931 1290 1095 1355 Maronitas
1123 1292 1217 1375 igitur
1245 1292 1315 1357 dum
1342 1296 1428 1358 istam
1454 1295 1512 1359 sibi
1532 1295 1761 1360 vindicaverunt
1780 1294 1812 1357 iu
1833 1292 1981 1370 Roman

599 1386 750 1464 editione,
777 1388 907 1469 majores
929 1407 1001 1453 suos
1024 1390 1055 1452 in
1077 1391 1198 1454 haeresi
1218 1390 1420 1457 Jacobitamuo
1442 1394 1537 1459 fuisse
1557 1394 1669 1459 incauti
1685 1392 1896 1479 pmdidermt,
1917 1398 1973 1456 att

598 1483 705 1548 saltem
727 1503 869 1549 summam
891 1488 1084 1568 imperitiam,
1106 1488 1176 1551 dum
1197 1490 1369 1556 haereticos
1391 1494 1626 1559 anathematibus
1648 1493 1851 1559 Consiliorum
1872 1506 1971 1574 ΙΨ·

597 1585 658 1647 titis
680 1586 886 1667 proscriptos,
919 1587 998 1649 inter
1026 1587 1152 1652 coelites
1174 1599 1388 1670 reposueruut
1431 1592 1539 1658 Severi
1559 1593 1681 1676 quidem
1701 1609 1812 1660 nomon
1832 1587 1971 1657 stromb-

597 1693 677 1764 runt,
700 1684 755 1748 sed
777 1686 852 1749 alios
874 1686 1071 1767 reliquerunt,
1094 1705 1155 1749 non
1176 1689 1273 1751 minus
1297 1688 1454 1756 damnatae
1476 1711 1564 1774 mam
1585 1692 1637 1757 ille
1656 1690 1838 1769 memoriae,
1859 1688 1969 1771 quibu

597 1804 665 1847 cum
687 1785 772 1848 blano
795 1788 825 1848 in
847 1784 1025 1865 quibusdam
1046 1786 1200 1849 codicibus
1218 1787 1374 1869 adjunctus
1395 1793 1575 1873 reperiatur,
1596 1808 1704 1855 sanam
1726 1806 1797 1853 csse
1818 1786 1968 1852 sanctita-

596 1886 636 1946 tis
666 1884 743 1947 illius
773 1885 958 1966 opinionem,
989 1885 1027 1948 de
1055 1902 1115 1965 qua
1143 1892 1302 1967 tantopere
1323 1891 1512 1954 recentiores
1532 1890 1687 1970 laborant,
1709 1888 1779 1951 binc
1800 1885 1876 1951 licet
1896 1886 1967 1951 exi·

597 1988 732 2052 stimate.

706 2248 740 2318 7.
782 2246 847 2347 Qui
872 2271 975 2341 super
1001 2248 1215 2344 adamantem
1239 2247 1341 2319 Petri
1354 2217 1596 2342 'saocmerom
1621 2249 1737 2320 domos
1760 2245 1855 2341 fidei.

696 2439 832 2515 Locorro
849 2450 985 2532 ambigua
1010 2458 1056 2512 est
1077 2451 1105 2512 si
1126 2449 1220 2513 verba
1244 2452 1444 2515 tantummodo
1467 2437 1675 2515 attenduntur,
1713 2450 1745 2513 Si
1771 2449 1852 2513 enim
1872 2462 1963 2529 pros·

595 2557 658 2617 sius
691 2553 898 2633 explicentur,
926 2554 1105 2616 vertendum
1134 2554 1192 2615 erit
1219 2572 1314 2633 sumo
1344 2556 1537 2618 mareotem
1561 2557 1729 2635 pabiums,
1760 2550 1962 2635 quaa·aerta

595 2656 774 2719 sententiam
804 2651 953 2733 duplicem
983 2652 1102 2715 edicere
1132 2669 1230 2732 aeque
1259 2663 1396 2733 possunt
1441 2656 1538 2718 Prima
1566 2663 1620 2730 est,
1643 2663 1678 2717 ut
1698 2652 1889 2736 significetur
1908 2665 1962 2714 eos

595 2754 782 2831 aedificasse,
804 2774 860 2817 seu
882 2756 1211 2819 instituissellcclesias
1233 2773 1325 2836 supra
1346 2756 1461 2818 branam
1483 2762 1611 2837 petram,
1634 2771 1701 2816 cum
1723 2750 1804 2815 nialla
1826 2751 1867 2814 sit
1887 2748 1963 2812 ada·

594 2859 692 2914 maotc
715 2853 819 2916 dumos
841 2861 890 2916 aut
913 2854 1051 2917 solidior:
1076 2854 1189 2933 altera,
1211 2873 1304 2935 super
1326 2855 1510 2919 adamantem
1532 2854 1630 2930 Petri,
1659 2854 1725 2915 sive
1753 2850 1867 2914 firmam
1895 2847 1960 2931 ejus

475 2998 478 3006 .
594 2951 698 3029 iidem,
727 2971 834 3033 nempe
864 2954 1025 3016 referendo
1055 2954 1132 3017 banc
1159 2955 1364 3035 metaphoram
1394 2953 1431 3015 ad
1460 2951 1533 3015 illud
1563 2952 1604 3014 lie
1630 2970 1664 3014 es
1691 2950 1801 3013 Petras
1823 2956 1855 3011 ct
1873 2965 1964 3028 anper

594 3048 674 3110 bone
698 3059 818 3131 petrona
849 3053 1015 3131 oedificabo
1045 3053 1214 3115 Ecclesiam
1240 3073 1346 3117 mecm
1393 3052 1554 3131 Utrumque
1580 3048 1824 3131 frequentissime
1852 3045 1962 3130 legitor

489 3140 492 3144 ’
593 3146 625 3208 in
648 3147 843 3213 Orientalium
866 3149 1024 3233 Liturgiis,
1057 3160 1086 3214 et
1102 3152 1180 3214 ,otiis
1208 3150 1336 3233 Olllciis,
1367 3170 1434 3214 cum
1461 3151 1500 3215 de
1527 3150 1608 3215 Petri
1628 3150 1758 3213 Primatu
1780 3163 1842 3210 non
1864 3146 1960 3208 minos

594 3245 771 3313 Orthodoxe
794 3252 941 3327 sentiant,
970 3268 1056 3331 quam
1080 3249 1234 3314 Catholici.
1279 3251 1410 3333 Utraque
1433 3250 1613 3334 significatio
1636 3249 1673 3313 ad
1695 3247 1775 3311 idem
1795 3246 1959 3311 reducitur.

680 3349 806 3430 Reliqua
827 3350 939 3412 nullam
961 3350 1143 3433 singularem
1166 3349 1410 3414 observationem
1431 3350 1612 3414 desiderant.

1004 3620 1007 3625 ’
1020 3623 1571 3674 ψ

969 4029 974 4049 ·
1027 3950 1522 4129 LllUliGll

815 4243 1745 4439 intellectulum.
1991 4247 2001 4267 '

1075 4519 1467 4589 mmmmmm

669 4723 854 4794 Sacerdos.
907 4697 1066 4799 Domus
1093 4723 1186 4795 Deus
1212 4726 1403 4797 misericors
1430 4735 1564 4811 sancte,
1591 4733 1625 4793 et
1651 4722 1878 4815 omnipotens,
1907 4726 1966 4818 qui

593 4860 631 4909 es
658 4862 740 4934 pax,
768 4840 995 4933 tranquillitas,
1024 4842 1157 4927 caritas,
1185 4838 1335 4926 dulcedo,
1363 4842 1519 4929 castitas,
1551 4847 1585 4910 et
1615 4836 1764 4910 bonitas:
1796 4834 1905 4907 Pater
1930 4845 1967 4909 et

592 4954 754 5027 Dominus
782 4958 924 5026 omnium
953 4959 1006 5049 qui
1033 4977 1152 5051 pacem
1180 4953 1334 5047 diligunt:
1370 4965 1504 5050 praesta
1536 4953 1634 5026 nobis
1661 4962 1696 5023 ut
1727 4951 1818 5047 pleni
1843 4947 1964 5024 bumi-

591 5069 692 5157 litate,
721 5080 755 5141 et
781 5095 853 5165 spe,
881 5082 979 5165 atque
1007 5074 1040 5141 in
1067 5071 1131 5143 lide
1158 5094 1240 5143 vera
1267 5069 1468 5150 confirmati,
1495 5090 1625 5141 necnon
1650 5070 1684 5138 in
1711 5064 1876 5161 spirituali
1904 5070 1964 5154 tui,

591 5195 626 5254 et
651 5197 761 5257 mutua
779 5186 954 5259 dilectione
972 5192 1129 5282 proximi,
1155 5191 1298 5260 invicem
1317 5185 1563 5282 amplectamur,
1577 5206 1638 5280 por
1649 5181 1887 5255 abundantiam
1903 5182 1963 5254 di-

591 5298 743 5373 lectionis
771 5325 856 5396 quac
882 5313 935 5377 est
960 5303 1128 5399 plenitudo
1154 5304 1239 5397 legis
1266 5314 1360 5391 tuae,
1393 5312 1429 5375 ut
1462 5304 1565 5375 simus
1597 5299 1656 5372 tibi
1682 5299 1739 5373 filii
1764 5297 1963 5394 tranquilli·
