5150 6534
781 872 1086 950 Iuttttt
1136 861 1677 966 ΡᾹΤΗΙΑΒΟΗΑΕ,
1718 888 1769 951 uc.
1901 875 1978 950 519

702 1060 887 1131 Sacerdos.
940 1059 1024 1168 Pax.

703 1174 865 1268 Populos.
918 1172 1062 1244 Etcum
1090 1175 1207 1267 spiritu
1234 1182 1302 1247 tuo.

703 1289 887 1361 Sacerdos.
941 1288 1001 1373 Sit,
1030 1300 1093 1360 etc.

705 1405 895 1475 Diaconos.
950 1403 1034 1476 Cum
1063 1406 1192 1474 timore.

705 1520 890 1591 Sacerdos.
945 1519 1069 1589 Sancta
1096 1520 1230 1589 sanetis,

705 1635 866 1728 Populos.
920 1633 1014 1705 Unus
1041 1635 1141 1704 Pater
1169 1643 1314 1704 sanctus

704 1751 893 1821 Diaconos.
947 1750 1080 1822 Stemus
1109 1749 1276 1820 decenter.

705 1868 892 1939 Sacerdos.
954 1866 1051 1937 Nunc
1077 1867 1220 1936 Domine
1248 1864 1379 1959 quando
1407 1864 1552 1955 gladium
1588 1863 1827 1956 Cherubicum,
1853 1877 1978 1942 trans-

600 1987 713 2076 gressi
747 1980 886 2077 pedibus
913 1979 1136 2077 spiritualibus
1165 1980 1338 2071 ellugimus
1369 1984 1530 2067 animose,
1558 1991 1591 2050 et
1618 2004 1663 2051 ex
1690 1980 1796 2054 lructn
1824 1982 1881 2054 illo
1909 1985 1978 2055 de-
2104 1976 2108 1980 ’

601 2097 771 2173 siderabili
799 2102 926 2193 quiex
955 2107 986 2168 te
1014 2107 1077 2183 est,
1104 2094 1227 2168 arbore
1254 2099 1358 2183 vitae,
1386 2105 1419 2165 et
1442 2098 1553 2167 omnia
1570 2095 1763 2168 vivificante
1790 2097 1916 2171 edimus
1944 2110 1979 2171 et
2066 2103 2076 2126 ⁴

601 2215 723 2310 epulati
750 2236 879 2285 sumus:
916 2224 1014 2307 atque
1051 2212 1093 2283 ad
1121 2216 1293 2303 regionem
1330 2220 1480 2282 nostram
1515 2213 1701 2305 pristinam,
1741 2236 1815 2283 cum
1850 2236 1977 2287 summa

506 2337 513 2347 ’
602 2329 845 2403 domesticitate
872 2331 1012 2399 restituti
1049 2348 1179 2414 sumuS,
1217 2337 1250 2397 et
1286 2325 1328 2396 ad
1362 2318 1540 2399 divinitatis
1574 2331 1859 2422 participationem
1892 2354 1978 2424 qnae

600 2444 749 2517 illusorie
786 2443 883 2516 nobis
916 2452 1079 2516 ostentata
1114 2465 1132 2511 a
1167 2452 1324 2536 serpente
1366 2440 1544 2512 seductore
1585 2441 1711 2531 fuerat,
1752 2445 1978 2517 efficacissime

600 2562 814 2633 conservasti
846 2580 925 2629 nos:
961 2557 1122 2651 simulque
1157 2557 1198 2627 ad
1232 2560 1385 2649 imaginis
1419 2569 1494 2628 tuae
1528 2556 1772 2630 similitudinem
1806 2563 1978 2653 pristinam

600 2698 663 2774 per
690 2677 958 2775 convenientem,
986 2674 1186 2767 dignumque
1211 2673 1392 2768 pudorem,
1428 2683 1565 2767 propter
1593 2672 1844 2766 dispositionem
1876 2676 1977 2758 illam,

603 2814 702 2887 quam
729 2812 812 2882 erga
839 2811 902 2862 nos
931 2799 1107 2874 statueras,
1134 2792 1305 2860 restituisti
1326 2809 1399 2859 nos.
1454 2787 1541 2872 Quid
1568 2786 1728 2858 habemus
1756 2789 1844 2882 quod
1871 2794 1977 2861 retri-

600 2904 707 2979 buere
741 2908 909 3000 possimus
944 2909 1049 2976 amori
1088 2925 1170 2995 erga
1212 2903 1361 2975 homines
1394 2914 1467 2989 tuo,
1506 2911 1644 2999 propter
1685 2901 1848 2975 beneficia
1881 2905 1977 2977 nullis

602 3024 784 3114 gratiarum
818 3017 1000 3091 actionibus
1034 3019 1267 3113 coaequanda,
1310 3041 1396 3113 quae
1431 3017 1572 3088 effudisti
1606 3040 1707 3113 super
1740 3019 1830 3090 nos?
1885 3022 1977 3107 Quas

600 3136 734 3208 tandem
768 3157 876 3207 voces
910 3139 1089 3227 gratiarum
1127 3134 1333 3226 agendarum
1373 3155 1552 3229 possumus
1589 3132 1709 3204 offerre
1743 3136 1820 3224 tibi,
1861 3139 1977 3230 quales

602 3250 763 3323 debentur
789 3251 1032 3323 beneficentiae
1058 3250 1310 3321 misericordiae
1343 3260 1419 3320 tuae
1453 3271 1536 3341 erga
1569 3250 1656 3321 nos?
1711 3249 1875 3334 Quantum
1909 3254 1978 3322 inr-

601 3366 740 3440 becilles
776 3378 914 3437 nostrae
949 3368 1041 3435 vires
1078 3366 1257 3452 sufficiunt,
1295 3364 1493 3452 adoramus,
1527 3364 1751 3455 glorificamus
1785 3377 1818 3437 et
1849 3370 1976 3457 gratias

602 3484 745 3575 agimus,
773 3493 806 3552 et
833 3480 1032 3567 exaltamus,
1060 3479 1279 3573 deprecantes
1313 3503 1406 3550 mare
1440 3479 1577 3551 effusum
1605 3478 1801 3556 clementiae
1830 3492 1914 3570 tuae,
1942 3491 1978 3553 ut

601 3598 764 3693 mysteria
791 3595 874 3666 baec
901 3605 1016 3666 sancta
1045 3593 1163 3688 quibus
1196 3597 1354 3683 vivimus,
1383 3606 1416 3665 et
1441 3598 1594 3666 renovati
1622 3617 1754 3684 sumne,
1787 3599 1852 3668 sint
1877 3596 1976 3670 nobis

601 3710 798 3782 fermentum
825 3711 916 3780 vitae
942 3734 1064 3802 novae,
1092 3722 1126 3782 et
1152 3715 1272 3805 pignus
1300 3715 1392 3783 vitae
1419 3710 1548 3782 laturae
1576 3720 1610 3783 et
1637 3721 1807 3801 aeternae,
1835 3726 1897 3786 etc.
1930 3707 1935 3718 ¹

710 3824 868 3917 l’opnlas.
921 3826 1041 3896 Arnen.

706 3935 891 4012 Sacerdos.
944 3941 1027 4011 Pax.

705 4056 867 4148 Populos.
920 4053 1064 4127 Etcum
1092 4059 1207 4149 spiritu
1237 4068 1303 4128 tuo.

708 4172 896 4243 Diaconos.
950 4174 1043 4242 Post.
1253 4184 1256 4189 “
1707 4263 1713 4268 ¹

706 4286 891 4358 Sacerdos.
946 4288 996 4357 Te
1031 4285 1110 4356 Rex
1136 4308 1253 4377 regum
1280 4288 1363 4358 Jesu
1392 4282 1523 4358 Christe
1549 4290 1601 4357 cui
1634 4287 1830 4359 inclinantur
1867 4291 1975 4360 omnia

602 4404 748 4496 quaein
777 4402 873 4474 coelo
901 4411 934 4472 et
959 4403 991 4471 in
1020 4411 1110 4471 terra
1137 4411 1224 4489 sunt,
1252 4402 1368 4472 adorat
1404 4413 1438 4473 et
1469 4401 1638 4473 ardenter·
1658 4402 1856 4498 deprecatur
1888 4425 1976 4473 nunc

600 4515 756 4589 Ecclesia
783 4527 897 4588 sancta
926 4516 1074 4587 redemta
1102 4538 1147 4585 ex
1182 4515 1356 4606 gentibus,
1390 4539 1451 4611 pcr
1483 4518 1732 4590 crucifixionem
1766 4528 1872 4606 tuam,
1908 4517 1976 4588 de-

600 4653 745 4728 precans
774 4642 806 4702 te
834 4655 906 4702 cum
936 4634 1086 4725 suspiriis
1114 4641 1147 4701 et
1182 4632 1405 4726 lacrymarum
1433 4633 1607 4722 effusione,
1641 4655 1703 4728 pro
1731 4633 1883 4706 omuibus
1912 4655 1976 4705 ur-

602 4746 733 4819 dinibus
768 4756 801 4817 et
833 4747 1075 4819 conditionibus
1115 4746 1254 4818 liliorum
1290 4759 1419 4820 tuorum
1459 4748 1682 4820 redemtorum
1722 4750 1885 4840 sanguine
1919 4758 1975 4820 tuo

602 4864 764 4958 pretioso.
827 4861 928 4933 lnduc
961 4883 1021 4934 eos
1057 4865 1089 4932 in
1126 4863 1216 4934 ovile
1257 4874 1355 4934 tuum.
1415 4863 1537 4935 Emitte
1570 4886 1671 4960 super
1705 4884 1766 4934 eos
1802 4863 1978 4935 dexteram

602 4986 703 5066 mam,
731 4977 874 5067 obsigna
902 4999 962 5049 eos
991 4999 1091 5048 cruce
1118 4987 1186 5066 tua,
1213 4999 1382 5049 conserva
1405 4976 1480 5050 illos
1507 4982 1539 5049 in
1567 4981 1710 5051 veritate
1738 4988 1805 5067 tua,
1833 4986 1977 5072 protege

605 5089 755 5164 cossub
783 5090 844 5161 alis
871 5091 1068 5163 clementiae
1096 5102 1187 5163 tuae:
1214 5093 1361 5185 adjunge
1388 5115 1449 5165 eos
1475 5093 1517 5164 ad
1544 5093 1758 5166 domesticum
1773 5097 1976 5166 consortium

601 5201 710 5277 tuum:
738 5205 889 5278 conforta
918 5229 979 5278 eos
1008 5229 1070 5300 per
1102 5229 1251 5279 amorem
1278 5219 1381 5300 tuum,
1409 5210 1691 5300 congregationes
1726 5229 1843 5280 eorum
1876 5231 1976 5280 ccm-

601 5342 691 5416 ponc
724 5344 785 5417 per
820 5345 937 5418 pacem
971 5330 1005 5393 et
1038 5322 1304 5417 tranquillitatem
1337 5334 1435 5419 tuam.
1489 5323 1692 5417 Constringe
1727 5324 1802 5399 illos
1834 5323 1978 5399 vinculis
