5150 6534
1165 859 1395 937 NOTAE

1045 1135 1079 1203 d.
1107 1132 1205 1202 Haec
1232 1137 1283 1201 eat
1311 1153 1395 1201 coro
1422 1154 1507 1202 meu.

679 1322 791 1402 Vurao
815 1343 914 1396 tarmen
937 1335 966 1396 in
990 1335 1113 1416 reliquis
1143 1334 1275 1415 Syriacis
1300 1334 1461 1416 liturgiis,
1491 1350 1552 1394 vox
1581 1351 1658 1412 quae
1693 1331 1817 1411 proprie
1845 1329 1963 1409 Corpus

589 1440 739 1522 significat
760 1446 934 1518 usurpatur,
958 1457 1019 1499 non
1042 1456 1226 1518 synonyma,
1258 1439 1314 1498 etsi
1338 1438 1374 1498 ab
1398 1435 1559 1519 Aegyptiis
1583 1453 1675 1497 noces
1698 1432 1800 1511 Σῶμα
1823 1440 1853 1494 et
1875 1422 1964 1511 Σάξ

589 1537 797 1600 indifferenter
820 1544 1021 1616 usurpentur,
1052 1544 1084 1597 ut
1114 1556 1131 1597 a
1161 1534 1337 1598 Christianis
1360 1536 1492 1597 Arabico
1516 1533 1718 1597 scribentibus
1740 1544 1801 1601 'rm
1825 1540 1856 1594 et
1878 1453 1961 1610 Ειιί,

590 1654 695 1697 verum
717 1652 779 1696 non
802 1653 840 1696 eo
863 1636 893 1696 in
916 1634 995 1696 loco.
1038 1633 1118 1695 Nihil
1141 1635 1219 1696 enim
1249 1636 1346 1696 minus
1374 1633 1591 1711 conveniebat,
1621 1650 1709 1713 quam
1737 1631 1767 1690 in
1798 1631 1964 1712 praecipua

590 1734 794 1812 sanctiorique
807 1733 961 1815 Liturgiae
984 1741 1071 1813 parte
1094 1734 1248 1812 explicare
1262 1734 1425 1795 verborum
1449 1734 1576 1813 copiam,
1601 1750 1677 1812 qnae
1700 1731 1788 1792 etiam
1812 1730 1838 1790 si
1861 1729 1962 1810 aliquo

591 1831 705 1909 colore
719 1833 857 1893 excusari
880 1839 996 1911 posset,
1019 1831 1093 1906 sola,
1116 1841 1149 1893 ιιι
1172 1833 1200 1894 in
1224 1832 1310 1894 simili
1345 1840 1522 1914 argumento
1545 1830 1734 1912 Augustinus
1764 1827 1848 1903 dixit,
1871 1830 1964 1890 noni-

590 1936 652 1990 late
674 1930 839 2010 perturbat.
863 1929 949 1990 Unde
963 1935 994 1990 ut
1018 1928 1152 2009 plurimis
1175 1930 1341 2010 iisdemque
1364 1930 1552 2011 gravissimis
1577 1928 1742 2008 'Plreologis
1765 1943 1826 1987 non
1850 1926 1963 2017 placuit
2046 1968 2050 1977 -

589 2026 736 2088 immutari
759 2035 880 2090 veteres
905 2028 1015 2091 Christi
1037 2028 1200 2090 verborum
1223 2028 1367 2090 formulas
1398 2031 1455 2090 nisi
1479 2027 1603 2090 totidem
1635 2027 1759 2107 syllabis
1794 2042 1861 2087 eam
1884 2045 1963 2106 quae

588 2123 723 2187 Romano
746 2125 870 2188 Conone
893 2128 1094 2205 continentur,
1118 2129 1338 2207 exprimerent,
1368 2127 1458 2189 modo
1483 2147 1523 2188 ex
1550 2124 1718 2206 Evangelio
1742 2130 1792 2184 aut
1814 2122 1964 2204 Apostolo

590 2221 761 2304 descriptae
785 2233 903 2287 essent:
927 2225 968 2287 ita
991 2244 1052 2288 non
1065 2226 1211 2289 immerito
1225 2226 1406 2288 damnavere
1421 2226 1604 2288 blissionarii
1617 2224 1728 2285 similes
1744 2224 1824 2302 huic,
1848 2241 1963 2303 easquc

588 2322 753 2385 abolendas
776 2331 972 2387 censuerunt.
1027 2323 1076 2385 Αιι
1099 2343 1173 2387 vero
1197 2326 1271 2388 boec
1296 2325 1458 2386 immulatio
1482 2324 1621 2386 ellectum
1645 2321 1881 2384 consecrationis
1905 2322 1964 2383 im-

589 2421 701 2501 pediat,
726 2422 909 2503 expendere,
934 2423 1081 2506 longioris
1105 2443 1218 2503 operae
1241 2423 1330 2501 soret,
1353 2442 1411 2485 nec
1434 2423 1471 2484 ad
1489 2424 1654 2484 institutum
1673 2421 1963 2500 nostrumpertinet.

588 2519 666 2582 Nihil
689 2521 785 2583 simile
808 2522 838 2583 in
861 2521 985 2583 Graecis
1010 2523 1165 2584 veteribus
1190 2522 1346 2605 Liturgiis,
1371 2530 1421 2584 aut
1444 2520 1473 2582 in
1498 2522 1641 2601 Syriacis,
1665 2527 1722 2580 tam
1746 2518 1963 2599 llelchitarum,

589 2637 677 2699 quam
700 2607 958 2698 Nestorianorunr,
983 2628 1033 2681 aut
1054 2620 1267 2684 Jacobitarum.
1303 2621 1362 2684 Sed
1387 2639 1486 2701 neque
1510 2621 1699 2681 recentiores
1722 2617 1791 2679 illac
1813 2617 1964 2698 irequen-

588 2723 636 2778 ter
659 2725 821 2797 usurpatae
843 2717 983 2780 videntur
1005 2718 1118 2797 luisse,
1149 2739 1216 2782 eum
1239 2721 1425 2801 reliquarum
1448 2737 1520 2780 usus
1544 2717 1650 2792 inerit,
1682 2718 1780 2797 sitque
1803 2716 1965 2778 etiamnum

588 2834 686 2897 prope
714 2817 914 2897 quotidianus.
971 2817 1004 2878 ln
1032 2817 1137 2879 Latina
1166 2837 1286 2901 qnoque
1315 2819 1452 2881 Ecclesia
1481 2816 1651 2896 exemplum
1680 2815 1792 2877 nullum
1820 2814 1965 2890 occurrit,

590 2932 649 2995 quo
673 2934 707 2976 se
731 2917 807 2999 tucri
831 2917 980 2994 potuisset
992 2916 1126 2999 lgnatius
1140 2918 1321 2995 Patriarcha,
1345 2927 1395 2979 aut
1418 2917 1483 2997 ejus
1506 2916 1632 2977 similes:
1656 2933 1723 2975 cum
1746 2914 1803 2976 etsi
1826 2912 1965 2974 inPrae-

589 3013 750 3074 talionibus
775 3016 964 3095 pracsertim,
989 3016 1054 3077 sive
1077 3015 1224 3094 illatione,
1249 3016 1496 3092 Contestatione,
1527 3015 1599 3076 Post
1622 3014 1732 3090 Pridie,
1755 3019 1787 3074 ut
1810 3012 1880 3074 olim
1903 3030 1965 3072 ro-

588 3111 733 3173 cabantur
757 3119 787 3174 et
810 3114 838 3173 in
863 3113 927 3174 aliis
945 3113 1038 3176 Officii
1061 3116 1144 3194 sacri,
1164 3116 1297 3195 partibus
1313 3115 1493 3176 observetur
1517 3113 1676 3194 aliquando
1699 3112 1822 3173 uberior
1845 3117 1964 3190 myste-

588 3210 699 3271 riorum
725 3217 754 3272 ct
777 3211 944 3273 orationum
968 3214 1130 3292 expositio,
1154 3215 1182 3275 in
1206 3215 1308 3276 verbis
1331 3221 1429 3275 tamen
1445 3212 1555 3274 Christi
1580 3210 1759 3288 referendis,
1784 3209 1896 3271 nullum
1914 3214 1965 3269 aut

588 3307 732 3390 exiguum
756 3309 915 3372 discrimen
939 3319 995 3374 est.

986 3573 1020 3641 5.
1062 3570 1242 3641 laceratio
1269 3570 1423 3664 Spiritus
1448 3574 1570 3641 eoacti.

699 3759 735 3835 In
759 3789 795 3831 ea
819 3788 939 3851 quoqne
962 3772 1109 3850 oratione,
1132 3781 1165 3833 ut
1187 3773 1217 3833 in
1248 3773 1372 3852 reliquis
1396 3773 1549 3854 liturgiae
1573 3790 1646 3833 suae
1670 3771 1805 3851 partibus
1826 3770 1964 3832 rhetori-

589 3879 675 3933 catur
697 3871 846 3952 lgnalius:
870 3873 924 3935 sed
947 3875 987 3935 ita
1009 3883 1042 3936 ut
1066 3877 1228 3955 perspicue
1242 3895 1346 3938 veram
1364 3875 1580 3936 elementorum
1602 3874 1879 3936 transmutationem
1902 3873 1962 3934 illis

588 3971 690 4032 uerbis
720 3971 868 4049 inculcet,
906 3991 985 4052 quae
1019 3974 1099 4036 nulla
1135 3974 1211 4037 falsa
1238 3974 1487 4054 interpretatione
1517 3975 1547 4034 in
1579 3973 1749 4053 oppositam
1781 3972 1963 4034 sententiam

589 4068 765 4148 detorqueri
797 4079 918 4151 queant.
971 4071 1111 4151 Spiritum
1134 4082 1270 4135 sanctum
1301 4075 1481 4134 directorem
1509 4081 1612 4135 vocat:
1647 4071 1705 4132 lroc
1736 4078 1785 4133 est
1813 4089 1881 4132 eum
1911 4070 1964 4150 qui

589 4182 645 4227 nos
668 4166 780 4229 inducit
803 4170 833 4229 in
857 4187 990 4245 omnem,
1014 4170 1243 4233 sicatClrrr'stus
1261 4174 1402 4250 promisit
1423 4173 1598 4232 ceritatem:
1621 4168 1777 4250 Syriacum
1800 4171 1879 4231 enim
1901 4187 1963 4230 no-

588 4282 657 4326 men
680 4267 804 4347 proprie
826 4275 991 4347 usurpatur
1012 4269 1051 4330 de
1074 4269 1212 4331 docendo
1237 4277 1268 4331 et
1291 4268 1459 4353 dirigendo,
1484 4270 1564 4330 unde
1586 4268 1780 4348 Apostolicas
1804 4268 1963 4331 Constitu-

589 4364 697 4440 tiones,
720 4361 949 4427 Διδασκαλίαν
976 4366 1069 4450 vulgo
1098 4367 1282 4448 appellatas,
1312 4387 1405 4450 saepe
1436 4368 1504 4448 Syri
1532 4377 1624 4434 rrtltl't
1653 4374 1773 4429 vocant.
1819 4365 1962 4446 Spiritum

589 4469 724 4523 sanctum
748 4462 818 4524 dicit
842 4482 858 4523 a
881 4464 969 4525 Patre
992 4465 1180 4544 procedere,
1211 4475 1242 4528 et
1265 4485 1281 4528 a
1304 4466 1379 4529 Pilio
1402 4483 1480 4546 quae
1511 4466 1683 4528 essentialia
1712 4474 1781 4527 sunt
1809 4465 1962 4545 accipere,

588 4561 695 4639 quibus
719 4561 820 4623 verbis
844 4562 1013 4625 orthodoxa
1036 4565 1172 4626 doctrina
1196 4565 1235 4628 de
1264 4567 1465 4646 processione
1489 4565 1617 4644 Spiritus
1639 4565 1736 4626 sancti
1759 4563 1797 4622 ab
1818 4568 1962 4639 utroque,

589 4658 671 4720 clare
695 4662 879 4723 continetur:
904 4660 1032 4724 ethaeo
1054 4661 1166 4725 locutio
1189 4665 1220 4725 in
1243 4663 1308 4725 aliis
1332 4683 1451 4745 qnoque
1466 4663 1610 4746 Liturgiis
1634 4662 1766 4724 occurrit
1787 4667 1819 4721 et
1841 4658 1873 4719 in
1896 4657 1963 4720 Co-

588 4755 712 4836 dieibus,
737 4779 812 4840 quos
834 4750 955 4821 Latinas
979 4779 1083 4823 manus
1106 4778 1256 4842 nunqnam
1279 4765 1427 4845 tetigisse,
1451 4764 1648 4824 certissimum
1671 4768 1726 4822 est.
1771 4756 1860 4831 Quod
1883 4759 1963 4819 enim

541 4912 543 4916 .
589 4853 657 4934 Syri
680 4863 711 4916 et
734 4854 840 4937 reliqui
864 4855 1035 4921 Orientales
1058 4858 1230 4939 Symbolum
1262 4859 1376 4940 absque
1398 4861 1449 4921 illa
1471 4859 1624 4923 additione
1651 4855 1711 4919 τοῦ
1731 4857 1856 4937 titioque
1878 4856 1964 4918 rcci-

588 4958 661 5030 tent,
684 4954 755 5015 nihil
780 4954 927 5016 adversus
950 4975 1054 5018 eorum
1075 4956 1240 5019 doctrinam
1264 4959 1381 5037 probat.
1427 4959 1535 5020 Postea
1559 4958 1697 5038 illapsum
1720 4958 1750 5017 in
1772 4964 1962 5018 sacramenta

499 5081 505 5095 ·
589 5059 695 5130 aperte
719 5051 874 5135 distinguit
897 5053 1042 5134 ignatius,
1065 5061 1095 5117 et
1118 5074 1186 5117 eurn
1209 5059 1260 5136 qui
1282 5058 1369 5120 simul
1393 5060 1422 5118 in
1445 5056 1550 5119 fideles
1573 5056 1759 5136 postulatur:
1789 5071 1848 5136 quo
1871 5057 1963 5117 lesti-

587 5151 687 5212 monio
713 5156 745 5211 nt
767 5150 887 5212 infinitis
911 5152 987 5231 aliis,
1011 5154 1159 5216 evertitur
1181 5154 1333 5218 abnormis
1346 5156 1462 5218 Claudii
1485 5155 1621 5219 Salmasii
1638 5153 1814 5237 Theologia,
1837 5154 1907 5216 dum
1931 5155 1962 5216 in

587 5245 722 5326 Epistola
746 5248 783 5309 ad
805 5249 952 5312 Joanncm
975 5251 1141 5331 Dallaeum,
1165 5261 1323 5334 utrumque
1343 5253 1484 5334 illapsum
1507 5256 1547 5316 ita
1571 5255 1735 5336 conjungit,
1759 5260 1844 5315 ntex
1863 5252 1961 5315 altero

585 5341 617 5402 in
640 5343 746 5407 fideles
768 5365 826 5427 per
849 5349 987 5411 eumdem
1016 5351 1231 5434 sanctificatos,
1253 5360 1400 5433 sequatur
1427 5351 1504 5415 alter
1532 5353 1563 5414 in
1593 5351 1673 5416 doira
1700 5352 1872 5435 proposita:
1902 5370 1961 5414 nec
