5150 6534
614 848 664 924 DE
680 841 851 924 SYRIACIS
874 842 1145 920 MXICHITARUM
1168 843 1217 919 ΕΤ
1241 841 1509 922 IACOBIIIRUM
1533 843 1728 949 IIIIIRGIIS.
1789 844 1856 920 XV

482 1033 562 1106 lium
588 1032 774 1127 disciplina,
801 1030 862 1103 sed
889 1029 994 1123 qualis
1019 1051 1143 1103 revera
1170 1034 1212 1101 sit
1239 1039 1273 1101 et
1287 1034 1464 1130 antiquitus
1477 1030 1585 1102 iirerit.
1611 1030 1731 1125 Neque
1757 1030 1854 1105 ullius

483 1149 641 1221 momenti
668 1156 743 1221 suut
767 1145 832 1218 hoc
858 1149 892 1224 iu
918 1167 1045 1237 genere
1075 1146 1314 1218 Maronitarum
1341 1149 1542 1235 testimonia,
1569 1148 1625 1239 qui
1651 1145 1693 1217 ad
1720 1145 1856 1221 codices

484 1284 564 1336 suos
591 1270 790 1356 provocant,
817 1270 973 1354 tanquam
1000 1263 1214 1349 sinceriores,
1246 1271 1280 1331 et
1306 1258 1348 1332 ab
1383 1264 1472 1332 omui
1505 1264 1631 1332 erroris
1665 1264 1856 1355 suspicione

483 1380 656 1463 immunes,
683 1398 757 1448 cum
783 1374 857 1447 illas
883 1380 976 1470 ipsas
1001 1374 1182 1467 Liturgias,
1210 1397 1293 1468 quas
1321 1398 1366 1446 ex
1392 1374 1501 1447 multis
1529 1375 1703 1467 elegerunt
1728 1385 1764 1446 ut
1775 1375 1855 1449 Ro-

484 1515 560 1563 mae
587 1490 774 1578 ederentur,
801 1490 1028 1563 Jacobitarum
1056 1513 1133 1564 esse
1147 1489 1391 1562 demonstretur
1418 1502 1484 1562 mm
1512 1493 1612 1563 certis
1639 1495 1854 1583 argumentis

484 1616 521 1677 ut
545 1608 664 1701 reponi
690 1604 768 1677 nihil
793 1610 909 1701 possit,
937 1616 971 1677 et
996 1604 1074 1677 illae
1109 1614 1206 1678 notas
1240 1605 1441 1678 indubitatas
1471 1604 1738 1701 interpolationis
1773 1629 1855 1701 prae

483 1720 889 1815 scierant,
1873 1724 1876 1730 ’

546 1834 711 1907 XXVI.
738 1833 777 1906 Si
801 1832 985 1906 Maronitas
1012 1831 1200 1922 audiamus,
1232 1832 1333 1904 laclia
1367 1855 1514 1929 operosa
1545 1833 1601 1906 illa
1629 1837 1779 1927 quaestio
1813 1834 1855 1907 de
1912 1866 1950 1919 1),
1968 1868 2083 1937 Lamp.
2100 1866 2181 1921 tom-

485 1950 707 2041 Liturgiarum
736 1951 927 2042 antiquitate
954 1945 1087 2021 absolvi
1122 1957 1243 2042 potest
1282 1950 1386 2020 Aiunt
1418 1951 1505 2021 enim
1531 1948 1657 2021 habere
1692 1973 1731 2023 se
1765 1948 1855 2021 illam
1866 1956 1906 2005 ¹¹¹³
1923 1952 2043 2007 unane.

485 2065 622 2138 loannis
648 2063 810 2151 Maronis,
837 2086 935 2157 quem
961 2067 1092 2137 vixisse
1119 2065 1340 2154 imaginantur
1365 2068 1451 2136 intra
1484 2069 1630 2159 quintum
1665 2073 1700 2136 et
1725 2075 1856 2138 sextum

487 2181 667 2268 saeculum,
694 2189 729 2252 st
754 2178 998 2251 Antiochenam
1024 2177 1384 2267 Patriarchamiuisse3
1412 2182 1589 2275 scripsisse
1606 2202 1738 2274 quoque
1758 2203 1858 2253 com-

486 2298 681 2369 mentarium
707 2297 741 2365 in
766 2294 885 2367 Jacohi
910 2294 1104 2385 Liturgiam,
1132 2317 1178 2365 ex
1205 2316 1270 2386 quo
1298 2294 1478 2388 parIIculas
1505 2294 1629 2389 aliquot
1652 2293 1860 2368 Echellensis

486 2409 579 2484 llbris
607 2414 675 2484 suis
702 2412 856 2497 inseruit,
891 2418 926 2481 et
952 2408 1035 2482 alias
1063 2407 1254 2480 advirum
1290 2408 1517 2484 Clarissimmn
1546 2410 1711 2481 loannem
1746 2409 1859 2481 Mori-

486 2547 562 2595 num
590 2524 668 2596 olim
695 2528 884 2598 transmisit.
937 2523 1022 2595 Nam
1058 2547 1104 2595 ex
1139 2547 1181 2595 ea
1210 2523 1373 2616 Liturgia,
1410 2535 1444 2596 et
1477 2524 1736 2613 Commentario,
1773 2549 1859 2620 quae

486 2638 596 2711 forma
623 2639 728 2712 Officii
753 2638 972 2712 Eucharistici
998 2637 1117 2711 luisset
1144 2647 1221 2710 ante
1254 2649 1385 2712 sextum
1419 2640 1598 2729 saeculum,
1632 2639 1734 2713 facile.
1755 2641 1860 2713 intel-

488 2754 656 2845 ligeretur.
684 2753 754 2825 Sed
780 2754 902 2825 Ioanni
927 2754 974 2825 illi
999 2753 1131 2826 Maroni
1158 2758 1244 2825 inter
1269 2753 1500 2826 Antiochenos
1528 2755 1739 2827 Patriarchas
1765 2755 1860 2827 locus

489 2872 655 2959 assignari
681 2868 789 2940 nullus
815 2879 938 2963 potest,
964 2880 1000 2940 ut
1026 2869 1186 2960 singulari
1198 2870 1444 2942 Dissertatione
1471 2868 1684 2964 probabimus
1712 2893 1757 2941 ex
1775 2892 1860 2964 per-

489 2993 589 3079 petuo
626 2980 835 3055 Graecorum
871 2994 906 3053 et
939 2982 1148 3070 Latinorum,
1190 2986 1257 3056 imo
1297 2980 1342 3056 et'
1375 2984 1589 3057 Orientalium
1626 2988 1862 3079 cujuscumque

491 3107 606 3172 sectae
632 3098 772 3171 silentio.
801 3098 894 3183 Quos
921 3122 1006 3172 vero
1040 3102 1118 3169 citat
1142 3096 1364 3186 Echellensis,
1391 3110 1426 3171 et
1451 3102 1523 3191 ejus
1550 3103 1583 3170 in
1601 3099 1767 3173 Cathedra
1790 3098 1860 3169 lin-

491 3236 629 3305 guarum
658 3213 871 3285 Orientalium
898 3214 1028 3286 Romae
1055 3234 1235 3285 successor
1262 3225 1296 3285 et
1322 3215 1425 3286 allinIs
1452 3214 1596 3287 Faustus
1622 3213 1801 3303 Naironus,
1814 3211 1862 3284 illi

407 3388 410 3391 ,
439 3337 441 3341 ’
491 3326 644 3400 ommibus
670 3339 906 3423 praeterquam
931 3330 1104 3401 Maronitis
1131 3331 1236 3420 ignoti
1270 3340 1362 3417 sunt,
1393 3352 1457 3401 nec
1492 3327 1636 3400 obscura
1671 3327 1864 3424 praeferunt

490 3444 647 3515 novitads
681 3441 811 3515 indicIa.
871 3442 967 3515 Unde
1002 3442 1157 3515 fortassis
1192 3442 1332 3517 loannis
1373 3444 1460 3518 illius
1499 3445 1647 3517 Maronis
1678 3443 1864 3535 Liturgiam

490 3556 621 3630 Missali
645 3556 775 3629 Romae
803 3558 891 3629 edito
918 3581 986 3630 non
1012 3561 1231 3646 inseruerunt,
1259 3582 1344 3653 quae
1371 3570 1483 3631 tamen
1507 3565 1649 3632 caeteris
1677 3563 1707 3631 si
1733 3562 1862 3630 ualeam

491 3671 611 3744 Jacohi
638 3675 833 3767 excipimus,
859 3672 1082 3768 praeferenda
1109 3684 1191 3761 erat,
1218 3673 1319 3746 modo
1346 3674 1433 3746 illam
1462 3697 1559 3769 quam
1596 3685 1770 3769 tantopere
1801 3676 1879 3765 jas

492 3796 593 3873 etant,
620 3789 843 3880 antiquitatem
870 3787 1049 3861 habuisset.

595 3901 733 3973 XXVII
759 3902 886 3975 Verum
916 3914 1051 3998 praeter
1076 3902 1212 3975 codices
1246 3906 1398 3997 antiquos
1434 3903 1554 3978 mrdtos
1587 3926 1726 3999 quorum
1761 3914 1863 3975 auto·
1913 3926 2018 3980 orosae
2036 3929 2188 3981 noueoum

492 4019 589 4089 ritate
622 4015 791 4108 LiturgIas
825 4041 926 4112 supra
962 4028 1172 4091 enumeratas
1207 4017 1369 4091 Jacobitis
1411 4018 1638 4108 vindicamus,
1676 4019 1795 4090 multas
1830 4025 1864 4087 et
1877 4015 1935 4065 ¹
1878 4031 1936 4152 οἵ)
1937 4012 2092 4151 ἯἪΗ
2090 4011 2189 4165 grui*

377 4138 383 4148 “
491 4136 624 4204 noviter
659 4156 680 4203 a
713 4136 781 4205 suis
816 4132 1002 4206 hominihus
1047 4138 1251 4228 compositas
1284 4132 1359 4206 illos
1392 4131 1549 4205 hahuisse
1590 4143 1732 4206 testatur
1766 4142 1864 4204 autor
1894 4190 1980 4252 sym
1978 4182 2092 4233 W,
2093 4180 2189 4231 ,gu-,p

492 4248 693 4341 Anonymus
725 4270 746 4317 a
773 4247 975 4321 Combelisio
1003 4249 1130 4336 editus,
1163 4247 1205 4319 de
1239 4248 1381 4320 Haeresi
1414 4246 1661 4339 Jacobitarum,
1696 4250 1752 4342 qui
1780 4246 1893 4320 haece
1894 4271 2012 4335 ,epm
1999 4270 2095 4317 sema
2065 4286 2173 4332 septe
2144 4238 2220 4336 sni

493 4360 601 4432 habet
655 4363 765 4433 Aiunt
799 4367 901 4433 etiem
933 4364 1063 4435 iubere
1095 4386 1133 4435 sc
1166 4366 1398 4455 expositiones
1433 4363 1666 4455 Litnrqinrusn
1700 4355 1904 4453 diversas}¹
1907 4355 1989 4423 ΜΗ
1993 4372 2069 4409 ”⁶⁷¹
2072 4348 2119 4416 “⁶¹¹
2144 4369 2190 4406 ‘⁰⁶

489 4482 634 4569 praeter
666 4476 934 4551 Ecclesiasticus
969 4480 1182 4550 traditiones.
1236 4479 1285 4550 lta
1326 4476 1476 4550 Graecus
1512 4477 1631 4567 homo,
1665 4487 1697 4548 et
1735 4459 1911 4574 quidemJ,
1907 4441 2038 4577 σ”ζζψ
2042 4433 2123 4490 ”’”
2126 4454 2190 4503 ⁰⁶¹

494 4613 598 4663 vere:
626 4613 701 4661 cum
727 4614 812 4685 quae
840 4592 951 4664 auditu
977 4605 1101 4666 tantum
1128 4604 1316 4689 acceperat,
1343 4595 1425 4687 ipsis
1451 4592 1678 4665 Jacobitarum
1695 4590 1866 4664 codicibus
1896 4609 1953 4659 Aac
1954 4608 2042 4659 ceo.
2063 4606 2115 4660 1³1².
2131 4624 2191 4675 paq.

495 4706 739 4779 confirmentur.
798 4707 961 4780 Iudicium
987 4732 1072 4783 vero
1107 4709 1149 4782 de
1184 4708 1248 4781 illis
1275 4707 1453 4801 liturgiis,
1486 4712 1580 4802 quasi
1606 4706 1866 4781 Ecclesiasticae
1879 4694 1941 4745 ²⁶⁶·

495 4819 662 4891 traditioni
689 4826 873 4911 contrariis,
902 4847 1010 4919 aeque
1045 4823 1222 4897 absurdum
1257 4832 1327 4912 est,
1362 4847 1402 4895 ac
1434 4822 1513 4894 illud
1548 4822 1636 4917 quod
1669 4820 1867 4892 Theodorus

495 4933 675 5006 Balsamon
710 4935 751 5006 de
783 4936 902 5009 Jacohi
935 4948 970 5010 et
1002 4940 1109 5012 Marci
1143 4937 1284 5011 Graecis
1312 4939 1400 5028 tulit,
1434 4936 1647 5028 abrogandas
1681 4934 1755 5008 illas
1791 4939 1867 5029 quia

498 5046 863 5146 constantinopolitana
890 5052 1044 5126 EcclesIa
1072 5054 1136 5126 Illis
1162 5077 1231 5126 norr
1256 5063 1414 5153 uteretur..
1441 5053 1573 5125 Vocant
1600 5042 1728 5124 scilicet
1746 5048 1867 5123 Graeci

496 5162 768 5237 Ecclesiasticam
795 5165 1012 5262 disciplinam,
1041 5190 1135 5241 suam
1160 5172 1341 5265 propriam,
1373 5177 1508 5264 praeter
1543 5189 1641 5261 quam
1677 5167 1773 5237 aliam
1800 5189 1870 5240 non

497 5289 676 5353 noverunt.
704 5279 802 5364 Quod
827 5286 928 5376 igitur
953 5283 1153 5379 Anonymus
1180 5284 1236 5355 ille
1264 5284 1359 5375 dixit,
1385 5282 1550 5376 significat
1576 5281 1784 5358 solummodo
1802 5283 1870 5356 Ja-
