5150 6534
790 864 1091 942 lGNlel
1144 865 1684 959 nebulunculi,
1732 880 1781 940 uc.
1905 867 1981 942 500

606 1049 737 1144 legibus
766 1050 885 1124 divinis
912 1056 986 1141 tuis,
1015 1066 1048 1127 et
1073 1054 1256 1125 referemus
1285 1051 1342 1124 tibi
1360 1052 1503 1144 gloriam
1521 1064 1554 1125 et
1572 1052 1716 1140 laudem,
1743 1056 1980 1148 unigenitoque

606 1166 692 1238 Filio
721 1177 788 1254 tuo,
816 1178 850 1239 et
876 1168 1012 1262 Spiritui
1038 1179 1094 1241 tuo
1123 1172 1333 1240 sanctissimo
1361 1178 1393 1239 et
1421 1166 1521 1241 bono.

711 1282 873 1375 Populus.
926 1286 1046 1356 Amen.

712 1399 896 1470 Sacerdos.
950 1400 1033 1471 Pax.

712 1515 872 1608 Populus.
925 1515 1070 1587 Etcum
1098 1520 1213 1611 spiritu
1240 1528 1307 1586 tuo.

711 1630 898 1701 Diaconos.
952 1634 1018 1703 Det
1044 1655 1162 1727 pacem
1190 1636 1424 1726 unusquisque.

710 1746 893 1818 Sacerdos.
946 1747 1091 1818 Demitte
1118 1749 1291 1819 dexteram
1317 1757 1404 1818 tunm
1426 1747 1558 1843 plenem
1579 1748 1806 1819 misericordia
1823 1749 1978 1840 Domine,

607 1866 722 1958 quiin
749 1863 823 1933 altis
851 1862 979 1935 babitus
1007 1874 1040 1934 et
1067 1863 1198 1934 humilia
1233 1865 1395 1958 respicis,
1429 1873 1463 1934 et
1498 1862 1637 1934 benedic
1672 1868 1756 1934 istos
1792 1885 1912 1935 servos
1947 1876 1979 1936 et

609 1977 808 2051 adoratores
836 1989 923 2067 tuoe,
951 1983 1006 2073 qui
1032 2001 1118 2050 nunc
1145 1978 1248 2050 corde
1284 1982 1442 2065 contrito,
1479 1989 1512 2049 et
1545 2000 1618 2048 cum
1654 1982 1750 2049 animi
1779 1979 1978 2071 dejectione,

608 2093 696 2166 colla
725 2116 784 2165 sua
811 2094 1055 2166 inclinaverunt
1081 2116 1194 2167 eornm
1223 2094 1318 2165 altari
1346 2104 1402 2166 tuo
1430 2103 1564 2166 sancto:
1606 2104 1640 2164 et
1675 2103 1836 2165 staturum
1873 2100 1978 2190 spiri-

605 2210 726 2282 tualem
755 2214 935 2281 animarum
952 2214 1095 2283 omnium
1118 2221 1265 2282 nostrum
1294 2213 1348 2302 qui
1374 2212 1587 2281 incurvamur
1615 2208 1676 2280 sub
1705 2210 1863 2281 oneribus
1890 2235 1978 2303 gra-

605 2328 750 2398 vissimis
777 2326 1004 2421 peccatorum,
1033 2327 1195 2412 extende,
1224 2335 1257 2396 et
1284 2328 1379 2416 erige
1406 2348 1481 2395 eam
1508 2325 1643 2397 bruchio
1673 2334 1728 2397 tuo
1756 2325 1832 2396 sorti
1860 2337 1893 2398 et
1919 2332 1977 2397 in-

605 2439 741 2512 visibili:
778 2452 812 2512 ut
840 2441 881 2513 ad
907 2439 1126 2512 habitaculum
1160 2441 1238 2512 illud
1266 2440 1399 2512 beatum
1435 2440 1522 2511 unde
1556 2463 1617 2534 per
1652 2444 1794 2534 iniquam
1829 2452 1978 2512 nostram

604 2556 851 2629 inclinationem
878 2561 1010 2648 egressi
1037 2579 1168 2645 sumus,
1201 2568 1430 2646 revertamur,
1465 2560 1706 2649 veniamusque
1734 2566 1767 2626 et
1793 2555 1977 2628 habitemus

603 2671 935 2767 inperturbabiliter,
969 2684 1068 2766 utque
1102 2672 1284 2744 domestice
1312 2695 1409 2767 quam
1436 2675 1599 2762 maxime,
1633 2683 1667 2743 et
1700 2671 1885 2743 referemus
1920 2673 1977 2745 tibi

605 2788 761 2879 gloriam,
789 2799 851 2859 etc.

710 2903 870 2995 Populus.
924 2903 1043 2974 Amen.

708 3017 892 3090 Sacerdos.
946 3020 978 3091 A
1014 3032 1047 3091 te
1081 3022 1167 3089 enim
1193 3020 1295 3090 Pater
1321 3020 1487 3107 luminum,
1516 3032 1550 3091 et
1575 3022 1667 3092 Deus
1696 3025 1858 3107 veritatis,
1885 3026 1979 3092 venit

603 3141 638 3203 et
669 3132 738 3205 lluit
770 3156 869 3205 omne
904 3135 1025 3206 donum
1062 3133 1200 3219 bonum,
1235 3144 1268 3203 et
1294 3136 1494 3229 perlectum:
1528 3139 1583 3230 qui
1619 3159 1638 3206 a
1674 3140 1835 3231 principio
1870 3160 1976 3227 genus

601 3258 751 3322 nostrum
778 3249 953 3320 humanum
981 3273 1041 3345 per
1067 3253 1247 3342 potentiam
1283 3255 1465 3341 majestatis
1500 3263 1576 3322 tuae
1611 3276 1655 3323 ex
1691 3252 1791 3323 nihilo
1820 3252 1976 3337 eduxisti,

602 3362 817 3459 quodetiam
844 3367 1036 3456 magisterio
1066 3365 1195 3452 domus,
1224 3377 1256 3437 et
1283 3364 1453 3461 disciplina
1481 3366 1566 3457 legis
1594 3377 1670 3438 tuae
1697 3369 1808 3451 divina
1837 3370 1976 3456 ornasti,

603 3486 637 3550 et
662 3483 840 3569 instituisti,
868 3490 902 3551 ut
929 3504 994 3552 non
1021 3479 1233 3566 illiberaliter,
1262 3503 1325 3552 nec
1358 3494 1491 3577 praeter
1518 3493 1643 3554 rectam
1677 3505 1804 3553 morum
1838 3486 1976 3554 institu-

603 3594 765 3667 endorum
791 3594 941 3687 regulam
969 3607 1112 3666 mentem
1146 3600 1275 3667 tertiam
1310 3608 1540 3681 conservaret,
1567 3601 1599 3667 in
1628 3598 1785 3690 dignitate
1813 3598 1976 3670 mentibus

602 3710 739 3782 secundi
767 3712 892 3783 ordinis
920 3722 1141 3805 competente,
1170 3736 1256 3806 quae
1276 3718 1404 3809 primae
1418 3718 1535 3785 mentis
1550 3725 1626 3785 sunt
1642 3717 1822 3785 ministrae.
1850 3714 1976 3785 Vemm

603 3847 679 3897 cnm
705 3824 804 3898 homo
831 3826 981 3897 muliebri
1007 3826 1209 3922 palpatione,
1238 3828 1280 3899 ad
1308 3852 1348 3900 ea
1385 3852 1471 3923 quae
1503 3828 1589 3899 humi
1624 3841 1760 3925 serpunt
1795 3830 1976 3917 declinans,

602 3963 641 4015 se
677 3941 740 4015 illis
774 3942 1009 4039 implicuisset,
1044 3967 1111 4015 non
1147 3948 1327 4015 sustinuisti
1359 3955 1393 4015 ut
1427 3965 1510 4039 opus
1544 3968 1698 4016 manuum
1733 3956 1881 4033 tuarum,
1915 3967 1977 4040 per

600 4058 843 4156 improbitatem
877 4059 1042 4130 maledicti
1074 4060 1177 4147 iltius,
1219 4058 1416 4147 rebellaret,
1451 4059 1511 4130 sed
1545 4082 1667 4151 magno
1704 4082 1787 4150 erga
1823 4059 1975 4130 homines

602 4193 731 4262 amore,
757 4178 960 4265 unigenitum
987 4174 1105 4245 Filium
1133 4185 1221 4245 tuum
1250 4177 1364 4245 misisti
1390 4176 1621 4270 personaliter,
1649 4175 1690 4246 ad
1719 4175 1857 4246 salutem
1884 4179 1975 4246 ima-

603 4291 691 4382 ginis
718 4299 806 4361 tuae.
859 4289 968 4361 Etiam
996 4314 1041 4360 ex
1072 4289 1128 4361 illo
1161 4290 1357 4361 infirmitatis
1389 4290 1491 4362 exilio
1519 4293 1552 4361 in
1580 4311 1645 4383 quo
1670 4290 1805 4381 jacebat
1832 4290 1977 4361 eduxisti

601 4425 694 4477 eam:
728 4408 795 4478 imo
829 4410 1025 4477 concessisti
1060 4410 1091 4476 ei
1126 4428 1187 4501 per
1225 4409 1366 4497 gratiam
1405 4417 1492 4477 tuam
1529 4417 1564 4477 ut
1595 4405 1707 4477 divina
1741 4406 1852 4477 lieret:
1886 4405 1976 4499 quod

600 4519 752 4617 polliceri
779 4519 841 4593 sibi
867 4544 1029 4615 nusquam
1058 4545 1139 4593 ausa
1174 4521 1292 4594 suisset
1325 4531 1358 4591 'et
1391 4525 1583 4617 mysterium
1611 4520 1675 4592 boc
1702 4543 1856 4613 magnum
1884 4518 1974 4613 quod

602 4634 831 4710 absconditum
856 4636 966 4709 fuerat
993 4661 1011 4708 a
1040 4636 1202 4708 mentibus
1240 4640 1383 4708 omnium
1411 4641 1606 4731 quicumque
1632 4636 1710 4708 lacti
1738 4647 1824 4721 suut,
1852 4635 1973 4707 mundo

598 4752 771 4841 revelasti,
798 4775 859 4847 per
885 4755 1142 4824 incarnationem
1172 4751 1294 4823 Christi
1328 4756 1381 4823 tui.
1440 4753 1670 4849 Deprecamur
1696 4756 1808 4845 itaque
1834 4759 1867 4821 te
1894 4751 1974 4823 Do-

598 4870 688 4940 mine
712 4866 836 4939 multae
862 4867 1125 4956 misericordiae,
1151 4877 1280 4938 utnon
1307 4878 1444 4963 propter
1469 4872 1657 4963 iniquitates
1684 4879 1831 4953 nostras,
1858 4867 1973 4959 prives

598 5003 662 5058 nos
689 4965 920 5056 communione
954 4982 1071 5054 horum
1104 4986 1338 5076 mysteriorum
1375 4994 1564 5057 sanctorum
1598 4994 1632 5054 et
1663 4982 1878 5068 coelestium,
1911 4978 1977 5051 sed·

558 5107 562 5115 '
599 5097 751 5172 concede
777 5097 873 5171 nobis
887 5099 1028 5170 Domine
1054 5121 1115 5192 per
1142 5120 1257 5170 eornm
1275 5103 1532 5194 susceptionem,
1560 5097 1744 5170 custodiam
1761 5096 1973 5188 Angelieam,

599 5213 795 5288 nllluentiam
830 5213 1113 5299 benedictionum,
1149 5217 1350 5308 veniamque
1383 5216 1726 5315 praevaricationum,
1759 5222 1795 5282 ut
1826 5232 1910 5305 pure
1939 5218 1980 5279 et·

599 5325 688 5401 laete
714 5328 899 5405 referemus
927 5330 985 5403 tibi
1014 5330 1166 5422 gloriam,
1194 5341 1257 5428 etc.
1863 5325 1868 5334 ’

1685 5444 1768 5519 tr*
