5150 6534
885 856 1346 936 osssnlvlllo
1743 857 1816 932 133

441 1046 482 1109 sit
504 1044 660 1107 successio
677 1043 917 1106 Patriaroharnm
930 1042 1198 1119 Antiochenorum,
1220 1040 1314 1104 multo
1337 1040 1433 1121 magis
1457 1040 1692 1117 Catholicorum,
1716 1043 1753 1105 de
1778 1060 1816 1104 eo

442 1144 515 1207 nillil
542 1142 630 1205 nobis
659 1141 816 1205 dicendum
845 1142 992 1222 suppetit,
1022 1141 1081 1202 nisi
1109 1158 1166 1221 per
1193 1142 1407 1221 conjecturam.
1452 1138 1542 1201 Extat
1571 1141 1602 1200 in
1631 1140 1817 1203 Bibliotheca

441 1242 538 1326 Regia
551 1240 658 1304 Codex
670 1240 832 1316 Arabicus,
853 1258 912 1320 qno
928 1240 1120 1301 continentur
1142 1257 1299 1300 sermones
1315 1238 1411 1300 Ethici
1426 1235 1571 1299 Simeonis
1595 1238 1743 1316 lilonachi,
1765 1238 1817 1300 hlii
1925 1253 1928 1258 ·

439 1338 547 1415 Khalil,
569 1339 761 1419 scriptusque
783 1345 906 1401 notatur
923 1355 1001 1400 anno
1023 1335 1209 1400 Graecorum
1224 1335 1478 1400 dccccxcvii.
1499 1336 1527 1397 J.
1546 1337 1580 1399 C.
1597 1337 1814 1400 nblxxatlv.

441 1456 508 1499 eum
532 1443 615 1500 esset
632 1444 700 1498 tunc
717 1436 888 1498 Patriarcha
903 1436 1121 1513 Antiochenns,
1144 1436 1209 1497 Mar
1229 1436 1373 1516 ignatius,
1396 1437 1576 1517 cognomine
1594 1438 1700 1499 baoud
1716 1436 1814 1500 Chah:

439 1536 569 1616 hlolrian
591 1537 657 1598 sive
681 1534 855 1598 Catholicus
879 1534 1011 1597 Orientis
1024 1531 1090 1596 Mar
1104 1534 1242 1610 Basilius,
1267 1535 1449 1616 cognomine
1472 1534 1599 1597 Filatns:
1623 1537 1816 1618 llletropolita

441 1635 648 1712 Hierusalem,
681 1632 848 1716 Gregorius
878 1634 1106 1715 cognominatus
1136 1632 1274 1696 Karkari.
1325 1632 1355 1693 ls
1387 1634 1478 1713 igitur
1508 1635 1648 1713 quoniam
1680 1641 1816 1713 tempora

441 1733 642 1807 conveniunt,
672 1733 770 1813 potuit
798 1751 838 1793 ex
868 1731 1060 1812 Metropolita
1089 1730 1362 1813 Hierosolymitano
1398 1730 1435 1792 ad
1466 1730 1613 1793 Catholici
1642 1732 1817 1814 dignitatem

442 1833 631 1912 promoveri,
654 1849 732 1912 quae
754 1831 894 1910 superior
916 1839 964 1893 est
985 1831 1016 1893 in
1037 1830 1174 1894 Ecclesia
1198 1830 1364 1891 Jacobitica
1376 1828 1515 1911 Syriaca:
1540 1830 1571 1892 in
1594 1850 1652 1911 qua
1675 1832 1815 1909 maximo,

440 1946 501 1991 non
533 1930 630 1992 minus
658 1948 746 2009 quam
768 1928 846 2009 apud
869 1926 1022 2007 Graecos,
1045 1937 1183 1993 veterum
1212 1929 1367 1991 Canobum
1396 1936 1569 2004 contemtu,
1603 1929 1815 1991 translationes

442 2027 663 2107 Episcopornm
686 2046 704 2089 a
726 2025 825 2088 multis
848 2027 976 2089 saeculis
1000 2027 1259 2107 frequentissimae
1282 2035 1361 2090 sunt.

531 2122 630 2187 Causa
653 2143 732 2205 quae
756 2133 890 2187 autorem
913 2127 1014 2205 movit,
1038 2134 1070 2188 nt
1091 2127 1197 2189 Jacohi
1219 2126 1384 2208 Liturgiam
1406 2126 1437 2187 in
1460 2127 1669 2207 compendium
1692 2135 1817 2189 contra-

443 2223 542 2300 heret,
565 2226 694 2285 servatis
718 2223 903 2286 orationibus
926 2227 1117 2303 necessariis,
1142 2226 1217 2287 haec
1240 2226 1426 2305 potissimum
1448 2224 1541 2287 luisse
1564 2223 1691 2286 videtur.
1715 2226 1816 2288 Variis

443 2322 665 2385 Ecclesiastieis
688 2320 957 2386 Constitutionibas
981 2331 1039 2384 tam
1062 2323 1141 2404 apud
1165 2323 1271 2404 Syros,
1302 2342 1389 2403 quam
1413 2324 1491 2403 apud
1514 2322 1738 2386 Alexandrinos
1760 2323 1815 2385 Ja-

444 2422 560 2483 cobitas
593 2420 791 2501 praecipitur,
836 2429 868 2482 nt
903 2423 932 2482 in
962 2424 1157 2484 sacramentis
1192 2421 1431 2484 administrandis
1459 2423 1595 2503 Liturgia
1626 2422 1813 2486 celebretur:

444 2535 545 2601 neque
567 2517 659 2581 ullum
683 2535 780 2599 prope
802 2527 851 2581 est
874 2519 953 2599 quod
976 2520 1089 2601 absque
1111 2520 1247 2601 Liturgia
1270 2520 1330 2582 hat.
1365 2520 1438 2582 Cum
1461 2538 1535 2583 vero
1558 2521 1609 2582 illa
1631 2521 1689 2581 ritu
1703 2520 1815 2584 Orien·
1924 2508 1928 2512 ’

443 2619 495 2680 tali
519 2620 591 2681 satis
613 2618 732 2699 prolixa
755 2620 808 2696 sit,
838 2619 869 2679 in
892 2618 1043 2699 Baptismo
1067 2621 1264 2699 praesertim,
1295 2621 1345 2699 qui
1369 2620 1539 2700 aegrotanti
1564 2626 1614 2680 aut
1636 2621 1813 2685 moribundo
1852 2610 1853 2613 ¹

443 2718 548 2779 inlanti
571 2716 842 2794 administraretur,
873 2716 1012 2779 accidere
1042 2724 1178 2799 poterat,
1212 2725 1245 2779 ut
1273 2718 1449 2799 prinsquam
1479 2736 1584 2792 omnes
1608 2720 1760 2781 orationes
1784 2727 1815 2784 et

444 2816 653 2878 caeremoniae
684 2813 918 2896 perficerentur,
948 2824 1118 2878 moreretur
1147 2816 1353 2897 baptisandus.
1411 2816 1443 2878 ln
1471 2835 1509 2881 eo
1532 2817 1668 2898 periculo
1691 2822 1815 2897 praeci-

443 2917 526 2996 pitnr
537 2913 751 2977 Sacerdotibus
772 2921 806 2976 ut
827 2932 937 2995 preces
960 2915 1067 2977 multas
1091 2915 1236 2993 omittant,
1261 2916 1450 2977 necessarias
1472 2923 1585 2978 tantum
1608 2918 1815 2998 pronuncient.

445 3013 540 3075 Tanta
561 3029 655 3093 porro
680 3018 727 3074 est
748 3011 925 3093 plerumque
948 3013 1144 3077 Sacerdotem
1166 3012 1363 3076 Orientalium
1391 3015 1556 3095 imperitia,
1586 3024 1619 3077 ut
1648 3016 1677 3076 in
1701 3017 1818 3078 oratio-

443 3129 514 3174 num
536 3112 657 3176 delectu
678 3109 741 3174 salli
762 3113 900 3194 graviter
921 3114 1054 3193 possint;
1085 3132 1141 3175 nec
1169 3113 1267 3175 minor
1289 3111 1448 3175 multorum
1472 3115 1637 3180 temeritas.
1682 3114 1816 3175 Vidimus

444 3212 524 3273 enim
546 3211 676 3275 Codices
699 3210 812 3290 aliquot
833 3210 1022 3293 Liturgieos,
1054 3210 1091 3273 ab
1122 3212 1196 3292 ipsis
1228 3210 1417 3291 descriptos,
1448 3212 1479 3272 in
1508 3213 1617 3292 quibus
1641 3212 1817 3274 addiderant

444 3317 477 3372 et
497 3312 682 3374 sustulerant
704 3308 806 3371 multa:
833 3316 863 3371 et
886 3310 975 3372 talem
997 3312 1260 3372 consarcinaverat
1283 3308 1432 3372 Sacerdos
1455 3309 1572 3391 quidam
1589 3310 1817 3390 Mesopotame-

443 3426 500 3471 nus
523 3407 713 3485 dbdelahad,
741 3407 807 3469 sive
835 3407 1026 3486 Dominiens‚
1056 3411 1106 3489 qui
1128 3410 1264 3472 Lutetiae
1294 3409 1344 3470 diu
1372 3410 1447 3469 vixit
1469 3415 1500 3470 et
1522 3408 1601 3470 diem
1623 3427 1708 3470 suum
1732 3410 1815 3471 obiit.

443 3507 518 3570 lllud
540 3526 616 3570 vero
640 3505 810 3585 exemplar,
841 3506 921 3587 qnod
943 3507 1183 3572 Eminentissimo
1207 3505 1357 3570 Cardinali
1379 3505 1619 3586 Archiepiscopo
1643 3507 1814 3582 Parisiensi,
1926 3547 1929 3554 s

443 3613 583 3688 tanquam
611 3605 736 3667 lormam
765 3605 919 3688 Liturgiae
949 3604 1109 3668 Orientalis
1138 3605 1261 3683 obtulit,
1293 3624 1392 3685 neque
1422 3622 1488 3666 curn
1519 3604 1591 3666 Mss.
1620 3623 1719 3684 neque
1750 3621 1817 3665 cum

443 3703 576 3768 Romana
590 3704 722 3767 editione
735 3704 952 3767 consentiebat.
983 3704 1103 3767 hiemini
1117 3722 1237 3785 quoqne
1252 3702 1348 3765 Ellam
1364 3702 1601 3786 Bagdadensem,
1625 3721 1714 3783 quem
1726 3704 1817 3764 toties

442 3802 589 3867 Ricardus
612 3802 714 3865 Simon
737 3803 909 3882 loquentem
933 3802 1055 3880 inducit,
1078 3821 1146 3865 cum
1168 3803 1333 3884 Liturgiam
1357 3800 1527 3864 celebraret
1550 3822 1590 3864 ex
1612 3802 1726 3863 llissali
1748 3801 1817 3863 lla-

442 3903 591 3980 ronitico,
615 3901 671 3963 tria
693 3900 743 3962 vel
765 3907 896 3981 quatuor
918 3899 989 3963 lolia
1011 3902 1221 3981 praeteriisse:
1251 3900 1508 3979 respondisseque
1530 3901 1617 3978 mihi,
1640 3899 1752 3962 iecisse
1776 3900 1816 3976 id,

442 4019 483 4062 ne
512 3999 669 4082 prolixitas
699 4000 868 4062 orationum
897 3999 997 4062 taedio
1026 4006 1109 4063 esset
1140 3998 1410 4061 circumstantibus.
1456 3999 1581 4060 Videtur
1611 3999 1712 4078 itaque
1736 3999 1818 4059 Gre-

443 4100 549 4182 gorius
573 4099 652 4161 edita
674 4095 807 4159 breviori
829 4097 973 4178 Liturgia,
997 4105 1028 4160 et
1049 4098 1214 4178 imperitiae
1237 4105 1268 4159 et
1291 4098 1449 4158 temeritati
1472 4096 1668 4160 Sacerdotnm
1692 4094 1819 4158 consul-

443 4204 509 4259 tum
530 4197 679 4259 voluisse:
701 4195 850 4258 laudando
873 4197 1108 4260 saneconsilio.

532 4293 607 4357 Cum
628 4310 703 4358 vero
725 4294 776 4355 illa
800 4296 953 4357 contineat
975 4313 1085 4375 preces
1108 4302 1138 4357 et
1167 4294 1374 4356 caeremonias
1405 4310 1509 4355 omnes
1539 4294 1748 4370 necessarias,
1779 4312 1820 4355 ex
1858 4284 1861 4291 ’

442 4392 503 4455 uiri
524 4394 575 4475 qni
597 4393 759 4456 secundam
773 4395 803 4456 in
818 4392 1236 4455 Patriarehatnlacobitarum
1252 4389 1442 4453 Antiocheno
1466 4391 1640 4474 dignitatem
1663 4391 1819 4454 obtinebat

443 4492 609 4567 sententia,
639 4491 729 4573 quale
751 4491 790 4554 de
811 4491 947 4573 partibus
969 4492 1123 4573 Liturgiae
1142 4491 1285 4573 judicium
1308 4489 1388 4551 illius
1412 4489 1501 4568 soret,
1526 4491 1594 4553 binc
1616 4490 1687 4552 licet
1710 4492 1819 4552 existi-

442 4606 537 4651 mare.
582 4589 685 4671 ltaque
714 4590 809 4653 verba
839 4589 951 4653 Christi
980 4589 1222 4667 sacramentalia,
1253 4607 1314 4650 non
1345 4590 1441 4651 minus
1472 4607 1560 4668 quam
1583 4590 1818 4664 invocationem,

442 4688 619 4750 necessaria
636 4688 798 4769 judicavit,
821 4707 921 4769 neque
944 4706 982 4750 ea
1004 4688 1184 4769 compendio
1208 4686 1344 4764 tradidit,
1368 4694 1399 4748 nt
1422 4688 1452 4748 in
1476 4688 1651 4766 quibusdam
1674 4687 1818 4766 Liturgiis

443 4783 556 4847 iactum
584 4784 737 4866 videmus,
771 4803 832 4867 quo
863 4806 903 4849 ex
926 4788 998 4848 sitio
1020 4786 1098 4848 idem
1122 4785 1251 4848 Critious
1275 4784 1398 4867 probari
1421 4786 1562 4864 credidit,
1593 4787 1688 4867 Syros
1711 4785 1818 4847 eodem

444 4900 554 4946 errore
582 4880 738 4965 laborare,
769 4902 859 4966 quem
882 4884 1007 4947 Graecis
1034 4885 1255 4948 recentioribus
1277 4885 1430 4966 impingit,
1462 4903 1502 4946 ex
1524 4884 1644 4966 vulgari
1666 4885 1818 4964 opinione.

443 4980 633 5064 Agnoscitnr
653 5000 777 5065 quoque
800 4984 870 5064 qnid
893 4983 932 5046 de
954 4984 1146 5047 invocatione
1161 4983 1289 5064 Spiritus
1312 4984 1408 5045 sancti
1430 4982 1570 5060 sentiant,
1595 5000 1662 5044 cnm
1684 4990 1819 5043 veterem

443 5099 524 5162 qnae
546 5080 577 5141 in
599 5080 737 5144 omnibus
761 5080 924 5146 Codioibus
953 5083 1168 5163 cujuscumque
1196 5081 1320 5163 linguae
1349 5080 1398 5143 vel
1428 5082 1503 5143 ritus
1534 5082 1712 5158 lectionem,
1742 5080 1819 5142 haec

441 5177 580 5260 Liturgia
601 5188 825 5258 repraesentet:
849 5180 921 5261 quid
943 5180 1031 5244 etiam
1054 5181 1206 5243 senserint
1228 5180 1266 5243 de
1283 5178 1468 5246 verbotttt'tt
1483 5180 1565 5260 quod
1578 5178 1820 5242 estGraecorum

442 5263 616 5359 ἀναδείξῃ,
639 5292 707 5338 cum
728 5277 801 5341 illud
824 5282 1031 5360 expresserint
1052 5297 1110 5360 per
1132 5290 1212 5354 natu
1231 5278 1346 5358 faciat,
1376 5276 1490 5359 efficiet
1509 5264 1642 5361 ποιήσῃ,
1664 5276 1817 5358 loquendo

1532 5392 1615 5467 20*
