5150 6534
593 812 669 904 4432
1093 829 1449 909 bll'llllGltl

697 1016 871 1090 Sacerdos
901 1017 1091 1089 iudicatae.
1119 1017 1286 1112 ·Suscipe
1310 1016 1492 1089 clementer
1515 1039 1580 1114 per
1602 1023 1862 1092 ‘amorem'tuun'n
1878 1029 1958 1111 erga

593 1134 759 1222 homines,
785 1136 947 1224 Domine,
974 1131 1201 1228 quodcumque
1229 1132 1363 1207 ollertur
1388 1136 1513 1206 nomini
1538 1143 1595 1207 tuo
1621 1155 1744 1225 magno
1770 1140 1806 1203 et
1831 1141 1959 1221 sancta

595 1249 713 1322 abliis
738 1249 913 1321 Ecclesiae
947 1258 1025 1321 tuae
1057 1251 1090 1320 in
1125 1251 1214 1322 votis
1247 1258 1282 1320 et
1317 1248 1469 1321 decimis:
1500 1252 1541 1322 iis
1574 1253 1673 1323 etiam
1705 1250 1761 1346 qui
1792 1244 1959 1343 postulant

495 1449 499 1460 Ι
595 1369 764 1438 orationes
791 1365 1010 1438 Sacerdotem
1035 1375 1184 1454 tuorum,
1210 1364 1360 1438 concede
1388 1368 1563 1460 petitiones
1590 1384 1679 1439 suas.

697 1481 847 1553 Eteoaoo
888 1502 1013 1553 uocem.
1065 1481 1188 1569 Reate,
1214 1483 1269 1576 qui
1295 1502 1380 1552 vere
1404 1480 1512 1552 bonus
1538 1502 1594 1569 es,
1618 1478 1698 1552 *fons
1722 1476 1960 1569 bonitatis,-et

533 1627 535 1629 ·
594 1595 733 1688 largitor
758 1600 906 1688 gratim,
939 1595 1100 1685 Domine;
1136 1603 1314 1691 eapropter
1338 1598 1479 1690 petimus
1506 1619 1526 1668 a
1551 1605 1603 1684 te,
1629 1597 1763 1690 suscipe
1790 1594 1959 1691 depressa*

594 1717 701 1786 tiones
728 1712 841 1810 populi
867 1716 928 1785 tui:
956 1712 1077 1784 exaudi
1103 1714 1274 1785 orationes
1306 1710 1482 1786 Ecclesiae
1514 1722 1606 1800 tuae;
1636 1710 1805 1807 responde
1837 1721 1957 1806 postu-

595 1827 771 1902 lationibus
797 1832 912 1921 gregis
939 1831 1002 1916 tui;
1028 1850 1130 1923 parce
1157 1838 1191 1899 et
1220 1831 1382 1900 miserere
1411 1825 1663 1923 peccatoribus,
1695 1835 1731 1898 et
1762 1827 1959 1922 insipienter

597 1942 791 2036 agentibus,
829 1948 946 2036 egenis
984 1952 1019 2014 et
1051 1946 1256 2038 peregrinis,
1292 1947 1464 2039 oppressis
1500 1954 1535 2015 et
1565 1946 1717 2035 injuriam
1748 1939 1958 2037 patientibm,

597 2058 746 2132 omnibus
772 2059 835 2133 illis
862 2062 917 2153 qui
949 2062 1120 2150 angustias
1157 2069 1213 2132 aut
1247 2063 1512 2156 persecutionem
1543 2061 1728 2153 patiuntur,
1762 2066 1800 2132 et
1830 2059 1872 2129 iis
1904 2059 1957 2153 qui

596 2175 739 2250 diversis
780 2173 1013 2248 tentabonibus
1053 2174 1298 2265 conflictantem
1325 2187 1359 2248 et
1392 2173 1577 2247 referemus
1608 2172 1667 2247 tibi
1700 2171 1862 2265 gloriam,
1896 2193 1960 2245 uos

597 2313 712 2365 omnes
738 2314 804 2363 una
828 2314 917 2364 voce
942 2290 1092 2388 profecta
1119 2315 1166 2364 ex
1192 2292 1294 2366 corde
1321 2295 1456 2382 intimo,
1492 2291 1653 2387 simtrlque
1681 2288 1767 2361 Filio
1796 2298 1853 2361 tuo
1879 2292 1959 2360 uni-¹

597 2409 729 2497 genito,
755 2417 789 2479 et
814 2408 950 2503 Spiritui
975 2418 1032 2479 tuo
1059 2419 1185 2482 sancto.

699 2522 860 2616 Populos.
911 2523 1030 2595 Amen.
1509 2607 1511 2616 Ι
1914 2568 1917 2570 Α

699 2636 872 2711 Sacerdos
907 2639 1096 2712 iactiaatae.
1148 2640 1299 2712 Dextera
1335 2662 1502 2714 conserva
1545 2661 1609 2736 per
1645 2636 1817 2713 brachium
1859 2646 1957 2723 turum,

596 2753 759 2842 Domine,
784 2753 941 2850 populum
965 2764 1055 2826 mum
1081 2754 1230 2844 fidelem,
1258 2755 1300 2829 ab
1329 2754 1480 2829 omnibus
1506 2755 1750 2843 tentationibus,
1779 2761 1814 2824 et
1828 2752 1957 2825 adver-

598 2867 767 2960 sitatibus,
805 2880 840 2942 et
874 2869 1022 2943 concede
1062 2875 1121 2943 toti
1156 2872 1277 2944 mundo
1318 2881 1469 2968 tempora
1502 2870 1602 2968 plena
1636 2870 1785 2964 gaudiis:
1818 2867 1958 2948 amobe

597 2987 680 3056 vero
716 3006 863 3057 coronae
889 2989 965 3057 anni
990 3008 1052 3080 per
1076 2988 1219 3078 gratiam
1244 2996 1343 3059 tuam

698 3100 872 3174 Sacerdos
897 3100 1035 3172 cloacae
1066 3124 1192 3173 uocem.
1244 3105 1352 3176 Dator
1377 3105 1521 3175 omnium
1547 3100 1745 3173 auxiliorum
1778 3100 1894 3190 nobis,
1925 3112 1958 3174 tn

597 3238 634 3287 es
661 3215 771 3306 solus,
804 3228 839 3289 et
868 3216 1009 3309 largitor
1043 3221 1225 3308 uictoriae,
1260 3221 1469 3314 omnipotens
1501 3217 1594 3289 Deus
1627 3225 1742 3289 noster
1775 3213 1956 3306 adorande,

596 3332 747 3406 omnibns
773 3335 813 3405 iis
841 3336 895 3428 qui
921 3333 1061 3406 adorant
1085 3345 1138 3421 te,
1165 3338 1280 3430 etqui
1306 3358 1390 3408 vere
1417 3345 1451 3406 te
1478 3334 1624 3427 diligunt.
1677 3336 1784 3427 Igitur
1814 3333 1905 3430 apud
1927 3342 1958 3405 te

596 3448 795 3540 clamamus,
820 3460 857 3521 ut
881 3460 1018 3546 propter
1043 3449 1205 3523 beneficia
1231 3459 1266 3522 et
1292 3473 1427 3523 munera
1454 3462 1522 3539 tua,
1548 3450 1825 3542 glorificationem
1842 3455 1956 3522 actea

596 3585 671 3636 nam
706 3564 888 3638 referamus
927 3565 1004 3656 tibi,
1039 3576 1072 3638 et
1105 3566 1191 3638 Filio
1225 3575 1282 3639 tuo
1320 3569 1508 3658 unigenito,
1544 3577 1578 3638 et
1609 3566 1744 3661 Spiritui
1781 3575 1839 3638 tuo
1875 3588 1955 3639 san-

597 3683 753 3752 ctissimo.

699 3796 860 3890 Populos.
913 3799 1031 3871 Amen.

699 3912 872 3984 Sacerdos
904 3913 1093 3984 iocltaotau
1148 3910 1455 3986 Commemorantes
1482 3936 1595 3986 coram
1621 3923 1673 4002 te,
1698 3912 1865 4003 Domine,
1890 3933 1956 3983 no-

597 4030 685 4100 mina
718 4029 932 4119 Sanctorum,
974 4032 1029 4123 qui
1070 4028 1216 4100 moribus
1257 4032 1325 4102 suis
1364 4030 1422 4102 tibi
1463 4030 1673 4126 placuerunt,
1707 4028 1956 4131 Prophetarum

597 4144 850 4238 Apostolorum,
892 4146 1075 4217 Doctorum
1119 4143 1409 4230 orthodoxorum,
1454 4145 1655 4241 Martyrum,
1705 4144 1955 4233 Confessorum,

598 4263 805 4356 omniumque
838 4265 966 4356 piorum
1007 4269 1039 4331 et
1069 4264 1251 4352 justorum:
1283 4284 1344 4357 per
1377 4264 1547 4333 orationes
1581 4284 1698 4333 eorum
1730 4265 1894 4356 petimus,
1923 4269 1956 4331 ut

597 4375 762 4471 postulata
789 4377 955 4449 concedas
981 4376 1104 4471 populo
1132 4388 1198 4449 tuo.

700 4492 849 4563 fflcoaas
879 4483 1027 4564 oocems
1056 4491 1127 4564 llos
1160 4514 1276 4566 omnes
1312 4496 1367 4586 qui
1400 4490 1594 4587 placuenmt
1627 4491 1707 4582 tibi,
1741 4495 1955 4567 sanctimonia

598 4631 725 4680 morum
752 4631 902 4681 suorum:
930 4621 1132 4697 sanctorum,
1160 4612 1216 4704 qui
1242 4609 1435 4680 sanctificati
1462 4618 1537 4681 sunt
1562 4630 1623 4704 per
1647 4611 1853 4681 sanctitatem
1874 4630 1955 4704 quae

598 4734 676 4796 ate
708 4735 776 4815 est,
807 4726 964 4809 Domine,
1001 4747 1295 4798 commemoramus
1330 4724 1395 4797 hoc
1427 4733 1592 4818 tempore:
1626 4735 1660 4796 ut
1692 4745 1754 4820 per
1790 4726 1955 4795 orationes

599 4861 732 4929 eorum,
758 4850 911 4935 praestes
938 4842 1048 4930 nobis,
1074 4850 1110 4911 ut
1134 4843 1286 4932 vestigiis
1315 4863 1430 4912 comm
1456 4843 1655 4928 insistamus,
1682 4848 1716 4909 et
1728 4860 1817 4911 nunc
1834 4861 1955 4933 quam

598 4952 652 5024 diu
678 4976 779 5049 super
805 4965 926 5027 terram
953 4957 1119 5050 degimus,
1146 4967 1267 5029 terram
1295 4965 1328 5027 et
1353 4968 1486 5029 terrena
1501 4956 1737 5051 relinquamus,
1763 4958 1956 5051 etspiritum

598 5090 790 5163 sequamur,
811 5070 979 5143 moribus
1018 5073 1197 5145 secundum
1241 5076 1395 5146 virtutem
1435 5076 1588 5147 institutis
1631 5093 1884 5159 assuescamus,
1923 5081 1956 5142 et

597 5183 775 5279 splendore
799 5186 918 5258 lucenti
945 5189 1077 5282 spiritus
1103 5211 1325 5276 exornemur,
1352 5190 1559 5285 vocibusque
1586 5187 1809 5286 spiritualibus
1823 5208 1955 5262 oremus

597 5309 645 5387 te,
672 5300 795 5396 Spiritu
821 5313 937 5375 orante
962 5325 1024 5400 pro
1055 5303 1173 5396 nobis,
1209 5309 1346 5380 canticis
1381 5306 1670 5394 inenarrabilibus,
1705 5303 1955 5401 referamosque
