5150 6534
947 851 1001 927 lh
1031 850 1319 930 titubetis
1352 850 1620 930 sibilans,
1910 851 1963 927 89

600 1035 732 1102 Severus
753 1034 1038 1114 Aschmoninensis,
1068 1036 1166 1099 Autor
1187 1031 1380 1103 Homlliarum
1408 1035 1446 1099 de
1475 1035 1596 1099 Circnlo
1627 1035 1711 1114 anni,
1742 1034 1850 1102 etalii
1877 1054 1964 1099 com-

598 1136 713 1219 plures,
736 1152 862 1216 quornm
891 1134 962 1197 alibi
991 1136 1160 1198 testimonia
1182 1134 1355 1211 retulimus,
1390 1134 1429 1197 de
1462 1153 1589 1217 quorum
1618 1134 1802 1217 theologica
1829 1135 1964 1215 mysterii

599 1236 800 1317 expositione,
823 1253 900 1315 quae
923 1232 1032 1297 loanni
1055 1234 1241 1297 Damasceno
1270 1241 1415 1314 usurpata
1437 1233 1504 1313 init,
1527 1236 1586 1297 erit
1608 1233 1767 1315 aliqnando
1797 1232 1892 1296 lusius
1914 1235 1964 1296 di-

600 1334 687 1398 cendi
707 1335 803 1398 locus.
838 1333 898 1396 Sed
920 1333 1134 1414 significantius
1157 1332 1216 1393 dici
1237 1332 1309 1394 nihil
1332 1350 1435 1414 posse,
1459 1335 1496 1397 ad
1517 1335 1677 1397 veritatem
1699 1334 1838 1411 eorporis
1854 1333 1966 1396 Christi

599 1434 630 1495 in
656 1433 842 1496 Eucharistia
873 1433 1043 1513 praesentis
1072 1431 1278 1494 stabiliendam
1315 1451 1431 1514 negare
1459 1451 1547 1495 nemo
1576 1433 1681 1514 possit.
1728 1430 1775 1493 Ex
1805 1430 1855 1495 illa
1885 1434 1963 1495 enim

600 1534 825 1614 comparatione
860 1532 996 1613 sequitur
1033 1532 1207 1594 necessario
1240 1532 1319 1612 dona
1348 1532 1521 1612 proposita,
1565 1550 1621 1612 per
1650 1530 1809 1592 adventum
1837 1530 1964 1610 Spiritus

600 1634 707 1710 sancti,
730 1634 795 1694 sive
819 1630 1096 1692 consecrationem:
1119 1637 1178 1691 tam
1201 1648 1271 1691 esse
1288 1647 1400 1710 corpus
1414 1629 1536 1708 Christi,
1560 1648 1647 1711 quam
1670 1628 1742 1690 illud
1766 1631 1862 1709 ipsum
1884 1628 1966 1709 quod

599 1732 739 1793 assumsit
761 1749 801 1792 ex
822 1729 916 1791 blaria
939 1728 1080 1811 Virgine:
1110 1728 1317 1791 formationem
1339 1728 1419 1789 illius
1441 1729 1472 1790 in
1494 1730 1591 1806 altari,
1615 1736 1646 1790 et
1668 1728 1747 1790 inter
1770 1727 1966 1791 Sacerdotum

600 1848 714 1905 manns,
737 1847 835 1910 aeque
856 1847 959 1890 veram
982 1846 1063 1905 esse,
1087 1845 1123 1889 ac
1146 1827 1224 1890 illam
1248 1845 1325 1908 quae
1348 1828 1378 1888 in
1401 1834 1488 1890 utero
1508 1827 1641 1909 Virginis
1662 1826 1741 1888 lacta
1764 1835 1826 1888 est:
1849 1834 1967 1888 utram-

516 1952 519 1956 ·
600 1944 659 2008 qne
689 1947 746 2009 per
773 1929 1006 2009 omnipotentem
1041 1928 1248 2007 operationem
1280 1925 1389 1989 factam
1423 1944 1509 1989 esse:
1545 1928 1668 2008 primam
1698 1926 1807 2003 semel,
1842 1926 1967 1989 alteram

600 2028 735 2106 quotidie
757 2027 824 2091 lieri
846 2025 981 2089 eredunt.
1026 2025 1063 2087 Ut
1085 2043 1160 2088 vero
1184 2026 1322 2108 Angelus
1353 2027 1468 2107 Virgini
1498 2025 1710 2108 interroganti:
1739 2026 1888 2106 quomodo
1915 2026 1967 2087 liet

599 2125 706 2187 istud?
734 2128 775 2189 ita
805 2144 925 2208 qnoque
958 2125 1144 2205 respondent
1175 2125 1213 2210 de
1247 2132 1329 2187 tanto
1365 2124 1508 2188 miraculo
1545 2125 1762 2204 dubitantibus,
1796 2125 1966 2188 Orientales

602 2223 762 2307 Theologi,
785 2224 928 2306 Spiritum
950 2232 1085 2285 sanctum
1107 2225 1307 2304 supervenire
1337 2233 1368 2287 et
1391 2225 1555 2287 mirabilem
1578 2225 1655 2287 illam
1678 2226 1871 2287 mutationem
1900 2224 1967 2286 elli-

603 2340 692 2399 cere,
714 2344 780 2388 enm
803 2326 867 2387 Deo
891 2323 962 2385 nihil
985 2322 1169 2402 impossibile
1191 2324 1238 2385 sit.

690 2422 830 2504 Sequitur
843 2423 1042 2485 invocationis
1056 2421 1182 2483 lormula
1198 2410 1320 2506 ἁγιάσῃ
1330 2418 1384 2484 καὶ
1396 2409 1517 2506 ποιήσῃ
1528 2410 1585 2484 τὸν
1597 2418 1656 2500 μὲν
1668 2411 1765 2507 ἄρτον
1776 2417 1900 2498 τοῦτον,
1908 2428 1966 2483 etc.

601 2520 776 2602 Sanctificet
803 2532 833 2585 et
851 2523 959 2603 faciat,
982 2529 1038 2583 etc.
1083 2521 1115 2582 ln
1144 2521 1269 2601 Syriaco
1299 2520 1411 2584 Codice
1439 2520 1553 2602 duplex
1574 2522 1665 2584 lectio
1689 2524 1827 2584 occurrit
1871 2520 1967 2583 Prima
2024 2594 2028 2603 .

602 2639 689 2702 quam
719 2621 852 2685 Romana
879 2622 970 2685 editio
998 2628 1209 2699 repraesentat
1235 2627 1299 2687 ΜΠ
1325 2601 1427 2687 arar&
1445 2632 1522 2686 arnt
1544 2622 1679 2699 ἀιιίγιιιι
1704 2623 1878 2703 mysterium
1898 2620 1966 2697 boe,

602 2719 719 2783 Graece
743 2723 859 2800 melius,
882 2709 1037 2801 α’ναδείξῃ
1059 2718 1157 2783 τοῦτο
1178 2708 1217 2780 τὰ
1245 2707 1440 2803 μυστήριον,
1471 2737 1548 2800 quae
1579 2737 1640 2781 vox
1662 2726 1826 2799 usurpatur
1852 2719 1884 2780 in
1913 2717 1968 2779 Li-

600 2821 701 2901 turgia
723 2820 839 2883 Graeca
861 2819 972 2896 Basilii,
996 2814 1050 2879 ιιαὶ
1079 2806 1256 2902 εὐλογῆσαι
1287 2806 1373 2880 αὐτοὶ
1395 2814 1516 2902 (δῶρα)
1550 2812 1606 2879 καὶ
1634 2804 1805 2896 ἀναδεῖξαι
1833 2807 1968 2894 τὸνμὲν

603 2906 716 3003 ὅσιον,
739 2929 796 2983 etc.
819 2921 888 3001 Syri
910 2936 1016 2981 vocem
1038 2916 1119 2977 illam
1141 2926 1173 2979 nt
1195 2918 1302 2979 multas
1328 2917 1403 2980 alias
1426 2917 1558 2980 Graecas
1581 2916 1776 2998 rigidiuseule
1799 2934 1967 2999 expresse-

603 3026 689 3095 runt,
729 3036 857 3099 cumque
892 3005 1115 3079 ιῖναδεικιῦναι
1150 3019 1323 3092 ostendere,
1357 3018 1580 3091 dernorwtrare,
1614 3018 1773 3097 σιιιῃιισιε
1809 3016 1968 3099 significet,

603 3116 739 3196 ejusdem
761 3116 918 3197 potestatis
941 3134 1047 3178 vocem
1069 3124 1301 3195 usurpaverunt.
1324 3115 1366 3177 Ar
1388 3134 1455 3177 cum
1477 3115 1536 3177 boc
1558 3115 1626 3177 loco
1650 3103 1874 3180 ἆνασεικνῦναι
1889 3114 1969 3175 idern

603 3234 673 3278 esse
704 3235 743 3277 ex
772 3214 872 3277 Basilii
900 3215 1035 3296 Liturgia
1066 3223 1181 3277 certum
1212 3216 1262 3294 sit,
1292 3234 1328 3276 ae
1359 3201 1511 3298 ἁγιάσαι,
1549 3222 1579 3276 et
1605 3202 1797 3298 εὐλογῆσαι,
1828 3223 1859 3276 et
1888 3212 1968 3293 apud

602 3313 736 3377 Antores
760 3318 898 3396 antiquos
921 3315 1025 3376 eadem
1048 3314 1275 3395 significatione,
1299 3333 1361 3377 vox
1383 3313 1433 3376 illa
1464 3314 1551 3378 obvia
1574 3316 1629 3390 sit,
1659 3332 1717 3375 non
1740 3321 1786 3376 est
1808 3315 1897 3376 aliter
1918 3314 1968 3374 in-

603 3414 778 3496 telligenda.
830 3413 915 3487 Quod
946 3415 972 3475 si
1001 3411 1177 3475 dubitationi
1205 3413 1290 3476 locus
1318 3422 1416 3490 esset,
1446 3414 1574 3476 dilueret
1601 3434 1666 3475 enm
1696 3413 1814 3494 penitus
1844 3410 1968 3472 aliorum

603 3514 783 3594 optimorum
806 3513 1019 3593 exemplarium
1030 3512 1122 3573 lectio
1145 3522 1209 3579 tatii
1227 3495 1341 3579 snnhb
1360 3524 1439 3587 ‘tutti
1453 3514 1673 3593 tactmpcnem
1688 3515 1787 3590 iatum,
1811 3520 1866 3575 etc.
1890 3530 1968 3592 quae

605 3620 689 3674 extat
709 3613 739 3674 in
762 3611 875 3674 Codice
898 3611 1072 3674 Colbertino
1094 3612 1334 3690 membranaceo,
1358 3616 1389 3675 in
1403 3613 1586 3689 Florentino,
1610 3620 1641 3674 et
1665 3614 1693 3674 in
1716 3611 1815 3673 multis
1837 3611 1914 3688 aliis,
1938 3617 1968 3673 et

604 3690 716 3799 qbnrro
735 3718 919 3786 hommutet,
941 3712 970 3771 in
994 3710 1151 3791 aliquibus,
1175 3718 1207 3772 ut
1228 3711 1360 3775 Nestorii
1376 3720 1406 3773 et
1428 3712 1567 3773 Dioscuri
1590 3710 1751 3792 Gordyaei.
1786 3711 1846 3774 Sed
1868 3728 1968 3790 neque

602 3810 857 3889 praetereundum
885 3809 1021 3889 videtur,
1056 3811 1257 3874 lnvocationis
1295 3811 1436 3886 lormam,
1473 3810 1570 3891 qualis
1600 3812 1630 3872 in
1663 3810 1777 3874 blissali
1807 3810 1968 3872 Chaldaico

603 3906 715 3971 Romae
738 3909 817 3971 edita
840 3917 897 3985 est,
919 3909 1143 3991 integerrimam
1167 3929 1247 3987 esse,
1271 3928 1338 3972 cum
1353 3911 1488 3991 reliquae
1513 3928 1627 3986 omnes,
1651 3929 1689 3972 eo
1712 3928 1772 3989 quo
1795 3911 1865 3972 alibi
1887 3910 1969 3972 dixi-

602 4026 668 4070 mus
692 4008 791 4085 modo,
814 4007 1012 4087 interpolatae
1034 4010 1102 4070 sint.
1147 4006 1180 4068 ln
1201 4008 1280 4072 blss.
1311 4009 1471 4072 Codicibus
1496 4011 1591 4072 oratio
1615 4009 1683 4086 illa,
1714 4019 1747 4072 nt
1775 4014 1805 4073 in
1834 4012 1890 4073 ista
1913 4009 1969 4071 Ja-

604 4094 842 4185 cobi,'Graeeis,
867 4105 1011 4188 Copticis,
1034 4106 1234 4184 Nestorianis,
1263 4116 1518 4188 repraesentatur.
1563 4108 1713 4171 Lectionis
1735 4110 1916 4172 relormatae
1938 4111 1968 4170 in

602 4204 746 4288 Liturgiis
777 4205 864 4268 editis
895 4226 931 4269 ea
958 4208 1106 4268 sententia
1136 4214 1193 4283 est,
1217 4216 1249 4269 ut
1271 4227 1392 4288 panem,
1423 4209 1473 4287 qui
1503 4215 1550 4269 est
1579 4226 1689 4288 corpus
1720 4206 1846 4285 Christi,
1880 4207 1970 4269 saciat

603 4305 752 4386 prodesse
775 4304 1007 4387 suscipientibus
1030 4305 1067 4366 ad
1089 4307 1298 4369 remissionem
1319 4313 1522 4387 peecatorum,
1547 4315 1577 4368 et
1599 4308 1690 4369 vitam
1713 4316 1876 4370 aeternam.

608 4441 611 4449 ·
692 4405 777 4477 Quae
800 4403 837 4466 ad
859 4403 938 4465 illam
961 4404 1166 4484 quaestionem
1189 4405 1323 4483 attinent,
1347 4406 1419 4467 satis
1440 4407 1589 4485 explicata
1612 4414 1682 4467 sunt
1704 4408 1733 4466 in
1748 4405 1969 4467 Commentario
2017 4431 2226 4485 ostentationes
2243 4433 2292 4486 h„

605 4502 641 4565 ad
663 4502 766 4565 Basilii
789 4503 963 4585 liturgiam,
986 4510 1019 4565 ut
1040 4502 1126 4583 plura
1150 4504 1253 4566 dicere
1283 4502 1411 4566 necesse
1433 4522 1494 4567 non
1516 4508 1574 4584 sit,
1605 4524 1671 4568 cum
1701 4504 1807 4565 eadem
1829 4506 1868 4566 sit
1890 4506 1968 4585 apud
1982 4520 2098 4570 oratione
2116 4522 2248 4575 sententie.

605 4599 774 4664 Orientales
798 4620 911 4681 omnes,
935 4610 967 4664 nt
990 4600 1124 4666 Graecos
1148 4606 1235 4666 etiam
1259 4604 1464 4683 Orthodoxos,
1487 4604 1687 4667 lnvocationis
1703 4603 1808 4680 lorma,
1832 4603 1969 4683 illiusque
2208 4632 2210 4635 ·

604 4702 850 4778 pronunciandae
873 4702 1038 4782 disciplina.
1063 4701 1095 4765 ln
1118 4703 1166 4765 illa
1189 4703 1327 4765 haeresin
1348 4704 1453 4781 latere,
1476 4723 1598 4786 semper
1620 4706 1847 4787 ignoraverunt,
1869 4719 1968 4782 neque

604 4797 643 4860 de
666 4801 882 4863 controversiis
905 4818 983 4881 quae
1005 4801 1174 4864 Florentiae
1197 4802 1235 4864 de
1257 4803 1315 4864 hoe
1344 4813 1520 4884 argumento
1544 4807 1674 4887 agitatae
1698 4811 1784 4878 sunt,
1814 4800 1864 4861 vel
1891 4798 1970 4862 lama

604 4896 642 4958 ad
665 4915 719 4960 eos
740 4899 889 4979 pervenit.
923 4898 1013 4960 Nulla
1035 4900 1230 4972 Orientalium
1251 4901 1452 4983 Liturgiarum
1475 4911 1534 4965 tam
1556 4921 1666 4965 reeens
1689 4909 1745 4978 est,
1769 4915 1846 4979 quae
1869 4899 1969 4960 multis

604 4998 703 5075 annis,
726 4999 784 5061 imo
815 5006 846 5060 et
868 4997 997 5060 saeculis
1019 5017 1080 5062 non
1103 5001 1141 5061 sit
1165 5000 1321 5077 Cabasila,
1350 5010 1401 5064 aut
1428 5002 1532 5064 blanco
1560 5002 1691 5082 Ephesio
1722 5000 1880 5080 antiquior.
1932 4999 1970 5060 Ut

605 5094 725 5174 Graeci,
750 5097 998 5160 Turrecrematae
1028 5099 1211 5179 syllogismis
1241 5099 1430 5162 traditionem
1460 5102 1616 5163 Ecclesiae
1646 5117 1719 5161 suae
1750 5105 1968 5179 opposuerunt,

604 5210 663 5255 nee
684 5195 741 5258 alia
764 5196 939 5260 defensione
961 5198 1009 5259 usi
1031 5205 1111 5275 sunt,
1134 5198 1174 5258 ita
1195 5197 1233 5258 de
1248 5197 1450 5261 Orientalibus
1472 5200 1530 5261 dici
1545 5206 1655 5280 potest,
1679 5199 1729 5278 qui
1752 5199 1844 5260 verba
1859 5196 1968 5260 Christi

604 5309 676 5355 esse
697 5296 820 5375 inutilia,
843 5302 893 5357 aut
915 5296 1112 5359 consecrandi
1134 5297 1193 5358 vim
1217 5296 1327 5359 nullam
1350 5298 1472 5377 habere,
1496 5316 1647 5380 nunquam
1670 5299 1894 5382 cogitaverunt:
1916 5296 1968 5359 ln·
