5150 6534
1205 784 1360 860 294
1617 786 1978 866 munem
2027 784 2383 865 moscom
2429 784 2957 865 mannam
2994 787 3527 888 mmmm

1413 973 1784 1049 Sacerdos.
1887 974 2041 1047 Pax
2088 970 2291 1047 vobis
2342 971 2669 1070 omnibus.

1354 1145 1362 1158 .
1413 1091 1735 1186 Populus.
1838 1087 1928 1162 Et
1978 1110 2149 1164 mm
2178 1087 2429 1184 Spiritu
2478 1100 2616 1162 tuo.

1408 1211 1788 1282 Diaconus.
1895 1202 2133 1302 capita
2184 1215 2417 1278 nostra
2465 1204 2879 1301 inclinemus.

1409 1324 1731 1417 Populus.
1837 1318 2080 1394 Coram
2131 1330 2201 1393 te
2251 1322 2559 1394 Domine.
3659 1369 3662 1374 ι
3711 1370 3715 1372 »

1407 1439 1777 1511 Sacerdos.
1883 1436 2133 1511 Coram
2187 1440 2486 1533 potentia
2535 1436 2965 1529 benignitatis
3013 1448 3172 1510 tuae
3219 1436 3557 1530 Domine,
3597 1460 3758 1533 cum
3803 1437 3951 1533 lm-

1203 1557 1338 1630 mili
1394 1556 1794 1627 demissione
1846 1555 2105 1626 animae
2157 1563 2225 1625 et
2275 1556 2585 1648 corporis
2636 1550 2930 1625 inclinati
2980 1556 3168 1628 servi
3216 1557 3349 1643 tui,
3415 1579 3458 1627 a
3522 1554 3950 1647 benignitate

1200 1683 1313 1745 tua
1384 1674 1668 1766 petimus
1736 1671 2006 1741 veniam
2057 1668 2444 1741 delictorum
2499 1678 2570 1740 et
2619 1665 3078 1742 remissionem
3128 1680 3613 1766 peccatorum.
3654 1669 3949 1744 Sanos-

1199 1790 1324 1861 fica
1387 1810 1512 1859 nos
1576 1806 1809 1859 omnes
1875 1787 2226 1858 sanctitate
2290 1783 2595 1880 perfecta
2661 1807 2838 1879 quae
2901 1807 2944 1857 a
3005 1794 3080 1857 te
3124 1795 3268 1874 est,
3319 1795 3403 1859 et
3464 1784 3947 1870 benedictione
4075 1843 4087 1862 .

1148 1917 1155 1923 ’
1198 1904 1310 1977 illa
1365 1901 1799 1991 inamissibili,
1850 1901 2043 1974 simul
2094 1922 2328 1973 omnes
2377 1897 2876 1988 benedicamur,
2926 1909 3001 1973 ut
3026 1905 3435 1998 susceptioni
3460 1905 3950 1997 mysteriorum

1198 2000 1670 2091 vivificantium
1741 2026 1972 2089 sancte
2037 2019 2633 2104 communicemus,
2706 2019 2858 2111 quia
2928 2026 2998 2089 tu
3070 2017 3431 2110 benignus,
3467 2013 3579 2109 es,
3642 2028 3719 2091 et
3766 2017 3947 2102 ⁴fons

1199 2134 1284 2208 ub
1293 2138 1570 2207 errimus
1633 2132 2164 2206 benedictionum
2178 2185 2202 2222 ,
2252 2132 2665 2226 largitorque
2716 2134 3004 2206 omnium
3054 2130 3409 2226 bonorum,
3462 2133 3716 2229 tibique
3766 2133 3947 2228 glo-

1198 2256 1363 2323 riam
1418 2248 1795 2338 referimus,
1848 2259 1917 2320 et
1967 2252 2323 2340 unigenito·
2360 2246 2534 2320 Filio
2587 2259 2741 2338 tuo,
2793 2260 2863 2321 et
2911 2248 3185 2344 Spiritui
3239 2259 3351 2324 tuo
3407 2253 3861 2324 sanctissimo.

1405 2365 1772 2437 Sacerdos.
1875 2365 2028 2436 Pax
2074 2361 2276 2436 vobis
2329 2363 2657 2436 omnibus,

1405 2480 1728 2574 Populus.
1828 2478 1919 2551 Et
1969 2501 2115 2551 cum
2170 2482 2401 2575 spiritu
2455 2489 2590 2550 tuo.

1403 2598 1767 2669 Sacerdos.
1871 2594 2057 2667 Unus
2109 2595 2312 2667 Pater
2363 2605 2653 2668 sanctus.

1402 2713 1776 2785 Diaconus.
1885 2709 2053 2782 Cum
2105 2713 2361 2782 timore.

1402 2828 1768 2899 Sacerdos.
1873 2827 2121 2899 Sancta
2175 2829 2443 2899 sanctis.

1399 2944 1770 3016 Diaconos.
1875 2943 2142 3018 Stemus
2195 2942 2530 3015 decenter.

1797 3234 2167 3308 Sacerdos.
2277 3225 2520 3306 Oratio
2571 3199 2954 3328 gratiarum
3005 3237 3318 3306 actionis.
3439 3241 3442 3242 *
3494 3213 3514 3231 ‘

1399 3423 1665 3496 Gratias
1737 3426 1995 3517 agimus
2066 3422 2507 3496 abundantiae
2575 3420 2889 3496 bonitatis
2958 3437 3106 3497 tuae
3170 3425 3491 3510 Damius,
3556 3425 3933 3513 laudamus,

1189 3553 1258 3614 et
1309 3539 1682 3614 exaltamus
1734 3550 1840 3629 te,
1909 3551 1979 3611 et
2041 3562 2281 3612 vocem
2338 3538 2840 3632 glorificationis
2894 3541 3322 3613 indesinentis
3378 3541 3491 3609 tihi
3547 3537 3927 3625 referimffi,

1190 3658 1368 3753 quod
1418 3656 1614 3729 nobis
1666 3655 1912 3751 pelago
1966 3666 2393 3751 peccatorum
2442 3658 2808 3744 immersis,
2874 3678 2998 3751 per
3062 3661 3547 3753 susceptionem
3619 3657 3923 3749 corporis

1190 3784 1258 3845 et
1310 3775 1648 3864 sanguinis
1700 3774 2019 3864 unigeniti
2068 3772 2218 3843 Filii
2269 3775 2398 3861 tui,
2463 3770 2950 3844 mundationem
3006 3772 3358 3869 nonnulisti.
3467 3773 3567 3841 Ne
3623 3773 3687 3841 in
3731 3770 3923 3862 judi-

1189 3895 1398 3978 cium,
1463 3898 1575 3960 aut
1637 3887 2120 3960 damnationem
2187 3884 2382 3960 nohis
2452 3887 2609 3959 fiant
2662 3890 2729 3957 in
2799 3886 2908 3958 illa
2971 3886 3077 3958 die
3140 3909 3269 3981 qua
3334 3881 3686 3980 unicuique
3750 3905 3923 3981 opus

1189 4026 1380 4076 suum
1430 4002 1859 4075 retribueturt
1914 4002 2035 4074 sed
2089 4025 2128 4073 a
2183 4001 2488 4094 gehenna
2538 4023 2665 4097 per
2715 4003 3176 4074 miserationes
3226 4011 3375 4075 tuas
3426 4004 3809 4098 eripiamur,
3857 4010 3926 4073 et

1189 4120 1273 4191 ad
1324 4140 1621 4191 mensam
1673 4128 1848 4189 tuam
1901 4117 2347 4213 spiritualem,
2412 4120 2478 4188 in
2543 4138 2757 4208 regno
2827 4128 2939 4190 tuo
2994 4140 3143 4189 cum
3196 4120 3443 4191 sanctis
3494 4119 3626 4191 tuis
3675 4115 3923 4212 epule-

1188 4258 1369 4307 mur:
1424 4257 1548 4330 per
1600 4238 1919 4327 gratiam,
1971 4236 2471 4320 miserationes,
2527 4242 2596 4304 et
2648 4255 2942 4305 amorem
2995 4244 3172 4306 tuum
3229 4256 3394 4327 erga
3447 4230 3789 4323 homines,
3855 4239 3927 4302 et

1186 4353 1507 4443 unigeniti
1559 4350 1709 4421 Filii
1761 4352 1875 4436 tui,
1929 4359 1997 4420 et
2033 4349 2318 4445 Spiritus
2369 4351 2464 4420 tui
2517 4352 2732 4421 sancti
2786 4358 2853 4421 et
2901 4348 3083 4422 boni.

1267 4471 1275 4484 '
1394 4465 1762 4537 Sacerdos.
1866 4464 2016 4537 Pax
2065 4462 2266 4539 vohis
2319 4461 2645 4535 omnibus.

1394 4582 1716 4676 Populus.
1823 4581 1910 4653 Et
1961 4605 2110 4653 cum
2163 4583 2395 4675 spiritu
2448 4590 2583 4651 tuo.

1393 4699 1767 4770 Diaconus.
1872 4698 2036 4771 Post
2087 4699 2606 4792 susceptionem,
2660 4706 2784 4768 etc.

1393 4813 1713 4907 Populus.
1821 4814 2070 4888 Coram
2122 4823 2189 4884 te
2240 4811 2550 4884 Domine.

1394 4929 1760 5001 Sacerdos.
1865 4928 2123 5002 Lumen
2188 4926 2272 5000 de
2338 4927 2615 5018 lumine,
2688 4939 2756 5000 et
2805 4927 2991 5002 Deus
3056 4928 3142 5000 de
3203 4928 3354 5000 Deo
3420 4929 3531 5023 qui
3593 4925 3930 5002 inclinasti

1140 5048 1143 5053 ’
1186 5043 1420 5117 coelos
1488 5057 1758 5119 sanctos
1819 5055 2009 5137 tuos,
2077 5057 2146 5117 et
2207 5048 2274 5116 in
2343 5052 2588 5116 terram
2668 5066 2899 5117 amore
2963 5042 3296 5117 hominum
3366 5039 3774 5117 descendisti
3836 5043 3929 5116 ad

1187 5159 1466 5232 salutem
1529 5164 1860 5234 universi:
1932 5161 2222 5234 extende
2288 5160 2635 5232 dexteram
2702 5171 2878 5232 tuam
2943 5162 3458 5255 omnipotentem
3475 5211 3500 5256 ,
3563 5168 3633 5231 et
3699 5160 3932 5232 emitte

1187 5296 1388 5370 super
1456 5299 1686 5349 omnes
1751 5299 1877 5350 nos
1946 5276 2444 5349 henedictiones
2513 5285 2698 5349 tuas:
2778 5275 3114 5349 sanctifica
3186 5278 3440 5350 animas
3499 5283 3782 5349 -nosu-as
3856 5285 3934 5349 et
