<?xml version="1.0" encoding="UTF-8"?>
<!DOCTYPE html PUBLIC "-//W3C//DTD XHTML 1.0 Transitional//EN"
    "http://www.w3.org/TR/xhtml1/DTD/xhtml1-transitional.dtd">
<html xmlns="http://www.w3.org/1999/xhtml" xml:lang="en" lang="en">
 <head>
  <title>
</title>
<meta http-equiv="Content-Type" content="text/html;charset=utf-8" />
  <meta name='ocr-system' content='tesseract 3.04.00' />
  <meta name='ocr-capabilities' content='ocr_page ocr_carea ocr_par ocr_line ocrx_word'/>
</head>
<body>
  <div class='ocr_page' id='page_1' title='image "./liturgiarumorie00renagoog_0596.png"; bbox 0 0 5150 6534; ppageno 0'>
   <div class='ocr_carea' id='block_1_1' title="bbox 506 862 1607 948">
    <p class='ocr_par' dir='ltr' id='par_1_1' title="bbox 506 862 1607 948">
     <span class='ocr_line' id='line_1_1' title="bbox 506 862 1607 948; baseline -0.006 0"><span class='ocrx_word' id='word_1_1' title='bbox 506 942 509 948; x_wconf 91' lang='grc'>,</span> <span class='ocrx_word' id='word_1_2' title='bbox 623 865 699 940; x_wconf 82' lang='grc'><strong>558</strong></span> <span class='ocrx_word' id='word_1_3' title='bbox 997 862 1607 942; x_wconf 80' lang='lat' dir='ltr'><strong>uusuuvlutuuus</strong></span> 
     </span>
    </p>
   </div>
   <div class='ocr_carea' id='block_1_2' title="bbox 544 1046 2002 3698">
    <p class='ocr_par' dir='ltr' id='par_1_2' title="bbox 544 1046 2001 1524">
     <span class='ocr_line' id='line_1_2' title="bbox 621 1046 2001 1132; baseline -0.001 -20"><span class='ocrx_word' id='word_1_4' title='bbox 621 1056 753 1132; x_wconf 89' lang='lat' dir='ltr'><strong>poterat,</strong></span> <span class='ocrx_word' id='word_1_5' title='bbox 776 1068 844 1112; x_wconf 90' lang='lat' dir='ltr'><strong>cum</strong></span> <span class='ocrx_word' id='word_1_6' title='bbox 866 1049 964 1112; x_wconf 89' lang='lat' dir='ltr'><strong>multis</strong></span> <span class='ocrx_word' id='word_1_7' title='bbox 988 1049 1018 1111; x_wconf 93' lang='lat' dir='ltr'><strong>in</strong></span> <span class='ocrx_word' id='word_1_8' title='bbox 1041 1048 1117 1111; x_wconf 91' lang='lat' dir='ltr'><strong>locis</strong></span> <span class='ocrx_word' id='word_1_9' title='bbox 1141 1048 1298 1130; x_wconf 90' lang='lat' dir='ltr'><strong>exemplar</strong></span> <span class='ocrx_word' id='word_1_10' title='bbox 1320 1047 1460 1111; x_wconf 90' lang='lat' dir='ltr'><strong>detritum</strong></span> <span class='ocrx_word' id='word_1_11' title='bbox 1483 1054 1634 1110; x_wconf 84' lang='lat' dir='ltr'><strong>vetustate</strong></span> <span class='ocrx_word' id='word_1_12' title='bbox 1656 1046 1747 1129; x_wconf 81' lang='grc'>10001,</span> <span class='ocrx_word' id='word_1_13' title='bbox 1769 1069 1828 1113; x_wconf 88' lang='grc'><strong>000</strong></span> <span class='ocrx_word' id='word_1_14' title='bbox 1843 1049 1906 1132; x_wconf 82' lang='lat' dir='ltr'><strong>legi</strong></span> <span class='ocrx_word' id='word_1_15' title='bbox 1921 1068 2001 1130; x_wconf 92' lang='lat' dir='ltr'><strong>pos-</strong></span> 
     </span>
     <span class='ocr_line' id='line_1_3' title="bbox 621 1145 2000 1230; baseline -0.001 -18"><span class='ocrx_word' id='word_1_16' title='bbox 621 1157 678 1212; x_wconf 84' lang='lat' dir='ltr'><strong>set·</strong></span> <span class='ocrx_word' id='word_1_17' title='bbox 724 1149 813 1222; x_wconf 87' lang='lat' dir='ltr'><strong>Quod</strong></span> <span class='ocrx_word' id='word_1_18' title='bbox 843 1155 1019 1230; x_wconf 78' lang='lat' dir='ltr'><strong>supererat,</strong></span> <span class='ocrx_word' id='word_1_19' title='bbox 1049 1149 1081 1208; x_wconf 92' lang='lat' dir='ltr'><strong>in</strong></span> <span class='ocrx_word' id='word_1_20' title='bbox 1112 1148 1207 1211; x_wconf 82' lang='lat' dir='ltr'><strong>forma</strong></span> <span class='ocrx_word' id='word_1_21' title='bbox 1237 1146 1440 1210; x_wconf 84' lang='lat' dir='ltr'><strong>luvocationis</strong></span> <span class='ocrx_word' id='word_1_22' title='bbox 1473 1145 1601 1227; x_wconf 74' lang='lat' dir='ltr'>Spiritus</span> <span class='ocrx_word' id='word_1_23' title='bbox 1632 1149 1747 1226; x_wconf 86' lang='lat' dir='ltr'><strong>sancti,</strong></span> <span class='ocrx_word' id='word_1_24' title='bbox 1777 1157 1807 1212; x_wconf 92' lang='lat' dir='ltr'><strong>et</strong></span> <span class='ocrx_word' id='word_1_25' title='bbox 1836 1149 2000 1212; x_wconf 87' lang='lat' dir='ltr'><strong>verborum</strong></span> 
     </span>
     <span class='ocr_line' id='line_1_4' title="bbox 544 1245 2001 1328; baseline -0.001 -17"><span class='ocrx_word' id='word_1_26' title='bbox 544 1311 548 1319; x_wconf 80' lang='grc'>,</span> <span class='ocrx_word' id='word_1_27' title='bbox 622 1247 734 1311; x_wconf 87' lang='lat' dir='ltr'><strong>Gbristi</strong></span> <span class='ocrx_word' id='word_1_28' title='bbox 755 1249 931 1311; x_wconf 88' lang='lat' dir='ltr'><strong>varietatem</strong></span> <span class='ocrx_word' id='word_1_29' title='bbox 961 1247 1100 1310; x_wconf 88' lang='lat' dir='ltr'><strong>lectionis</strong></span> <span class='ocrx_word' id='word_1_30' title='bbox 1129 1247 1354 1320; x_wconf 65' lang='lat' dir='ltr'><strong>annotavimus,</strong></span> <span class='ocrx_word' id='word_1_31' title='bbox 1383 1246 1413 1306; x_wconf 93' lang='lat' dir='ltr'><strong>in</strong></span> <span class='ocrx_word' id='word_1_32' title='bbox 1443 1245 1569 1326; x_wconf 89' lang='lat' dir='ltr'><strong>reliquis</strong></span> <span class='ocrx_word' id='word_1_33' title='bbox 1598 1245 1701 1324; x_wconf 89' lang='lat' dir='ltr'><strong>inutile</strong></span> <span class='ocrx_word' id='word_1_34' title='bbox 1731 1265 1857 1328; x_wconf 89' lang='lat' dir='ltr'><strong>prorsus</strong></span> <span class='ocrx_word' id='word_1_35' title='bbox 1884 1246 2001 1310; x_wconf 83' lang='lat' dir='ltr'><strong>fuisset</strong></span> 
     </span>
     <span class='ocr_line' id='line_1_5' title="bbox 620 1343 2000 1427; baseline -0.001 -17"><span class='ocrx_word' id='word_1_36' title='bbox 620 1348 665 1411; x_wconf 89' lang='lat' dir='ltr'><strong>Ea</strong></span> <span class='ocrx_word' id='word_1_37' title='bbox 695 1356 741 1410; x_wconf 88' lang='lat' dir='ltr'><strong>est</strong></span> <span class='ocrx_word' id='word_1_38' title='bbox 774 1348 853 1410; x_wconf 89' lang='lat' dir='ltr'><strong>enim</strong></span> <span class='ocrx_word' id='word_1_39' title='bbox 883 1347 1075 1410; x_wconf 83' lang='lat' dir='ltr'><strong>librariorum</strong></span> <span class='ocrx_word' id='word_1_40' title='bbox 1104 1344 1302 1408; x_wconf 77' lang='lat' dir='ltr'><strong>Orientalium</strong></span> <span class='ocrx_word' id='word_1_41' title='bbox 1330 1344 1517 1427; x_wconf 71' lang='lat' dir='ltr'><strong>indiligentia</strong></span> <span class='ocrx_word' id='word_1_42' title='bbox 1546 1344 1576 1405; x_wconf 94' lang='lat' dir='ltr'><strong>in</strong></span> <span class='ocrx_word' id='word_1_43' title='bbox 1602 1343 1810 1408; x_wconf 89' lang='lat' dir='ltr'><strong>describendis</strong></span> <span class='ocrx_word' id='word_1_44' title='bbox 1833 1345 2000 1425; x_wconf 88' lang='lat' dir='ltr'><strong>codicibus,</strong></span> 
     </span>
     <span class='ocr_line' id='line_1_6' title="bbox 622 1442 1848 1524; baseline 0 -16"><span class='ocrx_word' id='word_1_45' title='bbox 622 1455 654 1508; x_wconf 91' lang='lat' dir='ltr'><strong>ut</strong></span> <span class='ocrx_word' id='word_1_46' title='bbox 675 1454 809 1523; x_wconf 90' lang='lat' dir='ltr'><strong>mutare,</strong></span> <span class='ocrx_word' id='word_1_47' title='bbox 832 1444 963 1522; x_wconf 86' lang='lat' dir='ltr'><strong>addere,</strong></span> <span class='ocrx_word' id='word_1_48' title='bbox 986 1445 1110 1507; x_wconf 89' lang='lat' dir='ltr'><strong>demere</strong></span> <span class='ocrx_word' id='word_1_49' title='bbox 1133 1443 1276 1524; x_wconf 86' lang='lat' dir='ltr'><strong>quidquid</strong></span> <span class='ocrx_word' id='word_1_50' title='bbox 1299 1443 1423 1505; x_wconf 89' lang='lat' dir='ltr'><strong>lubitum</strong></span> <span class='ocrx_word' id='word_1_51' title='bbox 1447 1450 1511 1520; x_wconf 86' lang='lat' dir='ltr'><strong>est,</strong></span> <span class='ocrx_word' id='word_1_52' title='bbox 1536 1442 1610 1522; x_wconf 90' lang='lat' dir='ltr'><strong>ipsis</strong></span> <span class='ocrx_word' id='word_1_53' title='bbox 1632 1442 1778 1508; x_wconf 78' lang='lat' dir='ltr'><strong>familiare</strong></span> <span class='ocrx_word' id='word_1_54' title='bbox 1800 1447 1848 1510; x_wconf 90' lang='lat' dir='ltr'><strong>sit.</strong></span> 
     </span>
    </p>

    <p class='ocr_par' dir='ltr' id='par_1_3' title="bbox 620 1540 2002 3009">
     <span class='ocr_line' id='line_1_7' title="bbox 709 1540 2001 1626; baseline 0.001 -21"><span class='ocrx_word' id='word_1_55' title='bbox 709 1543 896 1606; x_wconf 83' lang='lat' dir='ltr'><strong>Existimavit</strong></span> <span class='ocrx_word' id='word_1_56' title='bbox 911 1561 1004 1626; x_wconf 92' lang='lat' dir='ltr'><strong>porro</strong></span> <span class='ocrx_word' id='word_1_57' title='bbox 1024 1543 1137 1605; x_wconf 82' lang='lat' dir='ltr'><strong>Masius</strong></span> <span class='ocrx_word' id='word_1_58' title='bbox 1150 1542 1315 1626; x_wconf 79' lang='lat' dir='ltr'><strong>liturgiam</strong></span> <span class='ocrx_word' id='word_1_59' title='bbox 1338 1542 1417 1604; x_wconf 90' lang='lat' dir='ltr'><strong>illam</strong></span> <span class='ocrx_word' id='word_1_60' title='bbox 1440 1560 1535 1620; x_wconf 91' lang='lat' dir='ltr'><strong>suam,</strong></span> <span class='ocrx_word' id='word_1_61' title='bbox 1552 1540 1668 1604; x_wconf 89' lang='lat' dir='ltr'><strong>Graeca</strong></span> <span class='ocrx_word' id='word_1_62' title='bbox 1684 1561 1763 1623; x_wconf 83' lang='lat' dir='ltr'><strong>quae</strong></span> <span class='ocrx_word' id='word_1_63' title='bbox 1774 1541 1877 1607; x_wconf 80' lang='lat' dir='ltr'><strong>basilii</strong></span> <span class='ocrx_word' id='word_1_64' title='bbox 1891 1561 2001 1606; x_wconf 89' lang='lat' dir='ltr'><strong>nomen</strong></span> 
     </span>
     <span class='ocr_line' id='line_1_8' title="bbox 621 1640 2002 1729; baseline 0.001 -25"><span class='ocrx_word' id='word_1_65' title='bbox 621 1642 759 1725; x_wconf 77' lang='lat' dir='ltr'><strong>praefert</strong></span> <span class='ocrx_word' id='word_1_66' title='bbox 782 1643 978 1705; x_wconf 87' lang='lat' dir='ltr'><strong>vetustiorem</strong></span> <span class='ocrx_word' id='word_1_67' title='bbox 1002 1650 1033 1704; x_wconf 90' lang='lat' dir='ltr'><strong>et</strong></span> <span class='ocrx_word' id='word_1_68' title='bbox 1054 1642 1151 1723; x_wconf 90' lang='lat' dir='ltr'><strong>magis</strong></span> <span class='ocrx_word' id='word_1_69' title='bbox 1175 1643 1334 1722; x_wconf 89' lang='lat' dir='ltr'><strong>integram,</strong></span> <span class='ocrx_word' id='word_1_70' title='bbox 1359 1640 1439 1721; x_wconf 83' lang='lat' dir='ltr'><strong>quod</strong></span> <span class='ocrx_word' id='word_1_71' title='bbox 1457 1640 1601 1729; x_wconf 84' lang='lat' dir='ltr'><strong>judicium</strong></span> <span class='ocrx_word' id='word_1_72' title='bbox 1625 1642 1691 1703; x_wconf 85' lang='lat' dir='ltr'><strong>viro</strong></span> <span class='ocrx_word' id='word_1_73' title='bbox 1715 1643 1889 1707; x_wconf 88' lang='lat' dir='ltr'><strong>doctissimo</strong></span> <span class='ocrx_word' id='word_1_74' title='bbox 1913 1644 2002 1706; x_wconf 90' lang='lat' dir='ltr'><strong>exci-</strong></span> 
     </span>
     <span class='ocr_line' id='line_1_9' title="bbox 621 1739 2002 1822; baseline 0 -18"><span class='ocrx_word' id='word_1_75' title='bbox 621 1743 705 1804; x_wconf 87' lang='lat' dir='ltr'><strong>disse</strong></span> <span class='ocrx_word' id='word_1_76' title='bbox 728 1741 884 1804; x_wconf 89' lang='lat' dir='ltr'><strong>nollemus.</strong></span> <span class='ocrx_word' id='word_1_77' title='bbox 930 1741 1002 1805; x_wconf 91' lang='lat' dir='ltr'><strong>Sola</strong></span> <span class='ocrx_word' id='word_1_78' title='bbox 1033 1742 1110 1803; x_wconf 89' lang='lat' dir='ltr'><strong>enim</strong></span> <span class='ocrx_word' id='word_1_79' title='bbox 1140 1739 1299 1802; x_wconf 88' lang='lat' dir='ltr'><strong>brevitatis</strong></span> <span class='ocrx_word' id='word_1_80' title='bbox 1321 1741 1438 1802; x_wconf 91' lang='lat' dir='ltr'><strong>ratione</strong></span> <span class='ocrx_word' id='word_1_81' title='bbox 1461 1739 1613 1801; x_wconf 81' lang='lat' dir='ltr'><strong>fundatum</strong></span> <span class='ocrx_word' id='word_1_82' title='bbox 1637 1747 1694 1819; x_wconf 91' lang='lat' dir='ltr'><strong>est,</strong></span> <span class='ocrx_word' id='word_1_83' title='bbox 1718 1743 1798 1803; x_wconf 92' lang='lat' dir='ltr'><strong>inani</strong></span> <span class='ocrx_word' id='word_1_84' title='bbox 1819 1759 1947 1822; x_wconf 91' lang='lat' dir='ltr'><strong>prorsus</strong></span> <span class='ocrx_word' id='word_1_85' title='bbox 1970 1750 2002 1804; x_wconf 91' lang='lat' dir='ltr'><strong>et</strong></span> 
     </span>
     <span class='ocr_line' id='line_1_10' title="bbox 622 1838 2001 1922; baseline 0.001 -21"><span class='ocrx_word' id='word_1_86' title='bbox 622 1839 711 1918; x_wconf 79' lang='lat' dir='ltr'><strong>falsa,</strong></span> <span class='ocrx_word' id='word_1_87' title='bbox 733 1849 767 1903; x_wconf 92' lang='lat' dir='ltr'><strong>ut</strong></span> <span class='ocrx_word' id='word_1_88' title='bbox 789 1840 877 1902; x_wconf 86' lang='lat' dir='ltr'><strong>lacile</strong></span> <span class='ocrx_word' id='word_1_89' title='bbox 899 1839 1133 1902; x_wconf 90' lang='lat' dir='ltr'><strong>demonstratur.</strong></span> <span class='ocrx_word' id='word_1_90' title='bbox 1179 1839 1299 1919; x_wconf 83' lang='lat' dir='ltr'><strong>Quippe</strong></span> <span class='ocrx_word' id='word_1_91' title='bbox 1324 1838 1469 1901; x_wconf 86' lang='lat' dir='ltr'><strong>Graecam</strong></span> <span class='ocrx_word' id='word_1_92' title='bbox 1501 1840 1649 1922; x_wconf 91' lang='lat' dir='ltr'><strong>integram</strong></span> <span class='ocrx_word' id='word_1_93' title='bbox 1680 1859 1747 1902; x_wconf 92' lang='lat' dir='ltr'><strong>cum</strong></span> <span class='ocrx_word' id='word_1_94' title='bbox 1770 1840 1895 1921; x_wconf 80' lang='lat' dir='ltr'><strong>Syriaca</strong></span> <span class='ocrx_word' id='word_1_95' title='bbox 1916 1839 2001 1902; x_wconf 85' lang='lat' dir='ltr'><strong>velut</strong></span> 
     </span>
     <span class='ocr_line' id='line_1_11' title="bbox 622 1938 2000 2022; baseline -0.001 -20"><span class='ocrx_word' id='word_1_96' title='bbox 622 1941 744 2022; x_wconf 88' lang='lat' dir='ltr'><strong>integra</strong></span> <span class='ocrx_word' id='word_1_97' title='bbox 772 1940 886 2001; x_wconf 86' lang='lat' dir='ltr'><strong>blasius</strong></span> <span class='ocrx_word' id='word_1_98' title='bbox 916 1939 1116 2019; x_wconf 86' lang='lat' dir='ltr'><strong>comparavit:</strong></span> <span class='ocrx_word' id='word_1_99' title='bbox 1152 1957 1219 2000; x_wconf 92' lang='lat' dir='ltr'><strong>cum</strong></span> <span class='ocrx_word' id='word_1_100' title='bbox 1246 1939 1334 2000; x_wconf 90' lang='lat' dir='ltr'><strong>etiam</strong></span> <span class='ocrx_word' id='word_1_101' title='bbox 1364 1939 1395 1998; x_wconf 93' lang='lat' dir='ltr'><strong>in</strong></span> <span class='ocrx_word' id='word_1_102' title='bbox 1422 1938 1518 2018; x_wconf 87' lang='lat' dir='ltr'><strong>priori</strong></span> <span class='ocrx_word' id='word_1_103' title='bbox 1544 1938 1629 2018; x_wconf 89' lang='lat' dir='ltr'><strong>juxta</strong></span> <span class='ocrx_word' id='word_1_104' title='bbox 1658 1938 1782 2019; x_wconf 86' lang='lat' dir='ltr'><strong>vulgata</strong></span> <span class='ocrx_word' id='word_1_105' title='bbox 1805 1939 2000 2019; x_wconf 89' lang='lat' dir='ltr'><strong>exemplaria,</strong></span> 
     </span>
     <span class='ocr_line' id='line_1_12' title="bbox 622 2035 2001 2119; baseline -0.002 -19"><span class='ocrx_word' id='word_1_106' title='bbox 622 2037 766 2119; x_wconf 83' lang='lat' dir='ltr'><strong>quidquid</strong></span> <span class='ocrx_word' id='word_1_107' title='bbox 790 2038 995 2100; x_wconf 88' lang='lat' dir='ltr'><strong>caeremonias</strong></span> <span class='ocrx_word' id='word_1_108' title='bbox 1019 2045 1138 2118; x_wconf 90' lang='lat' dir='ltr'><strong>spectat</strong></span> <span class='ocrx_word' id='word_1_109' title='bbox 1160 2056 1199 2099; x_wconf 88' lang='lat' dir='ltr'><strong>ex</strong></span> <span class='ocrx_word' id='word_1_110' title='bbox 1217 2036 1366 2099; x_wconf 92' lang='lat' dir='ltr'><strong>communi</strong></span> <span class='ocrx_word' id='word_1_111' title='bbox 1378 2035 1585 2098; x_wconf 86' lang='lat' dir='ltr'><strong>Ecclesiarum</strong></span> <span class='ocrx_word' id='word_1_112' title='bbox 1608 2036 1766 2118; x_wconf 88' lang='lat' dir='ltr'><strong>disciplina</strong></span> <span class='ocrx_word' id='word_1_113' title='bbox 1789 2036 1937 2118; x_wconf 75' lang='lat' dir='ltr'><strong>adiectum</strong></span> <span class='ocrx_word' id='word_1_114' title='bbox 1952 2037 2001 2098; x_wconf 90' lang='lat' dir='ltr'><strong>sit.</strong></span> 
     </span>
     <span class='ocr_line' id='line_1_13' title="bbox 624 2136 2000 2218; baseline -0.003 -16"><span class='ocrx_word' id='word_1_115' title='bbox 624 2138 751 2218; x_wconf 85' lang='lat' dir='ltr'><strong>Syriaca</strong></span> <span class='ocrx_word' id='word_1_116' title='bbox 774 2138 811 2200; x_wconf 92' lang='lat' dir='ltr'><strong>ab</strong></span> <span class='ocrx_word' id='word_1_117' title='bbox 835 2137 972 2200; x_wconf 89' lang='lat' dir='ltr'><strong>oratione</strong></span> <span class='ocrx_word' id='word_1_118' title='bbox 985 2136 1091 2198; x_wconf 87' lang='lat' dir='ltr'><strong>osculi</strong></span> <span class='ocrx_word' id='word_1_119' title='bbox 1113 2136 1197 2218; x_wconf 81' lang='lat' dir='ltr'><strong>pacis</strong></span> <span class='ocrx_word' id='word_1_120' title='bbox 1219 2136 1339 2215; x_wconf 88' lang='lat' dir='ltr'><strong>incipit,</strong></span> <span class='ocrx_word' id='word_1_121' title='bbox 1363 2143 1452 2215; x_wconf 88' lang='lat' dir='ltr'><strong>atque</strong></span> <span class='ocrx_word' id='word_1_122' title='bbox 1475 2136 1516 2196; x_wconf 89' lang='lat' dir='ltr'><strong>ita</strong></span> <span class='ocrx_word' id='word_1_123' title='bbox 1539 2153 1746 2218; x_wconf 86' lang='lat' dir='ltr'><strong>quaecumque</strong></span> <span class='ocrx_word' id='word_1_124' title='bbox 1770 2136 1806 2199; x_wconf 90' lang='lat' dir='ltr'><strong>ad</strong></span> <span class='ocrx_word' id='word_1_125' title='bbox 1830 2152 2000 2218; x_wconf 89' lang='lat' dir='ltr'><strong>praepara-</strong></span> 
     </span>
     <span class='ocr_line' id='line_1_14' title="bbox 621 2234 2000 2317; baseline -0.001 -19"><span class='ocrx_word' id='word_1_126' title='bbox 621 2237 734 2299; x_wconf 84' lang='lat' dir='ltr'><strong>tionem</strong></span> <span class='ocrx_word' id='word_1_127' title='bbox 758 2235 877 2313; x_wconf 89' lang='lat' dir='ltr'><strong>altaris,</strong></span> <span class='ocrx_word' id='word_1_128' title='bbox 901 2243 931 2298; x_wconf 90' lang='lat' dir='ltr'><strong>et</strong></span> <span class='ocrx_word' id='word_1_129' title='bbox 954 2235 1132 2314; x_wconf 89' lang='lat' dir='ltr'><strong>oblationis,</strong></span> <span class='ocrx_word' id='word_1_130' title='bbox 1162 2234 1325 2298; x_wconf 89' lang='lat' dir='ltr'><strong>lectionem</strong></span> <span class='ocrx_word' id='word_1_131' title='bbox 1355 2235 1588 2314; x_wconf 89' lang='lat' dir='ltr'><strong>scripturarum,</strong></span> <span class='ocrx_word' id='word_1_132' title='bbox 1617 2236 1781 2317; x_wconf 86' lang='lat' dir='ltr'><strong>variasque</strong></span> <span class='ocrx_word' id='word_1_133' title='bbox 1803 2235 2000 2303; x_wconf 87' lang='lat' dir='ltr'><strong>orationesa</strong></span> 
     </span>
     <span class='ocr_line' id='line_1_15' title="bbox 621 2331 2001 2420; baseline -0.003 -23"><span class='ocrx_word' id='word_1_134' title='bbox 621 2334 797 2420; x_wconf 79' lang='lat' dir='ltr'><strong>Sacerdote,</strong></span> <span class='ocrx_word' id='word_1_135' title='bbox 821 2334 956 2397; x_wconf 91' lang='lat' dir='ltr'><strong>Diacono</strong></span> <span class='ocrx_word' id='word_1_136' title='bbox 979 2342 1030 2397; x_wconf 92' lang='lat' dir='ltr'><strong>aut</strong></span> <span class='ocrx_word' id='word_1_137' title='bbox 1051 2333 1165 2415; x_wconf 90' lang='lat' dir='ltr'><strong>populo</strong></span> <span class='ocrx_word' id='word_1_138' title='bbox 1187 2331 1357 2395; x_wconf 88' lang='lat' dir='ltr'><strong>recitandas</strong></span> <span class='ocrx_word' id='word_1_139' title='bbox 1377 2340 1525 2412; x_wconf 88' lang='lat' dir='ltr'><strong>spectant,</strong></span> <span class='ocrx_word' id='word_1_140' title='bbox 1549 2336 1736 2414; x_wconf 89' lang='lat' dir='ltr'><strong>omittuntur,</strong></span> <span class='ocrx_word' id='word_1_141' title='bbox 1760 2352 1827 2396; x_wconf 93' lang='lat' dir='ltr'><strong>cum</strong></span> <span class='ocrx_word' id='word_1_142' title='bbox 1849 2351 1890 2394; x_wconf 90' lang='lat' dir='ltr'><strong>ex</strong></span> <span class='ocrx_word' id='word_1_143' title='bbox 1912 2350 2001 2394; x_wconf 91' lang='lat' dir='ltr'><strong>com·</strong></span> 
     </span>
     <span class='ocr_line' id='line_1_16' title="bbox 620 2430 2000 2520; baseline -0.003 -24"><span class='ocrx_word' id='word_1_144' title='bbox 620 2434 703 2496; x_wconf 88' lang='lat' dir='ltr'><strong>muni</strong></span> <span class='ocrx_word' id='word_1_145' title='bbox 728 2433 832 2497; x_wconf 89' lang='grc'>0111010</span> <span class='ocrx_word' id='word_1_146' title='bbox 855 2434 918 2515; x_wconf 91' lang='lat' dir='ltr'><strong>peti</strong></span> <span class='ocrx_word' id='word_1_147' title='bbox 941 2432 1081 2520; x_wconf 87' lang='lat' dir='ltr'><strong>debeant.</strong></span> <span class='ocrx_word' id='word_1_148' title='bbox 1113 2433 1143 2496; x_wconf 92' lang='lat' dir='ltr'><strong>Si</strong></span> <span class='ocrx_word' id='word_1_149' title='bbox 1166 2433 1259 2514; x_wconf 87' lang='lat' dir='ltr'><strong>igitur</strong></span> <span class='ocrx_word' id='word_1_150' title='bbox 1281 2431 1352 2494; x_wconf 93' lang='lat' dir='ltr'><strong>illud</strong></span> <span class='ocrx_word' id='word_1_151' title='bbox 1369 2431 1502 2494; x_wconf 89' lang='lat' dir='ltr'><strong>Olllcium</strong></span> <span class='ocrx_word' id='word_1_152' title='bbox 1525 2434 1605 2514; x_wconf 87' lang='lat' dir='ltr'><strong>quod</strong></span> <span class='ocrx_word' id='word_1_153' title='bbox 1629 2433 1714 2495; x_wconf 90' lang='lat' dir='ltr'><strong>initio</strong></span> <span class='ocrx_word' id='word_1_154' title='bbox 1735 2431 1823 2512; x_wconf 90' lang='lat' dir='ltr'><strong>hujus</strong></span> <span class='ocrx_word' id='word_1_155' title='bbox 1838 2430 2000 2493; x_wconf 90' lang='lat' dir='ltr'><strong>voluminis</strong></span> 
     </span>
     <span class='ocr_line' id='line_1_17' title="bbox 621 2530 2000 2615; baseline -0.001 -24"><span class='ocrx_word' id='word_1_156' title='bbox 621 2530 768 2595; x_wconf 91' lang='lat' dir='ltr'><strong>edidimus</strong></span> <span class='ocrx_word' id='word_1_157' title='bbox 792 2551 858 2595; x_wconf 93' lang='lat' dir='ltr'><strong>cum</strong></span> <span class='ocrx_word' id='word_1_158' title='bbox 877 2531 1011 2615; x_wconf 88' lang='lat' dir='ltr'><strong>Litargia</strong></span> <span class='ocrx_word' id='word_1_159' title='bbox 1034 2533 1092 2594; x_wconf 91' lang='lat' dir='ltr'><strong>ista</strong></span> <span class='ocrx_word' id='word_1_160' title='bbox 1103 2530 1205 2593; x_wconf 90' lang='lat' dir='ltr'><strong>Basilii</strong></span> <span class='ocrx_word' id='word_1_161' title='bbox 1228 2532 1442 2612; x_wconf 79' lang='lat' dir='ltr'><strong>conjungetur,</strong></span> <span class='ocrx_word' id='word_1_162' title='bbox 1465 2538 1498 2593; x_wconf 98' lang='lat' dir='ltr'><strong>ut</strong></span> <span class='ocrx_word' id='word_1_163' title='bbox 1520 2533 1688 2595; x_wconf 87' lang='lat' dir='ltr'><strong>certissime</strong></span> <span class='ocrx_word' id='word_1_164' title='bbox 1702 2530 1812 2592; x_wconf 85' lang='lat' dir='ltr'><strong>lactum</strong></span> <span class='ocrx_word' id='word_1_165' title='bbox 1836 2537 1894 2607; x_wconf 91' lang='lat' dir='ltr'><strong>est,</strong></span> <span class='ocrx_word' id='word_1_166' title='bbox 1917 2546 2000 2611; x_wconf 86' lang='lat' dir='ltr'><strong>quo·</strong></span> 
     </span>
     <span class='ocr_line' id='line_1_18' title="bbox 620 2628 2000 2711; baseline 0 -20"><span class='ocrx_word' id='word_1_167' title='bbox 620 2629 807 2711; x_wconf 88' lang='lat' dir='ltr'><strong>tiescumque</strong></span> <span class='ocrx_word' id='word_1_168' title='bbox 830 2631 867 2694; x_wconf 93' lang='lat' dir='ltr'><strong>ad</strong></span> <span class='ocrx_word' id='word_1_169' title='bbox 891 2631 996 2694; x_wconf 88' lang='lat' dir='ltr'><strong>altaria</strong></span> <span class='ocrx_word' id='word_1_170' title='bbox 1020 2630 1173 2693; x_wconf 88' lang='lat' dir='ltr'><strong>celebrata</strong></span> <span class='ocrx_word' id='word_1_171' title='bbox 1197 2637 1259 2707; x_wconf 87' lang='lat' dir='ltr'><strong>est,</strong></span> <span class='ocrx_word' id='word_1_172' title='bbox 1292 2630 1351 2691; x_wconf 92' lang='lat' dir='ltr'><strong>erit</strong></span> <span class='ocrx_word' id='word_1_173' title='bbox 1373 2628 1490 2691; x_wconf 88' lang='lat' dir='ltr'><strong>Graeca</strong></span> <span class='ocrx_word' id='word_1_174' title='bbox 1513 2631 1631 2711; x_wconf 89' lang='lat' dir='ltr'><strong>qualem</strong></span> <span class='ocrx_word' id='word_1_175' title='bbox 1654 2630 1815 2702; x_wconf 88' lang='lat' dir='ltr'><strong>babemus,</strong></span> <span class='ocrx_word' id='word_1_176' title='bbox 1837 2628 2000 2709; x_wconf 84' lang='lat' dir='ltr'><strong>prolixior.</strong></span> 
     </span>
     <span class='ocr_line' id='line_1_19' title="bbox 620 2726 2001 2812; baseline 0 -23"><span class='ocrx_word' id='word_1_177' title='bbox 620 2726 683 2790; x_wconf 92' lang='lat' dir='ltr'><strong>lmo</strong></span> <span class='ocrx_word' id='word_1_178' title='bbox 698 2733 725 2791; x_wconf 91' lang='lat' dir='ltr'><strong>si</strong></span> <span class='ocrx_word' id='word_1_179' title='bbox 746 2730 852 2812; x_wconf 92' lang='lat' dir='ltr'><strong>plures</strong></span> <span class='ocrx_word' id='word_1_180' title='bbox 875 2731 953 2793; x_wconf 89' lang='lat' dir='ltr'><strong>aliae</strong></span> <span class='ocrx_word' id='word_1_181' title='bbox 977 2747 1052 2810; x_wconf 89' lang='lat' dir='ltr'><strong>quas</strong></span> <span class='ocrx_word' id='word_1_182' title='bbox 1075 2729 1221 2792; x_wconf 90' lang='lat' dir='ltr'><strong>edidimus</strong></span> <span class='ocrx_word' id='word_1_183' title='bbox 1243 2728 1340 2792; x_wconf 84' lang='lat' dir='ltr'><strong>blasio</strong></span> <span class='ocrx_word' id='word_1_184' title='bbox 1363 2729 1447 2790; x_wconf 84' lang='lat' dir='ltr'><strong>visae</strong></span> <span class='ocrx_word' id='word_1_185' title='bbox 1471 2728 1608 2805; x_wconf 85' lang='lat' dir='ltr'><strong>luissent,</strong></span> <span class='ocrx_word' id='word_1_186' title='bbox 1632 2729 1709 2792; x_wconf 87' lang='lat' dir='ltr'><strong>banc</strong></span> <span class='ocrx_word' id='word_1_187' title='bbox 1732 2730 1810 2791; x_wconf 87' lang='lat' dir='ltr'><strong>enirn</strong></span> <span class='ocrx_word' id='word_1_188' title='bbox 1830 2728 1926 2790; x_wconf 86' lang='lat' dir='ltr'><strong>solam</strong></span> <span class='ocrx_word' id='word_1_189' title='bbox 1948 2729 2001 2789; x_wconf 85' lang='lat' dir='ltr'><strong>vi·</strong></span> 
     </span>
     <span class='ocr_line' id='line_1_20' title="bbox 622 2825 2001 2907; baseline -0.001 -19"><span class='ocrx_word' id='word_1_190' title='bbox 622 2825 718 2904; x_wconf 87' lang='lat' dir='ltr'><strong>derat,</strong></span> <span class='ocrx_word' id='word_1_191' title='bbox 741 2847 808 2890; x_wconf 91' lang='lat' dir='ltr'><strong>nam</strong></span> <span class='ocrx_word' id='word_1_192' title='bbox 831 2827 1158 2893; x_wconf 88' lang='lat' dir='ltr'><strong>blissalaCbaldaicum</strong></span> <span class='ocrx_word' id='word_1_193' title='bbox 1181 2827 1313 2891; x_wconf 91' lang='lat' dir='ltr'><strong>nondum</strong></span> <span class='ocrx_word' id='word_1_194' title='bbox 1335 2825 1502 2907; x_wconf 85' lang='lat' dir='ltr'><strong>prodierat,</strong></span> <span class='ocrx_word' id='word_1_195' title='bbox 1526 2847 1593 2891; x_wconf 90' lang='lat' dir='ltr'><strong>eam</strong></span> <span class='ocrx_word' id='word_1_196' title='bbox 1615 2847 1633 2891; x_wconf 91' lang='lat' dir='ltr'><strong>a</strong></span> <span class='ocrx_word' id='word_1_197' title='bbox 1654 2827 1802 2890; x_wconf 84' lang='lat' dir='ltr'><strong>brevitate</strong></span> <span class='ocrx_word' id='word_1_198' title='bbox 1824 2842 1888 2889; x_wconf 92' lang='grc'><strong>000</strong></span> <span class='ocrx_word' id='word_1_199' title='bbox 1911 2844 2001 2888; x_wconf 90' lang='lat' dir='ltr'><strong>com-</strong></span> 
     </span>
     <span class='ocr_line' id='line_1_21' title="bbox 622 2924 1432 3009; baseline 0.002 -23"><span class='ocrx_word' id='word_1_200' title='bbox 622 2927 807 3006; x_wconf 90' lang='lat' dir='ltr'><strong>mendasset,</strong></span> <span class='ocrx_word' id='word_1_201' title='bbox 830 2945 897 2989; x_wconf 88' lang='lat' dir='ltr'><strong>cum</strong></span> <span class='ocrx_word' id='word_1_202' title='bbox 920 2927 999 2990; x_wconf 90' lang='lat' dir='ltr'><strong>inter</strong></span> <span class='ocrx_word' id='word_1_203' title='bbox 1021 2926 1156 3009; x_wconf 91' lang='lat' dir='ltr'><strong>prolixas</strong></span> <span class='ocrx_word' id='word_1_204' title='bbox 1180 2924 1289 2988; x_wconf 82' lang='lat' dir='ltr'><strong>reterri</strong></span> <span class='ocrx_word' id='word_1_205' title='bbox 1312 2924 1432 2989; x_wconf 90' lang='lat' dir='ltr'><strong>debeat.</strong></span> 
     </span>
    </p>

    <p class='ocr_par' dir='ltr' id='par_1_4' title="bbox 606 3010 2002 3598">
     <span class='ocr_line' id='line_1_22' title="bbox 708 3010 2001 3107; baseline -0.001 -20"><span class='ocrx_word' id='word_1_206' title='bbox 708 3026 844 3089; x_wconf 75' lang='lat' dir='ltr'><strong>Diximus</strong></span> <span class='ocrx_word' id='word_1_207' title='bbox 865 3026 945 3089; x_wconf 91' lang='lat' dir='ltr'><strong>illam</strong></span> <span class='ocrx_word' id='word_1_208' title='bbox 964 3027 994 3088; x_wconf 92' lang='lat' dir='ltr'><strong>in</strong></span> <span class='ocrx_word' id='word_1_209' title='bbox 1018 3024 1130 3088; x_wconf 86' lang='lat' dir='ltr'><strong>Codice</strong></span> <span class='ocrx_word' id='word_1_210' title='bbox 1145 3010 1332 3102; x_wconf 80' lang='lat' dir='ltr'><strong>colbertino,</strong></span> <span class='ocrx_word' id='word_1_211' title='bbox 1356 3040 1417 3085; x_wconf 93' lang='grc'><strong>000</strong></span> <span class='ocrx_word' id='word_1_212' title='bbox 1440 3021 1499 3084; x_wconf 88' lang='grc'>0011</span> <span class='ocrx_word' id='word_1_213' title='bbox 1521 3019 1642 3101; x_wconf 87' lang='lat' dir='ltr'><strong>Basilio,</strong></span> <span class='ocrx_word' id='word_1_214' title='bbox 1665 3021 1721 3086; x_wconf 91' lang='lat' dir='ltr'><strong>sed</strong></span> <span class='ocrx_word' id='word_1_215' title='bbox 1744 3022 1893 3107; x_wconf 83' lang='lat' dir='ltr'><strong>Gregorio</strong></span> <span class='ocrx_word' id='word_1_216' title='bbox 1917 3040 2001 3104; x_wconf 90' lang='lat' dir='ltr'><strong>quo·</strong></span> 
     </span>
     <span class='ocr_line' id='line_1_23' title="bbox 621 3120 2001 3206; baseline -0.002 -20"><span class='ocrx_word' id='word_1_217' title='bbox 621 3141 681 3206; x_wconf 79' lang='lat' dir='ltr'><strong>que</strong></span> <span class='ocrx_word' id='word_1_218' title='bbox 710 3124 869 3206; x_wconf 89' lang='lat' dir='ltr'><strong>&#39;lheologo</strong></span> <span class='ocrx_word' id='word_1_219' title='bbox 899 3123 1006 3187; x_wconf 85' lang='lat' dir='ltr'><strong>tribui:</strong></span> <span class='ocrx_word' id='word_1_220' title='bbox 1035 3123 1154 3186; x_wconf 81' lang='lat' dir='ltr'><strong>ridetur</strong></span> <span class='ocrx_word' id='word_1_221' title='bbox 1182 3122 1241 3186; x_wconf 92' lang='lat' dir='ltr'><strong>imo</strong></span> <span class='ocrx_word' id='word_1_222' title='bbox 1271 3123 1302 3184; x_wconf 94' lang='lat' dir='ltr'><strong>in</strong></span> <span class='ocrx_word' id='word_1_223' title='bbox 1332 3120 1481 3202; x_wconf 89' lang='lat' dir='ltr'><strong>aliquibus</strong></span> <span class='ocrx_word' id='word_1_224' title='bbox 1504 3120 1744 3200; x_wconf 89' lang='lat' dir='ltr'><strong>exemplaribus,</strong></span> <span class='ocrx_word' id='word_1_225' title='bbox 1766 3121 1836 3184; x_wconf 92' lang='lat' dir='ltr'><strong>huic</strong></span> <span class='ocrx_word' id='word_1_226' title='bbox 1858 3121 1916 3184; x_wconf 93' lang='lat' dir='ltr'><strong>soli</strong></span> <span class='ocrx_word' id='word_1_227' title='bbox 1940 3122 2001 3184; x_wconf 89' lang='lat' dir='ltr'><strong>ali-</strong></span> 
     </span>
     <span class='ocr_line' id='line_1_24' title="bbox 606 3217 2000 3303; baseline 0 -20"><span class='ocrx_word' id='word_1_228' title='bbox 606 3222 741 3303; x_wconf 76' lang='grc'>0000110</span> <span class='ocrx_word' id='word_1_229' title='bbox 765 3222 918 3303; x_wconf 84' lang='lat' dir='ltr'><strong>adscripta</strong></span> <span class='ocrx_word' id='word_1_230' title='bbox 942 3220 1045 3286; x_wconf 83' lang='lat' dir='ltr'><strong>fuisse.</strong></span> <span class='ocrx_word' id='word_1_231' title='bbox 1079 3222 1154 3284; x_wconf 90' lang='lat' dir='ltr'><strong>Nam</strong></span> <span class='ocrx_word' id='word_1_232' title='bbox 1177 3223 1207 3283; x_wconf 94' lang='lat' dir='ltr'><strong>in</strong></span> <span class='ocrx_word' id='word_1_233' title='bbox 1230 3239 1267 3284; x_wconf 90' lang='lat' dir='ltr'><strong>ea</strong></span> <span class='ocrx_word' id='word_1_234' title='bbox 1290 3238 1368 3302; x_wconf 87' lang='lat' dir='ltr'><strong>quae</strong></span> <span class='ocrx_word' id='word_1_235' title='bbox 1391 3219 1507 3282; x_wconf 92' lang='lat' dir='ltr'><strong>titulum</strong></span> <span class='ocrx_word' id='word_1_236' title='bbox 1528 3217 1620 3281; x_wconf 90' lang='lat' dir='ltr'><strong>babet</strong></span> <span class='ocrx_word' id='word_1_237' title='bbox 1642 3219 1806 3282; x_wconf 89' lang='lat' dir='ltr'><strong>Doctorum</strong></span> <span class='ocrx_word' id='word_1_238' title='bbox 1824 3227 2000 3283; x_wconf 88' lang='lat' dir='ltr'><strong>sanctorum</strong></span> 
     </span>
     <span class='ocr_line' id='line_1_25' title="bbox 621 3317 2002 3403; baseline -0.001 -21"><span class='ocrx_word' id='word_1_239' title='bbox 621 3338 638 3382; x_wconf 90' lang='lat' dir='ltr'><strong>a</strong></span> <span class='ocrx_word' id='word_1_240' title='bbox 662 3319 1342 3403; x_wconf 65' lang='grc' dir='ltr'>,10000οΜ0000Ρο101000110110110011000,</span> <span class='ocrx_word' id='word_1_241' title='bbox 1373 3338 1414 3381; x_wconf 89' lang='lat' dir='ltr'><strong>ex</strong></span> <span class='ocrx_word' id='word_1_242' title='bbox 1436 3317 1501 3380; x_wconf 89' lang='lat' dir='ltr'><strong>aliis</strong></span> <span class='ocrx_word' id='word_1_243' title='bbox 1525 3317 1670 3394; x_wconf 88' lang='lat' dir='ltr'><strong>collecta,</strong></span> <span class='ocrx_word' id='word_1_244' title='bbox 1700 3324 1785 3379; x_wconf 88' lang='lat' dir='ltr'><strong>extat</strong></span> <span class='ocrx_word' id='word_1_245' title='bbox 1813 3320 1909 3380; x_wconf 89' lang='lat' dir='ltr'><strong>oratio</strong></span> <span class='ocrx_word' id='word_1_246' title='bbox 1931 3337 2002 3381; x_wconf 86' lang='lat' dir='ltr'><strong>cum</strong></span> 
     </span>
     <span class='ocr_line' id='line_1_26' title="bbox 620 3414 2001 3502; baseline -0.001 -21"><span class='ocrx_word' id='word_1_247' title='bbox 620 3419 681 3481; x_wconf 89' lang='lat' dir='ltr'><strong>boc</strong></span> <span class='ocrx_word' id='word_1_248' title='bbox 704 3420 742 3481; x_wconf 94' lang='lat' dir='ltr'><strong>ad</strong></span> <span class='ocrx_word' id='word_1_249' title='bbox 765 3420 931 3502; x_wconf 79' lang='lat' dir='ltr'><strong>marginem</strong></span> <span class='ocrx_word' id='word_1_250' title='bbox 953 3419 1106 3497; x_wconf 88' lang='lat' dir='ltr'><strong>lemmate,</strong></span> <span class='ocrx_word' id='word_1_251' title='bbox 1131 3419 1280 3499; x_wconf 76' lang='lat' dir='ltr'><strong>lbeologi,</strong></span> <span class='ocrx_word' id='word_1_252' title='bbox 1304 3433 1364 3498; x_wconf 87' lang='lat' dir='ltr'><strong>quo</strong></span> <span class='ocrx_word' id='word_1_253' title='bbox 1387 3417 1506 3480; x_wconf 89' lang='lat' dir='ltr'><strong>nomine</strong></span> <span class='ocrx_word' id='word_1_254' title='bbox 1529 3424 1561 3477; x_wconf 92' lang='lat' dir='ltr'><strong>ut</strong></span> <span class='ocrx_word' id='word_1_255' title='bbox 1584 3416 1663 3496; x_wconf 93' lang='lat' dir='ltr'><strong>apud</strong></span> <span class='ocrx_word' id='word_1_256' title='bbox 1686 3414 1834 3491; x_wconf 88' lang='lat' dir='ltr'><strong>Graecos,</strong></span> <span class='ocrx_word' id='word_1_257' title='bbox 1855 3417 1897 3480; x_wconf 89' lang='lat' dir='ltr'><strong>ita</strong></span> <span class='ocrx_word' id='word_1_258' title='bbox 1920 3417 2001 3499; x_wconf 89' lang='lat' dir='ltr'><strong>apud</strong></span> 
     </span>
     <span class='ocr_line' id='line_1_27' title="bbox 621 3513 1848 3598; baseline -0.004 -17"><span class='ocrx_word' id='word_1_259' title='bbox 621 3516 717 3598; x_wconf 83' lang='lat' dir='ltr'><strong>Syros</strong></span> <span class='ocrx_word' id='word_1_260' title='bbox 740 3525 773 3579; x_wconf 90' lang='lat' dir='ltr'><strong>et</strong></span> <span class='ocrx_word' id='word_1_261' title='bbox 794 3516 914 3579; x_wconf 79' lang='lat' dir='ltr'><strong>Arabas</strong></span> <span class='ocrx_word' id='word_1_262' title='bbox 938 3516 1135 3595; x_wconf 87' lang='lat' dir='ltr'><strong>Christianos,</strong></span> <span class='ocrx_word' id='word_1_263' title='bbox 1159 3516 1329 3597; x_wconf 88' lang='lat' dir='ltr'><strong>Gregorius</strong></span> <span class='ocrx_word' id='word_1_264' title='bbox 1351 3515 1560 3577; x_wconf 80' lang='lat' dir='ltr'><strong>Nazianzenus</strong></span> <span class='ocrx_word' id='word_1_265' title='bbox 1584 3515 1739 3595; x_wconf 88' lang='lat' dir='ltr'><strong>designari</strong></span> <span class='ocrx_word' id='word_1_266' title='bbox 1761 3513 1848 3577; x_wconf 93' lang='lat' dir='ltr'><strong>solet.</strong></span> 
     </span>
    </p>

    <p class='ocr_par' dir='ltr' id='par_1_5' title="bbox 709 3611 1998 3698">
     <span class='ocr_line' id='line_1_28' title="bbox 709 3611 1998 3698; baseline -0.001 -21"><span class='ocrx_word' id='word_1_267' title='bbox 709 3616 911 3678; x_wconf 89' lang='lat' dir='ltr'><strong>invocationis</strong></span> <span class='ocrx_word' id='word_1_268' title='bbox 943 3616 1073 3698; x_wconf 90' lang='lat' dir='ltr'><strong>Spiritus</strong></span> <span class='ocrx_word' id='word_1_269' title='bbox 1101 3616 1197 3678; x_wconf 92' lang='lat' dir='ltr'><strong>sancti</strong></span> <span class='ocrx_word' id='word_1_270' title='bbox 1226 3613 1322 3676; x_wconf 80' lang='lat' dir='ltr'><strong>forma</strong></span> <span class='ocrx_word' id='word_1_271' title='bbox 1350 3616 1381 3676; x_wconf 91' lang='grc'><strong>10</strong></span> <span class='ocrx_word' id='word_1_272' title='bbox 1412 3612 1524 3676; x_wconf 87' lang='lat' dir='ltr'><strong>Codice</strong></span> <span class='ocrx_word' id='word_1_273' title='bbox 1556 3611 1732 3676; x_wconf 87' lang='lat' dir='ltr'><strong>Colbertino</strong></span> <span class='ocrx_word' id='word_1_274' title='bbox 1763 3613 1803 3673; x_wconf 93' lang='lat' dir='ltr'><strong>ita</strong></span> <span class='ocrx_word' id='word_1_275' title='bbox 1832 3631 1867 3675; x_wconf 89' lang='lat' dir='ltr'><strong>se</strong></span> <span class='ocrx_word' id='word_1_276' title='bbox 1895 3611 1998 3676; x_wconf 90' lang='lat' dir='ltr'><strong>babet.</strong></span> 
     </span>
    </p>
   </div>
   <div class='ocr_carea' id='block_1_3' title="bbox 501 3712 1999 3895">
    <p class='ocr_par' dir='ltr' id='par_1_6' title="bbox 501 3712 1999 3895">
     <span class='ocr_line' id='line_1_29' title="bbox 534 3712 1998 3792; baseline 0 -17"><span class='ocrx_word' id='word_1_277' title='bbox 534 3714 540 3732; x_wconf 58' lang='lat'>³</span> <span class='ocrx_word' id='word_1_278' title='bbox 620 3713 767 3776; x_wconf 81' lang='lat' dir='ltr'><strong>Miserere</strong></span> <span class='ocrx_word' id='word_1_279' title='bbox 788 3715 888 3775; x_wconf 86' lang='lat' dir='ltr'><strong>nostri</strong></span> <span class='ocrx_word' id='word_1_280' title='bbox 908 3713 1055 3777; x_wconf 83' lang='lat' dir='ltr'><strong>Domine:</strong></span> <span class='ocrx_word' id='word_1_281' title='bbox 1086 3715 1366 3787; x_wconf 63' lang='lat' dir='ltr'><strong>misereremei,</strong></span> <span class='ocrx_word' id='word_1_282' title='bbox 1396 3722 1426 3774; x_wconf 89' lang='lat' dir='ltr'><strong>et</strong></span> <span class='ocrx_word' id='word_1_283' title='bbox 1453 3714 1535 3774; x_wconf 88' lang='lat' dir='ltr'><strong>mitte</strong></span> <span class='ocrx_word' id='word_1_284' title='bbox 1562 3732 1655 3792; x_wconf 72' lang='lat' dir='ltr'><strong>nuper</strong></span> <span class='ocrx_word' id='word_1_285' title='bbox 1674 3731 1746 3787; x_wconf 86' lang='lat' dir='ltr'><strong>nos,</strong></span> <span class='ocrx_word' id='word_1_286' title='bbox 1777 3712 1998 3790; x_wconf 74' lang='grc'>0000010100,</span> 
     </span>
     <span class='ocr_line' id='line_1_30' title="bbox 501 3812 1999 3895; baseline -0.001 -21"><span class='ocrx_word' id='word_1_287' title='bbox 501 3865 516 3895; x_wconf 73' lang='lat'><strong>,</strong></span> <span class='ocrx_word' id='word_1_288' title='bbox 620 3812 767 3891; x_wconf 88' lang='lat' dir='ltr'><strong>Spiritum</strong></span> <span class='ocrx_word' id='word_1_289' title='bbox 788 3813 986 3890; x_wconf 86' lang='lat' dir='ltr'><strong>Paraclitum,</strong></span> <span class='ocrx_word' id='word_1_290' title='bbox 1009 3820 1146 3875; x_wconf 76' lang='grc'>00001010</span> <span class='ocrx_word' id='word_1_291' title='bbox 1168 3821 1198 3873; x_wconf 89' lang='grc'><strong>01</strong></span> <span class='ocrx_word' id='word_1_292' title='bbox 1219 3813 1394 3891; x_wconf 75' lang='lat' dir='ltr'><strong>largitorem</strong></span> <span class='ocrx_word' id='word_1_293' title='bbox 1416 3814 1515 3873; x_wconf 87' lang='lat' dir='ltr'><strong>omnis</strong></span> <span class='ocrx_word' id='word_1_294' title='bbox 1536 3812 1726 3872; x_wconf 86' lang='lat' dir='ltr'><strong>sanctitutis:</strong></span> <span class='ocrx_word' id='word_1_295' title='bbox 1748 3812 1906 3891; x_wconf 73' lang='lat' dir='ltr'><strong>pruinaque</strong></span> <span class='ocrx_word' id='word_1_296' title='bbox 1917 3831 1999 3892; x_wconf 76' lang='grc'>000-</span> 
     </span>
    </p>
   </div>
   <div class='ocr_carea' id='block_1_4' title="bbox 609 3910 1999 5459">
    <p class='ocr_par' dir='ltr' id='par_1_7' title="bbox 609 3910 1999 5459">
     <span class='ocr_line' id='line_1_31' title="bbox 619 3910 1998 3992; baseline 0 -20"><span class='ocrx_word' id='word_1_297' title='bbox 619 3912 714 3987; x_wconf 86' lang='grc'>111010,</span> <span class='ocrx_word' id='word_1_298' title='bbox 737 3931 832 3991; x_wconf 85' lang='lat' dir='ltr'><strong>ueque</strong></span> <span class='ocrx_word' id='word_1_299' title='bbox 854 3914 1020 3992; x_wconf 81' lang='lat' dir='ltr'><strong>quantitate</strong></span> <span class='ocrx_word' id='word_1_300' title='bbox 1036 3919 1090 3973; x_wconf 88' lang='grc'><strong>001</strong></span> <span class='ocrx_word' id='word_1_301' title='bbox 1101 3919 1244 3989; x_wconf 85' lang='lat' dir='ltr'><strong>tempore,</strong></span> <span class='ocrx_word' id='word_1_302' title='bbox 1267 3910 1544 3972; x_wconf 67' lang='lat' dir='ltr'><strong>circumscribitur:</strong></span> <span class='ocrx_word' id='word_1_303' title='bbox 1565 3912 1744 3984; x_wconf 86' lang='lat' dir='ltr'><strong>increatum,</strong></span> <span class='ocrx_word' id='word_1_304' title='bbox 1765 3911 1998 3988; x_wconf 84' lang='lat' dir='ltr'><strong>incompreben-</strong></span> 
     </span>
     <span class='ocr_line' id='line_1_32' title="bbox 620 4006 1998 4090; baseline -0.003 -18"><span class='ocrx_word' id='word_1_305' title='bbox 620 4028 705 4086; x_wconf 87' lang='lat' dir='ltr'><strong>sum,</strong></span> <span class='ocrx_word' id='word_1_306' title='bbox 728 4013 780 4090; x_wconf 79' lang='lat' dir='ltr'><strong>qui</strong></span> <span class='ocrx_word' id='word_1_307' title='bbox 801 4030 822 4071; x_wconf 89' lang='lat' dir='ltr'><strong>a</strong></span> <span class='ocrx_word' id='word_1_308' title='bbox 844 4018 872 4072; x_wconf 90' lang='lat' dir='ltr'><strong>te</strong></span> <span class='ocrx_word' id='word_1_309' title='bbox 891 4011 1033 4090; x_wconf 85' lang='lat' dir='ltr'><strong>procedit</strong></span> <span class='ocrx_word' id='word_1_310' title='bbox 1053 4018 1083 4072; x_wconf 91' lang='lat' dir='ltr'><strong>et</strong></span> <span class='ocrx_word' id='word_1_311' title='bbox 1103 4018 1212 4089; x_wconf 80' lang='lat' dir='ltr'><strong>repunt</strong></span> <span class='ocrx_word' id='word_1_312' title='bbox 1232 4028 1325 4087; x_wconf 78' lang='grc' dir='ltr'>00ρο0</span> <span class='ocrx_word' id='word_1_313' title='bbox 1347 4012 1467 4070; x_wconf 88' lang='lat' dir='ltr'><strong>omnia:</strong></span> <span class='ocrx_word' id='word_1_314' title='bbox 1497 4011 1550 4088; x_wconf 80' lang='lat' dir='ltr'><strong>qui</strong></span> <span class='ocrx_word' id='word_1_315' title='bbox 1575 4011 1607 4069; x_wconf 88' lang='lat' dir='ltr'><strong>in</strong></span> <span class='ocrx_word' id='word_1_316' title='bbox 1621 4007 1774 4069; x_wconf 29' lang='lat' dir='ltr'><strong>*iordane</strong></span> <span class='ocrx_word' id='word_1_317' title='bbox 1799 4006 1936 4086; x_wconf 69' lang='lat' dir='ltr'><strong>flumine,</strong></span> <span class='ocrx_word' id='word_1_318' title='bbox 1966 4010 1998 4069; x_wconf 88' lang='lat' dir='ltr'><strong>in</strong></span> 
     </span>
     <span class='ocr_line' id='line_1_33' title="bbox 621 4107 1999 4188; baseline -0.001 -19"><span class='ocrx_word' id='word_1_319' title='bbox 621 4110 778 4170; x_wconf 87' lang='lat' dir='ltr'><strong>columbae</strong></span> <span class='ocrx_word' id='word_1_320' title='bbox 806 4112 907 4188; x_wconf 84' lang='lat' dir='ltr'><strong>specie</strong></span> <span class='ocrx_word' id='word_1_321' title='bbox 934 4110 1079 4188; x_wconf 86' lang='lat' dir='ltr'><strong>apparuit</strong></span> <span class='ocrx_word' id='word_1_322' title='bbox 1106 4127 1197 4186; x_wconf 87' lang='lat' dir='ltr'><strong>super</strong></span> <span class='ocrx_word' id='word_1_323' title='bbox 1224 4109 1408 4187; x_wconf 70' lang='lat' dir='ltr'><strong>unigenitam</strong></span> <span class='ocrx_word' id='word_1_324' title='bbox 1437 4108 1545 4169; x_wconf 86' lang='lat' dir='ltr'><strong>Filium</strong></span> <span class='ocrx_word' id='word_1_325' title='bbox 1574 4114 1672 4182; x_wconf 81' lang='grc'>10010,</span> <span class='ocrx_word' id='word_1_326' title='bbox 1701 4109 1754 4187; x_wconf 84' lang='lat' dir='ltr'><strong>qui</strong></span> <span class='ocrx_word' id='word_1_327' title='bbox 1775 4108 1806 4168; x_wconf 90' lang='lat' dir='ltr'><strong>in</strong></span> <span class='ocrx_word' id='word_1_328' title='bbox 1828 4107 1999 4185; x_wconf 80' lang='lat' dir='ltr'><strong>dispertitis</strong></span> 
     </span>
     <span class='ocr_line' id='line_1_34' title="bbox 609 4205 1996 4287; baseline -0.004 -14"><span class='ocrx_word' id='word_1_329' title='bbox 609 4207 731 4286; x_wconf 63' lang='lat' dir='ltr'><strong>,tinguis</strong></span> <span class='ocrx_word' id='word_1_330' title='bbox 743 4226 835 4285; x_wconf 86' lang='lat' dir='ltr'><strong>super</strong></span> <span class='ocrx_word' id='word_1_331' title='bbox 847 4207 1010 4287; x_wconf 82' lang='lat' dir='ltr'><strong>Apostolos</strong></span> <span class='ocrx_word' id='word_1_332' title='bbox 1023 4215 1147 4269; x_wconf 86' lang='lat' dir='ltr'><strong>sanctos</strong></span> <span class='ocrx_word' id='word_1_333' title='bbox 1163 4208 1326 4286; x_wconf 84' lang='lat' dir='ltr'><strong>apparuit:</strong></span> <span class='ocrx_word' id='word_1_334' title='bbox 1348 4208 1413 4285; x_wconf 85' lang='lat' dir='ltr'><strong>ipse</strong></span> <span class='ocrx_word' id='word_1_335' title='bbox 1435 4208 1580 4268; x_wconf 77' lang='grc'>00000101</span> <span class='ocrx_word' id='word_1_336' title='bbox 1601 4215 1630 4268; x_wconf 88' lang='grc'><strong>01</strong></span> <span class='ocrx_word' id='word_1_337' title='bbox 1651 4205 1796 4267; x_wconf 69' lang='grc'>1110110100</span> <span class='ocrx_word' id='word_1_338' title='bbox 1816 4225 1909 4284; x_wconf 70' lang='lat' dir='ltr'><strong>nuper</strong></span> <span class='ocrx_word' id='word_1_339' title='bbox 1928 4224 1996 4283; x_wconf 88' lang='lat' dir='ltr'><strong>nos,</strong></span> 
     </span>
     <span class='ocr_line' id='line_1_35' title="bbox 620 4302 1996 4386; baseline 0.001 -21"><span class='ocrx_word' id='word_1_340' title='bbox 620 4313 651 4365; x_wconf 89' lang='grc'><strong>01</strong></span> <span class='ocrx_word' id='word_1_341' title='bbox 671 4325 762 4384; x_wconf 88' lang='lat' dir='ltr'><strong>super</strong></span> <span class='ocrx_word' id='word_1_342' title='bbox 784 4307 865 4366; x_wconf 85' lang='lat' dir='ltr'><strong>donc</strong></span> <span class='ocrx_word' id='word_1_343' title='bbox 887 4307 948 4367; x_wconf 90' lang='lat' dir='ltr'><strong>istu</strong></span> <span class='ocrx_word' id='word_1_344' title='bbox 967 4307 1136 4386; x_wconf 84' lang='lat' dir='ltr'><strong>proposita,</strong></span> <span class='ocrx_word' id='word_1_345' title='bbox 1158 4314 1188 4367; x_wconf 88' lang='lat' dir='ltr'><strong>et</strong></span> <span class='ocrx_word' id='word_1_346' title='bbox 1209 4307 1377 4385; x_wconf 73' lang='lat' dir='ltr'><strong>surictificat</strong></span> <span class='ocrx_word' id='word_1_347' title='bbox 1398 4307 1460 4369; x_wconf 87' lang='grc'>1110.</span> <span class='ocrx_word' id='word_1_348' title='bbox 1505 4305 1666 4369; x_wconf 89' lang='lat' dir='ltr'><strong>Diaconus.</strong></span> <span class='ocrx_word' id='word_1_349' title='bbox 1706 4303 1810 4368; x_wconf 84' lang='lat' dir='ltr'><strong>Orate.</strong></span> <span class='ocrx_word' id='word_1_350' title='bbox 1835 4302 1996 4367; x_wconf 89' lang='lat' dir='ltr'><strong>Sacerdos.</strong></span> 
     </span>
     <span class='ocr_line' id='line_1_36' title="bbox 619 4403 1997 4485; baseline 0 -22"><span class='ocrx_word' id='word_1_351' title='bbox 619 4403 747 4464; x_wconf 73' lang='lat' dir='ltr'><strong>Exaudi</strong></span> <span class='ocrx_word' id='word_1_352' title='bbox 773 4423 828 4463; x_wconf 87' lang='lat' dir='ltr'><strong>me.</strong></span> <span class='ocrx_word' id='word_1_353' title='bbox 872 4403 1015 4484; x_wconf 89' lang='lat' dir='ltr'><strong>Populus.</strong></span> <span class='ocrx_word' id='word_1_354' title='bbox 1059 4403 1153 4485; x_wconf 72' lang='lat' dir='ltr'><strong>lipsio</strong></span> <span class='ocrx_word' id='word_1_355' title='bbox 1175 4405 1296 4467; x_wconf 82' lang='lat' dir='ltr'><strong>eleison</strong></span> <span class='ocrx_word' id='word_1_356' title='bbox 1342 4403 1507 4468; x_wconf 88' lang='lat' dir='ltr'><strong>Sacerdos.</strong></span> <span class='ocrx_word' id='word_1_357' title='bbox 1554 4403 1593 4466; x_wconf 84' lang='lat' dir='ltr'><strong>Ut</strong></span> <span class='ocrx_word' id='word_1_358' title='bbox 1618 4403 1744 4465; x_wconf 83' lang='lat' dir='ltr'><strong>illabens</strong></span> <span class='ocrx_word' id='word_1_359' title='bbox 1774 4422 1866 4483; x_wconf 70' lang='lat' dir='ltr'><strong>nuper</strong></span> <span class='ocrx_word' id='word_1_360' title='bbox 1885 4420 1997 4481; x_wconf 83' lang='lat' dir='ltr'><strong>panem</strong></span> 
     </span>
     <span class='ocr_line' id='line_1_37' title="bbox 619 4502 1997 4583; baseline -0.001 -22"><span class='ocrx_word' id='word_1_361' title='bbox 619 4502 727 4577; x_wconf 84' lang='lat' dir='ltr'><strong>istum,</strong></span> <span class='ocrx_word' id='word_1_362' title='bbox 759 4508 789 4561; x_wconf 88' lang='grc'><strong>01</strong></span> <span class='ocrx_word' id='word_1_363' title='bbox 816 4519 908 4580; x_wconf 84' lang='lat' dir='ltr'><strong>super</strong></span> <span class='ocrx_word' id='word_1_364' title='bbox 933 4503 1035 4562; x_wconf 84' lang='lat' dir='ltr'><strong>vinum</strong></span> <span class='ocrx_word' id='word_1_365' title='bbox 1064 4502 1160 4577; x_wconf 86' lang='lat' dir='ltr'><strong>istud,</strong></span> <span class='ocrx_word' id='word_1_366' title='bbox 1189 4521 1246 4564; x_wconf 92' lang='lat' dir='ltr'><strong>nas</strong></span> <span class='ocrx_word' id='word_1_367' title='bbox 1274 4521 1390 4583; x_wconf 81' lang='lat' dir='ltr'><strong>quoque</strong></span> <span class='ocrx_word' id='word_1_368' title='bbox 1412 4504 1572 4565; x_wconf 83' lang='lat' dir='ltr'><strong>sanctitate</strong></span> <span class='ocrx_word' id='word_1_369' title='bbox 1595 4519 1652 4562; x_wconf 89' lang='lat' dir='ltr'><strong>sua</strong></span> <span class='ocrx_word' id='word_1_370' title='bbox 1673 4502 1808 4581; x_wconf 84' lang='lat' dir='ltr'><strong>repleat:</strong></span> <span class='ocrx_word' id='word_1_371' title='bbox 1836 4508 1867 4563; x_wconf 88' lang='lat' dir='ltr'><strong>et</strong></span> <span class='ocrx_word' id='word_1_372' title='bbox 1883 4520 1997 4581; x_wconf 85' lang='lat' dir='ltr'><strong>panem</strong></span> 
     </span>
     <span class='ocr_line' id='line_1_38' title="bbox 619 4597 1997 4680; baseline -0.001 -20"><span class='ocrx_word' id='word_1_373' title='bbox 619 4600 698 4660; x_wconf 87' lang='lat' dir='ltr'><strong>bunc</strong></span> <span class='ocrx_word' id='word_1_374' title='bbox 717 4597 819 4677; x_wconf 76' lang='grc'>[00101</span> <span class='ocrx_word' id='word_1_375' title='bbox 839 4618 951 4678; x_wconf 81' lang='lat' dir='ltr'><strong>eorpus</strong></span> <span class='ocrx_word' id='word_1_376' title='bbox 972 4601 1066 4661; x_wconf 87' lang='lat' dir='ltr'><strong>citam</strong></span> <span class='ocrx_word' id='word_1_377' title='bbox 1083 4609 1256 4679; x_wconf 82' lang='lat' dir='ltr'><strong>praestans,</strong></span> <span class='ocrx_word' id='word_1_378' title='bbox 1280 4620 1392 4680; x_wconf 81' lang='lat' dir='ltr'><strong>corpus</strong></span> <span class='ocrx_word' id='word_1_379' title='bbox 1412 4602 1559 4676; x_wconf 88' lang='lat' dir='ltr'><strong>salutare,</strong></span> <span class='ocrx_word' id='word_1_380' title='bbox 1582 4601 1864 4679; x_wconf 69' lang='lat' dir='ltr'><strong>corpusoioificum,</strong></span> <span class='ocrx_word' id='word_1_381' title='bbox 1877 4599 1997 4660; x_wconf 83' lang='lat' dir='ltr'><strong>atdans</strong></span> 
     </span>
     <span class='ocr_line' id='line_1_39' title="bbox 619 4696 1997 4776; baseline -0.001 -17"><span class='ocrx_word' id='word_1_382' title='bbox 619 4700 729 4775; x_wconf 86' lang='lat' dir='ltr'><strong>citum,</strong></span> <span class='ocrx_word' id='word_1_383' title='bbox 752 4716 865 4776; x_wconf 74' lang='lat' dir='ltr'><strong>corpus</strong></span> <span class='ocrx_word' id='word_1_384' title='bbox 886 4696 1010 4759; x_wconf 86' lang='lat' dir='ltr'><strong>Domini</strong></span> <span class='ocrx_word' id='word_1_385' title='bbox 1028 4697 1089 4760; x_wconf 86' lang='lat' dir='ltr'><strong>Dei</strong></span> <span class='ocrx_word' id='word_1_386' title='bbox 1108 4707 1138 4760; x_wconf 89' lang='grc'><strong>01</strong></span> <span class='ocrx_word' id='word_1_387' title='bbox 1158 4698 1330 4761; x_wconf 79' lang='lat' dir='ltr'><strong>Saloutaria</strong></span> <span class='ocrx_word' id='word_1_388' title='bbox 1352 4702 1451 4761; x_wconf 74' lang='grc'>000101</span> <span class='ocrx_word' id='word_1_389' title='bbox 1470 4698 1546 4760; x_wconf 77' lang='grc' dir='ltr'><strong>ι1000</strong></span> <span class='ocrx_word' id='word_1_390' title='bbox 1568 4698 1698 4772; x_wconf 78' lang='lat' dir='ltr'><strong>Ctrtsu,</strong></span> <span class='ocrx_word' id='word_1_391' title='bbox 1727 4698 1771 4759; x_wconf 87' lang='lat' dir='ltr'><strong>cd</strong></span> <span class='ocrx_word' id='word_1_392' title='bbox 1792 4699 1997 4776; x_wconf 72' lang='lat' dir='ltr'><strong>expiationem</strong></span> 
     </span>
     <span class='ocr_line' id='line_1_40' title="bbox 620 4793 1996 4876; baseline -0.001 -20"><span class='ocrx_word' id='word_1_393' title='bbox 620 4796 806 4870; x_wconf 85' lang='lat' dir='ltr'><strong>delictorum,</strong></span> <span class='ocrx_word' id='word_1_394' title='bbox 822 4797 1029 4858; x_wconf 81' lang='lat' dir='ltr'><strong>remissionem</strong></span> <span class='ocrx_word' id='word_1_395' title='bbox 1039 4799 1552 4876; x_wconf 80' lang='lat' dir='ltr'><strong>peccatorumetcitamaeternam.</strong></span> <span class='ocrx_word' id='word_1_396' title='bbox 1575 4796 1719 4876; x_wconf 89' lang='lat' dir='ltr'><strong>Populus.</strong></span> <span class='ocrx_word' id='word_1_397' title='bbox 1747 4795 1850 4857; x_wconf 80' lang='lat' dir='ltr'><strong>Arnen</strong></span> <span class='ocrx_word' id='word_1_398' title='bbox 1881 4793 1996 4857; x_wconf 88' lang='lat' dir='ltr'><strong>Sacer-</strong></span> 
     </span>
     <span class='ocr_line' id='line_1_41' title="bbox 619 4891 1997 4975; baseline 0 -21"><span class='ocrx_word' id='word_1_399' title='bbox 619 4891 687 4954; x_wconf 90' lang='lat' dir='ltr'><strong>dos.</strong></span> <span class='ocrx_word' id='word_1_400' title='bbox 709 4892 855 4954; x_wconf 87' lang='lat' dir='ltr'><strong>Similiter</strong></span> <span class='ocrx_word' id='word_1_401' title='bbox 870 4901 900 4954; x_wconf 86' lang='lat' dir='ltr'><strong>et</strong></span> <span class='ocrx_word' id='word_1_402' title='bbox 911 4896 1013 4957; x_wconf 81' lang='lat' dir='ltr'><strong>vinnm</strong></span> <span class='ocrx_word' id='word_1_403' title='bbox 1026 4895 1117 4970; x_wconf 87' lang='lat' dir='ltr'><strong>istud,</strong></span> <span class='ocrx_word' id='word_1_404' title='bbox 1126 4894 1228 4972; x_wconf 75' lang='lat' dir='ltr'><strong>faciut</strong></span> <span class='ocrx_word' id='word_1_405' title='bbox 1242 4897 1417 4975; x_wconf 71' lang='lat' dir='ltr'><strong>sanguinem</strong></span> <span class='ocrx_word' id='word_1_406' title='bbox 1431 4899 1505 4958; x_wconf 83' lang='lat' dir='ltr'><strong>novi</strong></span> <span class='ocrx_word' id='word_1_407' title='bbox 1516 4896 1704 4970; x_wconf 67' lang='lat' dir='ltr'><strong>Testamenti,</strong></span> <span class='ocrx_word' id='word_1_408' title='bbox 1718 4896 1894 4973; x_wconf 76' lang='lat' dir='ltr'><strong>sanguinem</strong></span> <span class='ocrx_word' id='word_1_409' title='bbox 1908 4895 1997 4955; x_wconf 77' lang='lat' dir='ltr'><strong>salat-</strong></span> 
     </span>
     <span class='ocr_line' id='line_1_42' title="bbox 619 4975 1997 5073; baseline 0.001 -23"><span class='ocrx_word' id='word_1_410' title='bbox 619 4997 726 5066; x_wconf 86' lang='lat' dir='ltr'><strong>turem,</strong></span> <span class='ocrx_word' id='word_1_411' title='bbox 750 4993 925 5069; x_wconf 70' lang='lat' dir='ltr'><strong>sanguinem</strong></span> <span class='ocrx_word' id='word_1_412' title='bbox 947 4975 1106 5072; x_wconf 77' lang='lat' dir='ltr'><strong>vivificum,</strong></span> <span class='ocrx_word' id='word_1_413' title='bbox 1130 4999 1161 5052; x_wconf 89' lang='grc'><strong>01</strong></span> <span class='ocrx_word' id='word_1_414' title='bbox 1181 4993 1302 5053; x_wconf 78' lang='grc'>0001010</span> <span class='ocrx_word' id='word_1_415' title='bbox 1323 4994 1427 5069; x_wconf 86' lang='lat' dir='ltr'><strong>citam,</strong></span> <span class='ocrx_word' id='word_1_416' title='bbox 1451 4994 1626 5073; x_wconf 75' lang='lat' dir='ltr'><strong>sangninem</strong></span> <span class='ocrx_word' id='word_1_417' title='bbox 1647 4992 1772 5053; x_wconf 90' lang='lat' dir='ltr'><strong>Domini</strong></span> <span class='ocrx_word' id='word_1_418' title='bbox 1791 4991 1851 5053; x_wconf 88' lang='lat' dir='ltr'><strong>Dei</strong></span> <span class='ocrx_word' id='word_1_419' title='bbox 1872 4990 1997 5053; x_wconf 83' lang='grc'>01801-</span> 
     </span>
     <span class='ocr_line' id='line_1_43' title="bbox 617 5088 1998 5171; baseline 0.002 -23"><span class='ocrx_word' id='word_1_420' title='bbox 617 5089 737 5149; x_wconf 82' lang='lat' dir='ltr'><strong>catoris</strong></span> <span class='ocrx_word' id='word_1_421' title='bbox 757 5090 857 5149; x_wconf 76' lang='lat' dir='ltr'><strong>riustri</strong></span> <span class='ocrx_word' id='word_1_422' title='bbox 876 5089 951 5151; x_wconf 86' lang='lat' dir='ltr'><strong>Jesn</strong></span> <span class='ocrx_word' id='word_1_423' title='bbox 966 5088 1087 5166; x_wconf 77' lang='lat' dir='ltr'><strong>Christi,</strong></span> <span class='ocrx_word' id='word_1_424' title='bbox 1111 5090 1154 5151; x_wconf 87' lang='lat' dir='ltr'><strong>ad</strong></span> <span class='ocrx_word' id='word_1_425' title='bbox 1175 5092 1379 5169; x_wconf 70' lang='lat' dir='ltr'><strong>expiationem</strong></span> <span class='ocrx_word' id='word_1_426' title='bbox 1389 5091 1573 5163; x_wconf 72' lang='lat' dir='ltr'><strong>deliciantur,</strong></span> <span class='ocrx_word' id='word_1_427' title='bbox 1595 5091 1861 5171; x_wconf 82' lang='lat' dir='ltr'><strong>remissionemque</strong></span> <span class='ocrx_word' id='word_1_428' title='bbox 1879 5108 1998 5168; x_wconf 86' lang='lat' dir='ltr'><strong>peccu-</strong></span> 
     </span>
     <span class='ocr_line' id='line_1_44' title="bbox 618 5188 1997 5267; baseline 0.003 -21"><span class='ocrx_word' id='word_1_429' title='bbox 618 5193 735 5261; x_wconf 82' lang='lat' dir='ltr'><strong>tcrum,</strong></span> <span class='ocrx_word' id='word_1_430' title='bbox 766 5194 796 5247; x_wconf 88' lang='grc'><strong>01</strong></span> <span class='ocrx_word' id='word_1_431' title='bbox 823 5189 917 5248; x_wconf 87' lang='lat' dir='ltr'><strong>vitam</strong></span> <span class='ocrx_word' id='word_1_432' title='bbox 939 5196 1092 5250; x_wconf 82' lang='lat' dir='ltr'><strong>aeternnm</strong></span> <span class='ocrx_word' id='word_1_433' title='bbox 1115 5189 1354 5267; x_wconf 83' lang='lat' dir='ltr'><strong>suscipientibus.</strong></span> <span class='ocrx_word' id='word_1_434' title='bbox 1398 5190 1480 5252; x_wconf 89' lang='lat' dir='ltr'><strong>llaec</strong></span> <span class='ocrx_word' id='word_1_435' title='bbox 1509 5189 1648 5252; x_wconf 89' lang='lat' dir='ltr'><strong>lectionis</strong></span> <span class='ocrx_word' id='word_1_436' title='bbox 1672 5189 1831 5252; x_wconf 86' lang='lat' dir='ltr'><strong>diversitas</strong></span> <span class='ocrx_word' id='word_1_437' title='bbox 1855 5188 1997 5250; x_wconf 91' lang='lat' dir='ltr'><strong>momenti</strong></span> 
     </span>
     <span class='ocr_line' id='line_1_45' title="bbox 619 5283 1995 5371; baseline 0.003 -28"><span class='ocrx_word' id='word_1_438' title='bbox 619 5283 728 5345; x_wconf 92' lang='lat' dir='ltr'><strong>nullius</strong></span> <span class='ocrx_word' id='word_1_439' title='bbox 744 5291 801 5356; x_wconf 90' lang='lat' dir='ltr'><strong>est,</strong></span> <span class='ocrx_word' id='word_1_440' title='bbox 825 5303 890 5346; x_wconf 93' lang='lat' dir='ltr'><strong>cum</strong></span> <span class='ocrx_word' id='word_1_441' title='bbox 914 5292 1042 5367; x_wconf 87' lang='lat' dir='ltr'><strong>utraque</strong></span> <span class='ocrx_word' id='word_1_442' title='bbox 1063 5287 1094 5347; x_wconf 92' lang='lat' dir='ltr'><strong>in</strong></span> <span class='ocrx_word' id='word_1_443' title='bbox 1116 5304 1206 5348; x_wconf 92' lang='lat' dir='ltr'><strong>unam</strong></span> <span class='ocrx_word' id='word_1_444' title='bbox 1228 5295 1258 5350; x_wconf 92' lang='lat' dir='ltr'><strong>et</strong></span> <span class='ocrx_word' id='word_1_445' title='bbox 1277 5287 1422 5368; x_wconf 90' lang='lat' dir='ltr'><strong>eamdem,</strong></span> <span class='ocrx_word' id='word_1_446' title='bbox 1446 5305 1524 5368; x_wconf 84' lang='lat' dir='ltr'><strong>quae</strong></span> <span class='ocrx_word' id='word_1_447' title='bbox 1538 5289 1662 5371; x_wconf 89' lang='lat' dir='ltr'><strong>reliquis</strong></span> <span class='ocrx_word' id='word_1_448' title='bbox 1676 5287 1814 5351; x_wconf 89' lang='lat' dir='ltr'><strong>omnibus</strong></span> <span class='ocrx_word' id='word_1_449' title='bbox 1830 5288 1995 5350; x_wconf 91' lang='lat' dir='ltr'><strong>communis</strong></span> 
     </span>
     <span class='ocr_line' id='line_1_46' title="bbox 619 5380 1242 5459; baseline 0.01 -18"><span class='ocrx_word' id='word_1_450' title='bbox 619 5388 678 5459; x_wconf 91' lang='lat' dir='ltr'><strong>est,</strong></span> <span class='ocrx_word' id='word_1_451' title='bbox 700 5380 902 5446; x_wconf 89' lang='lat' dir='ltr'><strong>luvocationis</strong></span> <span class='ocrx_word' id='word_1_452' title='bbox 926 5383 1050 5446; x_wconf 90' lang='lat' dir='ltr'><strong>formam</strong></span> <span class='ocrx_word' id='word_1_453' title='bbox 1072 5387 1242 5448; x_wconf 87' lang='lat' dir='ltr'><strong>conveniat.</strong></span> 
     </span>
    </p>
   </div>
   <div class='ocr_carea' id='block_1_5' title="bbox 0 0 2580 6534">
    <p class='ocr_par' dir='ltr' id='par_1_8' title="bbox 0 0 2580 6534">
     <span class='ocr_line' id='line_1_47' title="bbox 0 0 2580 6534; baseline 0 0"><span class='ocrx_word' id='word_1_454' title='bbox 0 0 2580 6534; x_wconf 95' lang='lat' dir='ltr'><strong> </strong></span> 
     </span>
    </p>
   </div>
  </div>
 </body>
</html>
