5150 6534
594 835 668 908 388
845 833 1064 910 LITURGltl
1105 831 1293 910 tttotttu
1333 827 1703 911 Hunnutunttsts

595 1033 781 1108 aeternam,
819 1031 851 1091 ιιι
888 1023 918 1090 in
947 1017 1099 1093 ornnibus
1130 1019 1321 1092 laudatores
1354 1022 1399 1089 tui
1435 1040 1671 1114 appareamuS,
1709 1031 1744 1093 et
1776 1018 1969 1092 referamus

591 1137 646 1209 tibi
673 1137 833 1230 gloriam,
861 1148 923 1207 etc.
1287 1134 1448 1226 Populus.
1500 1137 1619 1208 Amen.

694 1251 877 1323 Sacerdos.
931 1253 1014 1321 Pax.

697 1367 855 1460 Pupillus.
909 1365 1051 1438 Etcum
1081 1368 1197 1461 spiritu
1222 1375 1290 1437 tuo.

696 1483 880 1554 Sacerdos.
933 1481 1126 1554 Benedictio
1153 1482 1217 1553 Dei
1245 1485 1287 1553 sit
1314 1493 1376 1553 etc.

697 1599 857 1691 Populus.
910 1596 954 1669 Ει
980 1621 1054 1668 curn
1082 1602 1197 1694 spiritu
1224 1610 1291 1670 ιιιο.

696 1715 883 1785 Diaconos,
938 1715 1020 1784 Cum
1050 1717 1176 1786 tintore.

697 1831 880 1900 Sacerdos.
934 1830 1057 1899 Sancta
1085 1832 1218 1900 sanetis.

698 1946 858 2038 Paruulus.
880 1993 887 2006 ι
913 1945 1006 2016 Unus
1034 1947 1135 2016 Pater
1162 1945 1315 2016 Sanetus.

697 2063 884 2135 Diaconos.
938 2062 1071 2133 Stemus
1100 2063 1267 2133 decenter.

698 2179 858 2270 Populus.
913 2178 1045 2249 Gratias
1074 2181 1212 2269 agimus,

697 2295 881 2364 Sacerdos.
923 2294 1173 2366 Convenienter
1194 2303 1227 2364 et
1251 2292 1431 2364 secundum
1446 2294 1621 2364 veritatem
1640 2291 1697 2362 tibi
1710 2291 1852 2363 debetur
1874 2292 1963 2366 ado-

594 2415 678 2483 ratio
708 2432 781 2480 cunr
809 2412 896 2479 omni
924 2413 1104 2500 gratiarum
1132 2412 1272 2495 actione,
1301 2419 1334 2479 et
1361 2410 1490 2478 sincera
1517 2406 1751 2479 beneficiorum
1779 2411 1963 2499 agnitione,

595 2527 673 2597 Rex
693 2527 834 2597 Dotnine
862 2536 895 2596 et
915 2526 1007 2597 Deus
1035 2535 1150 2597 noster
1176 2524 1345 2595 adorande
1373 2535 1407 2594 et
1424 2524 1573 2596 salvator
1589 2524 1804 2622 nosterlesu
1821 2522 1961 2610 Christe,

601 2666 643 2715 eo
671 2640 758 2736 qnod
786 2664 859 2711 cunt
888 2649 1037 2713 essemus
1065 2640 1205 2731 indigni3
1240 2662 1327 2710 nrrnc
1353 2647 1464 2710 tamen
1491 2640 1682 2735 praestitisti
1708 2637 1819 2727 nebia,
1846 2651 1882 2711 ut
1918 2663 1962 2714 ex

594 2752 795 2854 pinguedine
823 2756 939 2828 domus
968 2767 1060 2844 tuae,
1094 2760 1124 2827 in
1159 2760 1267 2827 auinra
1295 2755 1514 2826 reficeremur.
1568 2755 1619 2825 'lu
1654 2757 1772 2847 igitar,
1807 2758 1961 2844 Domine,

595 2897 658 2944 rios
687 2896 802 2946 ornnes
830 2873 997 2958 confirma,
1027 2872 1149 2964 adjuva
1176 2895 1251 2952 nos„
1278 2870 1429 2943 conforta
1457 2859 1519 2943 nos
1547 2882 1580 2942 et
1607 2875 1712 2963 erige,
1738 2895 1842 2966 parce
1865 2871 1961 2946 nobis

596 2990 746 3061 omnibus
775 2998 808 3059 et
839 2992 983 3082 quietern
1013 3000 1163 3082 praesta
1197 3000 1231 3060 ιιι
1266 2997 1332 3058 tant
1367 2992 1399 3057 iu
1431 2987 1482 3058 his
1513 2985 1756 3080 praesentibus,
1795 3011 1896 3082 quant
1931 2993 1964 3062 in

594 3104 939 3192 laturis-laudabiles
974 3127 1212 3200 appareamus,
1247 3104 1410 3175 faciontes
1443 3103 1646 3175 voluntatem
1681 3113 1778 3175 tuam.
1832 3104 1877 3176 Ει
1904 3128 1964 3201 pru

596 3220 747 3291 omnihus
776 3244 861 3314 quae
888 3225 978 3291 circa
1004 3244 1067 3292 nos
1096 3221 1307 3316 dispensasti,
1334 3219 1571 3314 beneficiisque
1590 3222 1653 3290 tuis
1674 3239 1754 3309 erga
1777 3241 1853 3306 nos,
1882 3221 1965 3313 glo-

595 3342 695 3412 riani,
724 3336 884 3407 lionorcrn
911 3347 945 3407 et
972 3336 1197 3409 adorationem
1225 3336 1390 3406 ollerimus
1418 3335 1492 3418 ubi„
1523 3346 1556 3406 et
1582 3357 1642 3430 per
1669 3346 1701 3405 te
1728 3345 1829 3429 atque
1857 3347 1967 3410 tecum

595 3455 686 3523 l'atri
713 3463 768 3523 tuo
797 3451 988 3539 benedicto,
1023 3463 1056 3523 et
1089 3453 1206 3538 licata,
1244 3464 1343 3545 atquc
1370 3451 1504 3546 Spiritui
1532 3461 1587 3521 tuo
1614 3452 1694 3521 vivo
1721 3459 1754 3520 et
1780 3453 1968 3526 virificauti

524 3567 529 3574 ’
594 3592 699 3654 ritune,
728 3580 789 3639 etc.
1138 3568 1298 3660 Pauidus.
1352 3570 1470 3639 Anien.

699 3685 881 3755 Sucenlus.
936 3685 1018 3755 Pax.

699 3800 859 3891 Populus.
912 3799 956 3870 Et
983 3825 1055 3871 cunt
1083 3803 1198 3893 spiritu
1227 3811 1292 3871 tuo.

698 3917 884 3986 Diaconos.
938 3917 1020 3988 Post
1047 3920 1301 4010 susceptionem.

700 4031 857 4122 Populus.
904 4031 1035 4103 ‘Coranr
1064 4042 1096 4102 te
1123 4033 1274 4103 Donnine.

700 4146 882 4218 Sacerdos.
937 4149 1077 4218 Domine
1112 4152 1166 4241 qui
1193 4149 1355 4220 inclinasti
1378 4146 1498 4244 ¹coelos
1526 4157 1559 4216 et
1584 4146 1782 4217 descendisti
1810 4169 1877 4241 pro
1908 4173 1970 4221 sa-

509 4314 512 4321 ·
595 4263 663 4334 lute
690 4274 815 4350 nostra,
843 4276 876 4334 ct
903 4287 963 4357 pro
992 4263 1098 4334 saluto
1127 4268 1224 4336 totius
1251 4268 1385 4357 generis
1412 4247 1516 4334 riustri
1543 4263 1677 4349 infirmi,
1705 4260 1837 4332 cllurrdc
1868 4288 1972 4362 super

508 4363 518 4386 ‘
596 4402 659 4450 nos
688 4379 947 4450 miscricordiam
973 4377 1186 4469 benignitatis
1214 4392 1302 4471 tuac,
1330 4391 1363 4452 et
1389 4378 1537 4451 concode
1564 4376 1674 4464 nobis,
1707 4385 1971 4472 congregationi

597 4495 723 4566 scilicet
749 4493 924 4565 Ecclesiae
951 4508 1028 4567 tuae
1055 4508 1209 4585 sanctae,
1246 4498 1378 4586 divitias
1405 4504 1438 4566 et
1464 4493 1714 4565 hertedictiones
1741 4506 1815 4565 tuas
1845 4497 1972 4570 coele-

598 4622 679 4699 stes,
707 4622 741 4680 ιιι
768 4611 894 4704 absque
921 4611 985 4681 fine
1012 4622 1046 4682 et
1071 4626 1330 4707 perseueranter
1355 4611 1578 4704 glorificaturus
1606 4620 1654 4681 te:
1682 4619 1714 4679 te
1733 4614 1788 4704 qui
1812 4633 1854 4682 es
1876 4612 1973 4683 Deus

598 4749 699 4797 verus
727 4748 827 4820 super
855 4731 976 4816 omnia,
1004 4739 1036 4799 et
1063 4730 1193 4801 Patrem
1223 4740 1321 4815 tuum,
1350 4729 1559 4822 quintisitte
1582 4725 1782 4798 adsalutem
1805 4739 1974 4816 nostram,

599 4855 632 4915 et
658 4844 811 4939 Spiritum
842 4855 929 4916 ιιιιιιιι
957 4849 1206 4918 sanctissiruurn.
1419 4843 1576 4935 Populus.
1630 4844 1748 4914 Arnen.
1780 4837 1782 4844 ’

702 4959 890 5031 Diaconos.
943 4961 1088 5033 Bcncdic
1116 4964 1266 5034 Durniue

702 5075 877 5147 Sacerdos
903 5079 987 5148 ‹tn-n
1014 5079 1160 5147 ultinrnnu
1187 5075 1462 5147 irenediclioncru.

1026 5309 1541 5354 -..ψ-
