5150 6534
598 847 670 924 1⁷2
1096 846 1456 926 LITURGIA

695 1034 1962 1247 ttdt.t.tt....1.................

593 1269 655 1357 toi,
682 1266 938 1361 dispensationis
963 1274 1041 1338 tone
1066 1269 1261 1338 memoriam
1288 1276 1451 1359 agentes,
1483 1287 1644 1359 rogamus
1674 1274 1710 1337 et
1739 1261 1963 1359 depreom

591 1390 645 1467 te,
673 1389 802 1453 amator
827 1379 1012 1470 hominnm,
1038 1404 1113 1453 enm
1139 1385 1306 1456 exorieris
1332 1386 1367 1453 in
1392 1382 1459 1454 ime
1482 1390 1687 1478 temporam,
1719 1387 1756 1450 et
1779 1382 1874 1472 juste
1898 1401 1961 1450 re·

592 1496 719 1570 tribues
753 1499 930 1591 unicuique
963 1496 1144 1569 secundum
1178 1521 1284 1594 opera
1319 1501 1412 1590 ejus,
1453 1520 1556 1593 pnroe
1589 1508 1625 1570 et
1657 1496 1851 1568 misericors
1886 1501 1961 1567 &o

593 1611 827 1685 adoratoribus
851 1616 934 1700 tuis,
961 1623 996 1686 et
1021 1612 1117 1684 saiva
1143 1611 1381 1686 haereditatem
1406 1623 1505 1686 taam
1564 1612 1609 1685 ttr
1641 1620 1844 1711 propterea,
1873 1633 1962 1684 me

593 1732 692 1800 etiam
718 1728 872 1802 Ecclesia
899 1741 955 1803 tua
982 1728 1182 1824 depreeatur
1207 1739 1258 1818 te,
1284 1739 1319 1802 et
1345 1752 1409 1825 per
1433 1740 1479 1819 te,
1504 1738 1540 1801 et
1564 1740 1673 1803 tenrm
1699 1731 1835 1802 Patrem
1858 1736 1962 1819 bn,

593 1843 718 1916 dicens.
882 1909 885 1914 .
1068 1857 1073 1864 ’

695 1947 857 2040 Papulas.
909 1946 1081 2019 Miserere.

695 2063 880 2135 Sacerdos.
931 2062 1006 2135 Nos
1032 2084 1174 2158 quoqne.

696 2178 857 2271 Populos.
910 2179 980 2267 Te,
1016 2189 1080 2250 ete.

695 2293 879 2364 Sacerdos.
932 2293 1126 2389 Praecipue.

696 2408 883 2480 Diaeoaar.
915 2408 1095 2482 Memento.
1122 2415 1158 2480 et
1181 2432 1263 2481 moa
1288 2410 1383 2480 dicit.
1411 2409 1518 2495 Onam
1542 2408 1685 2480 timenda
1704 2407 1957 2484 esttnoehore

696 2524 870 2597 Sacerdos
894 2524 1078 2597 irretiantur
1101 2526 1187 2595 dicit
1211 2525 1466 2596 invocationem
1490 2524 1643 2616 Spiritus
1667 2529 1789 2596 tanati

697 2641 860 2713 Miserere
891 2644 999 2713 nostri
1031 2642 1191 2713 Domine:
1232 2644 1394 2713 miserere
1426 2642 1551 2728 nostri,
1592 2650 1627 2711 et
1660 2642 1753 2711 mitte
1783 2639 1884 2714 nobis
1915 2639 1954 2713 de

592 2755 690 2828 coeio
717 2767 834 2829 saneto
860 2767 939 2844 tuo,
975 2756 1133 2852 Spiritum
1168 2766 1258 2828 toum
1293 2757 1539 2843 vivificantem,
1573 2766 1608 2827 et
1640 2758 1830 2849 requieseat
1856 2777 1953 2853 snper

593 2870 795 2944 oblationem
826 2870 931 2959 hane,
973 2870 1140 2967 iaciatque
1174 2892 1249 2944 eam
1281 2896 1405 2969 eorpus
1438 2871 1624 2959 vivificum,
1665 2892 1797 2967 nosque
1831 2875 1951 2969 expiet,

592 2985 726 3058 mundet
751 2998 786 3058 et
811 2987 1004 3059 sanctificet

698 3103 881 3173 Benedicti
906 3110 941 3173 et
966 3104 1061 3175 dicit.
1113 3104 1246 3176 Exaudi
1271 3127 1327 3176 me
1351 3105 1502 3177 Domine.

696 3218 856 3311 Papulae.
907 3218 1013 3314 Kyrie
1038 3220 1177 3293 eleison.

696 3333 879 3407 Sacerdos.
931 3334 976 3407 Ut
1000 3357 1063 3430 per
1087 3334 1238 3431 illapsum
1265 3357 1379 3425 suum,
1411 3334 1513 3407 iaciat
1545 3357 1666 3430 panem
1691 3339 1808 3426 istrum
1838 3355 1954 3433 eorpus

595 3450 716 3523 Christi
743 3451 808 3522 Dei
833 3454 958 3523 nostri.
1156 3449 1317 3542 Papulas.
1369 3450 1488 3522 Amen.

700 3565 885 3637 Sacerdos.
931 3565 975 3638 Et
1000 3570 1142 3655 mistum,
1169 3566 1257 3660 quod
1278 3569 1312 3637 in
1332 3564 1397 3638 hoo
1417 3565 1521 3637 cnliee
1541 3576 1605 3655 est,
1626 3569 1826 3660 sanguinem
1840 3565 1956 3639 corat

594 3682 659 3752 Dei
685 3686 811 3769 nostri,
845 3692 881 3755 ut
905 3686 970 3754 sint
1000 3682 1097 3757 nohis
1129 3681 1347 3754 Sacramenta
1380 3682 1464 3753 haee
1497 3692 1630 3767 sancta,
1662 3693 1697 3755 et
1729 3684 1884 3770 vivifica,
1916 3679 1956 3754 nd

595 3800 821 3892 expiationem
847 3797 1055 3889 delictorum,
1083 3799 1126 3870 ad
1151 3802 1383 3871 remissionem
1407 3810 1632 3893 peceatomm,
1659 3808 1692 3871 et
1718 3799 1760 3870 ad
1785 3802 1956 3872 sanitetm

477 3979 485 3996 ,
596 3916 727 3985 animae
752 3920 786 3985 et
811 3919 985 4010 corporis,
1012 3926 1045 3986 et
1071 3914 1114 3985 ad
1139 3913 1389 3986 roborationem
1414 3918 1534 3987 mentis
1559 3925 1704 3988 nostrae.
1755 3913 1826 3986 Sed
1851 3933 1956 4010 nequo

595 4051 679 4100 unus
705 4038 822 4124 pereat
846 4030 890 4102 de
913 4030 1036 4126 populo
1063 4041 1120 4102 too
1147 4029 1254 4102 fideli:
1281 4051 1399 4100 verum
1428 4041 1564 4126 praesta
1596 4030 1692 4103 nohis
1723 4028 1894 4118 omnibus,
1924 4038 1958 4101 nt

595 4167 678 4241 pure
705 4149 820 4241 spiritu
845 4154 902 4216 tuo
929 4146 1114 4237 gubernati,
1139 4150 1243 4218 vitam
1271 4145 1443 4238 degamus,
1470 4157 1504 4218 et
1528 4145 1713 4218 referemus
1739 4146 1798 4219 riti
1819 4146 1958 4239 glorionr

596 4272 630 4332 et
656 4263 835 4352 gratiarum
861 4264 1041 4351 notionem,
1068 4272 1131 4333 ete.
1288 4262 1450 4355 Populos.
1502 4265 1622 4334 Amen.

699 4376 877 4447 Qeoaas
902 4378 987 4447 dicit
1014 4378 1211 4448 Oratimrem
1237 4382 1506 4478 eoaoeoieatem,
1539 4386 1573 4449 et
1605 4400 1679 4450 eam
1705 4399 1794 4471 qaae
1820 4383 1872 4450 ert
1893 4395 1958 4471 pro

595 4494 745 4562 morinis.

699 4606 874 4678 Sacerdos
898 4607 1089 4677 inclinatas.
1144 4607 1320 4680 Oiierimus
1348 4609 1407 4681 tibi
1432 4608 1575 4681 Domine
1601 4612 1824 4704 omnipotens,
1850 4609 1963 4680 soeri-

597 4722 705 4794 ficium
731 4721 796 4795 hoo
822 4721 978 4810 divinum,
1004 4745 1066 4816 pro
1095 4727 1184 4796 omni
1210 4745 1318 4817 grege
1346 4733 1419 4797 tuo:
1449 4727 1628 4821 praecipuo
1653 4745 1739 4796 vero
1764 4744 1828 4819 pro
1853 4722 1963 4796 Dentis

595 4835 748 4909 Patribus
782 4841 927 4926 nostris,
959 4838 1151 4910 Patriarcha
1182 4850 1300 4911 nostro
1336 4839 1378 4909 D.
1411 4839 1452 4911 N.
1488 4851 1523 4912 et
1553 4862 1616 4936 pro
1641 4836 1813 4935 Episcopo
1843 4850 1962 4913 nostro

597 4953 740 5026 Domino
766 4952 807 5025 N.
834 4975 936 5026 servo
962 4963 1033 5045 tuo,
1059 4964 1095 5027 et
1118 4954 1254 5049 reliquis
1280 4953 1459 5052 Episcopis
1486 4955 1865 5045 &rhadamantum
1892 4957 1964 5029 vita

492 5120 500 5131 .
596 5066 778 5163 inculpata,
813 5066 1000 5160 gubernent
1026 5092 1112 5143 oves
1139 5081 1211 5143 tuas
1237 5073 1272 5141 in
1297 5074 1440 5165 pmitate
1467 5082 1501 5144 et
1531 5076 1720 5145 sanctitate:
1753 5071 1965 5168 offerantque

597 5180 657 5253 tihi
683 5183 839 5279 populum
864 5183 1005 5273 fidelem,
1032 5207 1173 5280 gregem
1199 5187 1415 5283 spiritualem,
1441 5189 1595 5284 placitum
1612 5188 1733 5261 honori
1745 5191 1890 5260 nominis
1904 5190 1966 5282 tui,

598 5308 632 5368 et
658 5297 753 5371 simul
779 5298 963 5372 referemus
989 5301 1048 5373 tibi
1074 5302 1233 5394 gloriam,
1266 5313 1330 5376 ete.
1364 5304 1533 5381 Memento
1559 5306 1703 5378 Domine
1727 5304 1968 5398 Sacerdotem,
