5150 6534
618 802 752 880 220·
1123 810 1485 890 tttuttttu

616 997 799 1087 potentiam
825 1003 930 1084 mam,
955 998 1137 1091 potentiam
1162 996 1303 1088 illorum,
1331 1002 1388 1094 qui
1413 1010 1502 1071 stam
1514 998 1865 1096 adversnsinrpoein
1882 1008 1988 1087 tum,

616 1118 650 1178 et
675 1131 939 1206 unumquemque
965 1111 1093 1205 subjice
1118 1117 1270 1186 servituti
1296 1117 1437 1189 nominis
1462 1119 1509 1188 tui
1541 1118 1665 1188 met:
1696 1120 1774 1211 quia
1808 1126 1845 1190 tn
1875 1118 1988 1188 victor

616 1246 673 1315 cs,
705 1236 740 1297 et
770 1224 913 1300 bellator
951 1227 1063 1318 solus,
1103 1238 1137 1299 et
1170 1227 1228 1300 tibi
1267 1230 1410 1321 gloriam
1441 1241 1476 1304 et
1507 1234 1690 1325 gratiarum
1724 1235 1890 1304 acumen
1921 1254 1988 1303 re-

616 1337 762 1413 ierimus.

721 1456 882 1549 Populus.
934 1457 1052 1530 Amen.

721 1571 896 1643 Sacerdos
929 1572 1119 1645 inclinatas.
1173 1569 1503 1662 commemorantes,
1528 1577 1725 1648 memoriam
1757 1579 1890 1670 agim
1916 1601 1986 1652 co-

532 1672 598 1775 &
616 1710 689 1760 ram
715 1698 765 1776 te,
791 1689 953 1778 Domine,
979 1699 1013 1760 et
1039 1688 1082 1759 ad
1109 1688 1351 1761 obsecrandum
1377 1697 1412 1759 te
1438 1688 1645 1777 adducimus,
1678 1694 1819 1785 primum
1851 1692 1987 1787 quiden
2062 1719 2065 1723 ·

616 1813 765 1876 sanctam
792 1806 985 1895 genitricem
1017 1804 1081 1876 Dei
1111 1803 1274 1893 Mariam,
1317 1814 1350 1875 et
1379 1814 1635 1900 praecursorem
1665 1806 1831 1879 Jmnnem
1862 1808 1986 1903 Dapti-

615 1927 720 2005 stam,
748 1918 950 2013 Stephanum
976 1922 1115 2015 primum
1140 1921 1384 2006 Diaconoruur,
1413 1931 1447 1992 et
1472 1932 1811 2019 proto-martyrem,
1838 1945 1987 2016 agman-

616 2056 681 2127 que
707 2043 915 2127 sauctorum,
939 2033 1198 2130 Prophetarum,
1231 2034 1491 2131 Apostolorum,
1517 2035 1712 2133 llartyrum,
1740 2036 1986 2114 conixum

616 2161 650 2222 et
676 2150 894 2245 reliquorum,
923 2173 1062 2245 quorum
1088 2155 1221 2223 nomina
1248 2155 1372 2249 scripta
1398 2163 1473 2224 sunt
1498 2154 1533 2223 in
1558 2151 1644 2225 libro
1670 2156 1771 2225 vitae

719 2267 879 2360 Papulas.
932 2267 1037 2362 Kyrie
1064 2266 1229 2339 eleison·

722 2383 897 2454 Sacerdos
933 2383 1071 2454 eleuana
1107 2405 1234 2456 vocem.
1295 2382 1340 2456 Ut
1377 2384 1631 2478 deprecationes
1669 2382 1800 2455 illorum
1838 2396 1986 2477 morum,

613 2497 744 2592 placide
785 2501 990 2594 suscipiens,
1033 2502 1202 2570 orationes
1239 2521 1356 2571 eorum
1399 2508 1514 2591 gratam
1548 2500 1663 2594 pietati
1699 2510 1775 2571 tuae
1813 2514 1986 2600 acceptos

613 2612 687 2687 Nos
715 2637 844 2709 quoque
876 2617 1076 2707 conjunctim
1108 2613 1374 2687 obsecrationem
1407 2612 1634 2709 imperfectam
1665 2625 1833 2706 nochum,
1866 2641 1986 2694 corana

614 2740 648 2801 te
684 2731 780 2802 simul
819 2730 1030 2817 effundimus,
1071 2751 1294 2825 rogamusque
1330 2738 1364 2801 et
1399 2729 1633 2824 deprecamur,
1674 2740 1711 2801 ut
1744 2750 1812 2803 non
1842 2743 1986 2810 avertas

613 2845 733 2917 faciem
759 2856 848 2918 tuam
876 2870 895 2917 a
922 2845 1039 2935 nobis,
1065 2868 1174 2940 neque
1200 2850 1233 2917 in
1259 2850 1310 2918 ira
1337 2845 1507 2937 elongeris
1534 2868 1554 2916 a
1578 2844 1696 2918 nobis:
1722 2849 1838 2919 nonin
1865 2849 1985 2925 furore

612 2970 672 3033 tuo
699 2961 872 3056 disperdas
899 2984 980 3050 nos,
1007 2983 1125 3033 verum
1152 2961 1333 3034 secuudum
1358 2959 1627 3033 benevolentiam
1640 2972 1728 3032 tuam
1746 2961 1885 3056 posside
1903 2987 1985 3057 nos,

614 3086 647 3147 et
681 3099 743 3172 per
781 3076 1012 3150 abundantiam
1046 3077 1202 3149 bonitatis
1238 3089 1332 3164 tuae,
1372 3099 1476 3171 parce
1509 3077 1616 3150 nobis.
1669 3076 1817 3148 Dlumina
1840 3078 1986 3174 ,vultum

611 3201 702 3263 taum
729 3215 830 3288 super
855 3216 936 3283 nos,
964 3204 997 3264 et
1023 3217 1124 3288 super
1151 3216 1281 3266 omnem
1308 3190 1440 3287 plebem
1467 3193 1679 3266 haereditatis
1705 3202 1799 3283 tuae,
1826 3196 1904 3289 quia
1922 3195 1986 3269 tibi

611 3308 722 3402 placet
748 3307 885 3381 salutem
912 3321 1102 3406 praestare,
1133 3319 1167 3380 et
1199 3320 1254 3381 tua
1287 3318 1339 3379 est
1372 3331 1441 3403 pax
1468 3321 1502 3380 et
1528 3308 1633 3379 salus:
1670 3308 1793 3402 tibique
1825 3309 1986 3402 glorium,

613 3434 646 3494 et
673 3428 853 3516 gratiarum
880 3429 1044 3498 actionem
1071 3425 1255 3513 ollerimus,
1282 3435 1316 3495 et
1342 3428 1511 3516 unigenito
1538 3424 1623 3495 Filio
1651 3435 1718 3495 tuo.

716 3540 876 3633 Populus.
929 3544 1047 3613 Amen.

716 3657 890 3726 Sacerdos
916 3656 1106 3725 inclinatas.
1159 3655 1328 3727 Memento
1356 3662 1454 3728 etiam
1467 3657 1609 3728 Domine
1636 3656 1768 3726 Pathum
1796 3654 1987 3731 electorum

613 3780 647 3841 et
680 3783 886 3859 sauctorum,
919 3771 1200 3858 Patriarcharum,
1236 3783 1270 3841 et
1305 3795 1421 3844 eoram
1456 3776 1511 3866 qui
1538 3775 1736 3865 interpretes
1771 3781 1806 3842 et
1839 3774 1987 3846 ministri

612 3885 743 3958 luerunt
769 3892 1004 3983 mysteriorum
1031 3909 1204 3959 sacrorum
1230 3886 1405 3959 Ecclesiae
1433 3897 1508 3958 tuae
1535 3897 1688 3958 sauctae:
1720 3888 1868 3957 maxime
1896 3909 1987 3959 vero

612 4001 748 4092 ignatii,
775 4005 944 4099 Dionysii,
970 4003 1066 4091 Julii,
1093 4004 1281 4091 Athanasii,
1307 4003 1433 4093 Basilii,
1453 4005 1621 4093 Gregorii,
1648 4003 1816 4089 Dioscori,
1843 4001 1986 4093 Severi,

613 4118 879 4215 reliquorumque
905 4121 1143 4216 Apostolorum
1172 4129 1206 4190 et
1230 4120 1424 4209 Pastorum,
1451 4123 1507 4213 qui
1534 4117 1575 4189 ad
1602 4127 1636 4189 tc
1662 4120 1900 4208 nrigraverunt.

716 4236 875 4328 Papulas.
927 4237 1031 4332 llyrie
1058 4236 1194 4307 eleison.

722 4351 896 4422 Sacerdos
931 4353 1067 4422 elecaas
1104 4374 1228 4421 rocem
1280 4351 1463 4438 Doctores,
1503 4343 1711 4443 Episcopus,
1751 4357 1784 4419 et
1824 4356 1986 4424 recures

612 4470 724 4537 ovium
757 4466 986 4562 spiritualium,
1021 4489 1162 4559 gregum
1194 4477 1324 4538 tuorum
1359 4466 1613 4538 sacerdotalium
1645 4466 1793 4558 suscipe,
1819 4464 1983 4552 Domine,

611 4592 645 4650 et
672 4603 731 4651 eos
758 4585 812 4676 qui
839 4605 913 4652 cum
940 4585 1129 4667 sanctitate,
1155 4586 1335 4676 primitias,
1361 4605 1455 4656 more
1480 4580 1680 4677 Apostolico
1706 4588 1868 4674 ceperunt
1886 4577 1983 4653 hae-

611 4697 760 4768 reditatis
792 4696 970 4792 pacificae,
1003 4696 1220 4788 Theologiam
1256 4697 1383 4770 scilicet
1418 4701 1610 4791 acquisitam
1641 4698 1804 4787 sanguine
1839 4694 1985 4768 salntni

612 4809 735 4882 Christi
760 4795 918 4905 unigeniti
945 4811 1019 4883 Filii
1046 4817 1109 4883 tui:
1137 4835 1252 4883 eorum
1279 4816 1334 4907 qui
1361 4817 1393 4883 in
1419 4812 1582 4885 Ecclesiis
1609 4814 1670 4882 tuis
1698 4815 1821 4883 sanctis
1856 4811 1983 4907 expli-

612 4940 773 4998 caveumt
799 4928 930 5014 verbis,
957 4928 1098 5018 gloriam
1124 4929 1386 5019 magnificentiae
1412 4932 1507 5020 regni
1533 4932 1579 4999 tui
1611 4927 1772 5019 gloriosi,
1805 4934 1839 4997 et
1874 4947 1986 5022 suuper

610 5039 856 5114 fundamentum
883 5043 958 5114 helei
985 5042 1242 5113 aedificaverunt
1267 5046 1437 5114 scientiam
1463 5048 1654 5117 universam
1690 5064 1794 5114 verae
1826 5040 1985 5134 religio-

610 5160 680 5241 nis,
708 5156 938 5252 salubremque
966 5157 1163 5228 doctrinam:
1196 5157 1240 5229 Ut
1265 5181 1326 5254 per
1359 5162 1616 5232 intercessiones
1652 5182 1768 5231 eorum
1802 5180 1907 5254 puras
1947 5171 1986 5232 et

612 5269 853 5365 acceptabiles,
878 5276 1036 5360 Domine,
1063 5295 1131 5344 nou
1157 5272 1323 5368 relinquas
1349 5296 1412 5347 nos
1444 5278 1619 5370 expositos
1651 5274 1777 5348 insidiis
1806 5285 1842 5347 et
1875 5275 1984 5351 deci-
