5150 6534
595 831 671 906 478
1099 832 1455 910 lllUllGlb

594 1023 688 1091 sione
717 1031 770 1090 tua
797 1017 936 1115 lrpssopi
966 1021 1009 1088 tni
1036 1017 1155 1089 munda
1183 1041 1253 1106 me,
1281 1042 1391 1114 neque
1409 1018 1578 1111 elongeris
1607 1045 1711 1108 ame,
1739 1021 1798 1094 sed
1814 1021 1959 1095 abundet

591 1139 622 1205 in
650 1159 703 1205 me
730 1139 837 1226 gratia
865 1147 940 1223 tua,
968 1144 1001 1205 et
1026 1132 1132 1205 libera
1160 1157 1213 1204 me
1240 1134 1281 1206 ab
1311 1134 1460 1207 omnibus
1488 1140 1633 1230 quaein
1660 1160 1713 1208 me
1746 1138 1823 1211 odio
1857 1137 1959 1228 digna

592 1262 675 1322 sunt.
727 1252 780 1321 Da
808 1250 882 1321 mibi
910 1253 1135 1321 sustinentiam
1164 1261 1198 1319 ut
1223 1261 1392 1321 transeam
1419 1274 1480 1345 per
1515 1252 1668 1323 mundum
1701 1253 1786 1323 bunc
1820 1264 1957 1347 tempo-

591 1369 694 1438 ralem
722 1378 755 1436 et
782 1365 999 1437 laboriosum:
1028 1367 1068 1435 da
1097 1365 1172 1435 mibi
1199 1377 1233 1436 ut
1260 1389 1445 1458 agnoscam
1472 1367 1664 1459 dignitatem
1691 1370 1862 1439 ministerii
1888 1367 1957 1439 bu-

587 1489 661 1575 jus„
688 1491 823 1576 praesta
851 1503 903 1551 me
930 1480 1062 1572 dignum
1077 1479 1197 1551 lumine
1212 1491 1267 1552 tuo
1283 1493 1432 1554 aeterno.
1485 1482 1654 1555 Memento
1678 1486 1821 1555 Domine
1840 1506 1957 1556 eorum

592 1603 704 1693 quiin
733 1596 833 1668 exilio
862 1605 951 1682 sunt,
979 1597 1198 1685 infirmorum,
1226 1609 1258 1668 et
1286 1599 1493 1686 aMietorum,
1522 1609 1695 1671 eteorum
1733 1603 1786 1693 qui
1820 1609 1958 1694 sperant

591 1720 622 1786 in
652 1725 701 1801 te:
738 1723 836 1805 atque
870 1712 991 1804 adjuva
1028 1736 1087 1783 eos
1116 1715 1146 1782 in
1183 1718 1393 1784 necessitate.
1446 1714 1614 1785 Memento
1649 1718 1747 1785 etiam
1780 1719 1889 1803 aeris,
1922 1724 1957 1786 et

591 1830 768 1925 rrndtiplica
796 1828 1060 1898 benedictionem
1087 1831 1176 1898 anni:
1205 1840 1304 1923 atque
1332 1828 1564 1901 abundantiam
1583 1830 1744 1901 iructuum
1760 1831 1853 1901 simul
1882 1853 1956 1903 cunr

590 1970 692 2041 poce,
719 1944 772 2013 lac
799 1948 830 2014 in
859 1942 942 2014 orbe
970 1941 1129 2013 obtinere.

693 2060 855 2152 Populos.
909 2059 1014 2152 llprie
1042 2058 1178 2129 eleison.
1913 2122 1915 2127 .

692 2175 867 2246 Sacerdos
898 2175 1034 2245 ele-cons
1066 2197 1191 2246 docent.
1244 2176 1394 2266 Integre,
1431 2176 1600 2270 perfecte„
1633 2186 1666 2247 et
1698 2176 1956 2248 misericorditer

586 2298 756 2364 'conserva
784 2291 925 2362 Domine
951 2289 1107 2385 populum
1134 2301 1220 2360 tuum
1248 2290 1393 2379 fidelenm
1421 2301 1453 2362 et
1479 2290 1583 2361 libera
1610 2292 1836 2363 nosaiurore
1858 2293 1954 2380 duro,

591 2419 624 2479 et
651 2406 745 2479 salva
772 2429 833 2478 nos
863 2430 881 2476 a
909 2406 996 2476 ianre
1025 2415 1058 2475 et
1085 2406 1281 2499 pestilentia,
1309 2418 1457 2478 aterrae
1471 2418 1560 2478 motu
1574 2417 1607 2477 et
1625 2408 1786 2478 incendio.
1842 2409 1954 2480 Prae-

516 2548 520 2563 ·
590 2547 690 2595 serva
725 2544 787 2593 nos
815 2548 834 2593 a
861 2521 1094 2592 tentationibus
1126 2521 1259 2593 Diaboli
1295 2535 1328 2594 et
1361 2522 1401 2593 ab
1437 2523 1587 2595 omnibus
1623 2527 1781 2612 inimicis,
1815 2525 1954 2596 occultis

590 2652 623 2711 et
649 2638 841 2710 manifestis.
895 2637 965 2708 Nos
994 2640 1091 2708 etiam
1118 2636 1242 2709 liberos
1271 2649 1404 2732 praesta
1432 2662 1451 2708 a
1478 2637 1690 2734 passionibus
1722 2644 1894 2734 perversis
1922 2652 1955 2712 et

588 2755 886 2857 reprobandispet
913 2752 954 2823 ab
983 2756 1071 2824 ornni
1103 2776 1310 2847 quocumque
1346 2778 1458 2826 earum
1493 2778 1602 2825 rerum
1636 2777 1778 2845 genere,
1815 2779 1901 2850 quae
1934 2780 1954 2828 a
2013 2754 2027 2771 “

588 2885 620 2942 te
647 2893 709 2942 nos
736 2869 851 2966 procul
879 2869 1011 2940 iaciunt.
1063 2867 1171 2939 Auser
1197 2893 1217 2939 a
1243 2871 1339 2942 nobis
1366 2871 1483 2965 plagas
1510 2870 1627 2958 malus,
1655 2880 1688 2942 ct
1714 2874 1830 2963 virgas
1852 2872 1953 2944 furo-

587 2992 650 3058 ris:
679 2988 799 3081 udjuva
827 3009 888 3058 nos
915 2985 1057 3056 Domine
1092 2984 1250 3056 Salvator
1284 2997 1417 3075 noster,
1454 2990 1724 3081 quotiescumque
1758 2990 1955 3061 invocamus

587 3114 639 3191 te„
667 3115 700 3174 et
726 3126 768 3173 ne
797 3103 961 3196 despicias
989 3101 1261 3196 supplicationem
1290 3104 1494 3174 adorantium
1527 3113 1569 3172 te.
1622 3103 1785 3174 Miserere
1818 3128 1954 3200 paupe-

587 3244 676 3309 rum,
705 3221 863 3314 propitius
891 3229 963 3287 esto
992 3239 1073 3333 epga
1100 3221 1319 3311 peregrinos:
1347 3216 1503 3322 orphanis
1529 3221 1620 3288 vitae
1647 3221 1837 3290 necessaria
1866 3244 1953 3315 pro-

585 3337 681 3423 vides
708 3338 890 3406 esurientes
917 3333 1019 3427 reple.
1073 3335 1216 3424 Protege
1232 3333 1417 3405 Ecclesiam
1435 3345 1535 3422 tuam,
1562 3356 1622 3427 per
1645 3357 1778 3405 crucem
1793 3339 1953 3428 unigeniti

587 3451 660 3522 Filii
688 3455 751 3539 tui‚
784 3460 818 3521 et
851 3447 961 3519 exalta
996 3448 1080 3519 filios
1115 3452 1205 3538 ejus,
1239 3472 1300 3544 per
1335 3454 1626 3521 conservationem
1652 3472 1758 3521 verae
1792 3451 1885 3522 fidei:
1918 3462 1954 3523 ut

585 3568 770 3639 releramus
799 3564 854 3635 tibi
883 3565 1022 3655 gloriam
1051 3575 1084 3634 et
1109 3562 1257 3654 laudem‚
1285 3577 1318 3635 et
1345 3568 1512 3656 unigenito
1540 3564 1624 3635 Filio
1653 3575 1727 3653 tuo,
1755 3575 1789 3636 et
1816 3567 1953 3660 Spiritui

586 3697 641 3756 tuo
669 3695 795 3756 saneto.

690 3799 849 3891 Populus.
901 3800 1019 3868 Amen.

690 3915 864 3985 Sacerdos
894 3913 1084 3981 irretientes.
1139 3911 1302 3981 Miserere
1336 3913 1479 3983 Durniue
1510 3916 1713 4007 paupertatis
1748 3936 1862 4000 meae,
1897 3918 1951 4008 qui
2044 3988 2046 3992 ,

589 4045 620 4104 te
648 4036 770 4103 invoco
798 4029 861 4101 hoc
889 4038 1046 4121 tempore.
1100 4030 1266 4100 Memento
1295 4052 1356 4123 per
1379 4031 1519 4119 gratiam
1554 4038 1638 4099 tuam
1674 4051 1786 4100 eorum
1822 4035 1876 4124 qui
1910 4032 1952 4102 ad

587 4159 619 4219 tc
647 4147 857 4238 coniugium,
885 4143 1081 4235 adjuvantes
1116 4143 1300 4214 Ecclesiam
1338 4153 1424 4214 tuam
1460 4153 1608 4215 sanctam
1644 4149 1677 4216 in
1710 4146 1886 4244 verboet
1919 4151 1951 4218 in

587 4287 706 4359 opere:
735 4265 787 4357 qui
814 4261 976 4331 honorant
1003 4270 1156 4349 sanctos,
1184 4263 1238 4353 qui
1265 4283 1377 4330 curam
1405 4271 1525 4352 gerunt
1550 4283 1729 4356 pauperum
1751 4261 1864 4357 populi
1892 4266 1950 4350 tui,

587 4392 759 4451 eteorum
789 4379 842 4470 qui
870 4379 901 4446 in
928 4375 978 4446 bis
1006 4375 1226 4449 oblationibus
1252 4386 1379 4471 partem
1407 4374 1608 4464 babuerunt;
1642 4387 1676 4449 ut
1708 4376 1858 4467 illorum,
1896 4383 1951 4473 qui

588 4497 709 4567 ollerre
744 4493 940 4579 voluerunt,
980 4492 1039 4562 sed
1079 4515 1146 4563 non
1178 4502 1365 4587 potuerunt.
1417 4492 1556 4562 Praesta
1583 4488 1723 4587 [quoque
1757 4498 1950 4567 memoriam

586 4612 707 4684 bonam
734 4607 881 4704 patribus
909 4616 942 4678 et
967 4605 1123 4680 fratribus
1150 4611 1291 4696 nostris,
1318 4618 1351 4677 et
1377 4610 1417 4680 iis
1445 4607 1594 4680 onmibus
1633 4612 1686 4703 qui
1718 4614 1949 4682 communica-

586 4736 704 4798 verunt
731 4725 922 4796 necessitati
948 4735 1100 4812 nostrae,
1129 4736 1226 4818 atque
1253 4723 1567 4795 commendaverunt
1596 4723 1713 4805 nobis,
1746 4736 1949 4800 utmemo-

586 4844 667 4913 riam
695 4864 809 4913 eorum
837 4861 1031 4929 ageremuS‚
1058 4862 1170 4911 coram
1198 4851 1231 4911 te
1258 4842 1349 4911 Deus
1377 4840 1532 4911 clemens.

690 4956 849 5049 Populus.
904 4954 1008 5049 Myris
1035 4953 1172 5026 eleison.

688 5071 862 5145 Sacerdos
890 5071 1026 5142 eleeons
1051 5093 1176 5141 eocern.
1229 5070 1396 5143 Memento
1411 5072 1948 5167 Domineuniuscujusqueeorum
2031 5138 2034 5145 .

587 5211 671 5282 quos
698 5190 1028 5263 commemoravimus
1057 5210 1167 5258 coram
1197 5197 1249 5275 te,
1277 5198 1451 5258 eteorum
1479 5192 1576 5259 etiam
1604 5210 1741 5281 quorum
1774 5212 1841 5262 nou
1868 5213 1947 5261 ure-

587 5307 753 5377 minimus:
781 5317 814 5377 ut
850 5327 965 5378 eorum
981 5287 1050 5397 'qui
1086 5302 1243 5395 adjuvant
1274 5325 1459 5398 pauperes,
1493 5325 1638 5396 egenos,
1673 5315 1706 5375 et
1741 5308 1947 5398 angustiatus
