5150 6534
603 816 677 894 leo
1106 820 1468 898 Llllllillli

700 1004 863 1098 Populos.
888 1006 1010 1078 Amen.
1312 1093 1316 1098 .

700 1120 885 1194 Sacerdos.
917 1120 962 1194 Ut
997 1120 1202 1194 sanctificent
1240 1145 1387 1219 corpcra
1419 1132 1456 1196 et
1492 1126 1619 1198 animes
1651 1145 1784 1216 corun,
1817 1127 1875 1219 qui
1904 1123 1968 1199 illis

598 1238 895 1326 communicabunt,
922 1239 965 1311 ad
984 1237 1230 1314 mundaucuem
1254 1238 1405 1312 cordiam
1422 1261 1551 1335 eorum,
1575 1239 1837 1336 purificatiooem
1863 1244 1968 1334 cogi-

596 1359 756 1427 tationum
782 1377 921 1443 eorum,
956 1363 990 1426 el
1015 1354 1058 1425 cd
1083 1354 1377 1428 sanctificationem
1410 1359 1591 1428 animarum
1623 1378 1759 1444 eornm,
1792 1378 1882 1453 quae
1915 1367 1969 1432 osi

600 1473 634 1541 in
661 1491 769 1562 regno
795 1470 967 1543 coelorum
992 1480 1028 1541 et
1052 1472 1121 1540 vita
1149 1480 1295 1542 aeterna

700 1586 890 1658 Diaconos.
918 1585 1070 1657 Dremus.
1517 1673 1523 1682 ³
1746 1637 1748 1641 -

699 1702 875 1774 Sacerdos
900 1702 1092 1773 inclinem.
1119 1701 1429 1775 commemoramus
1460 1724 1575 1776 omnm
1605 1711 1659 1794 ie,
1690 1703 1835 1776 Domine
1860 1704 1968 1794 Deus,

597 1818 662 1891 boc
688 1829 838 1914 tempore
852 1818 949 1909 bojas
963 1816 1128 1906 sacrificii,
1154 1839 1272 1890 omnes
1286 1817 1461 1892 Ecclesiae
1478 1829 1552 1892 mes
1565 1826 1718 1892 muchs:
1744 1828 1779 1890 ei
1802 1819 1966 1895 Pasicree

598 1934 815 2007 Drlbodoxos
851 1936 907 2029 qni
939 1936 973 2005 in
1005 1932 1070 2006 illis
1101 1938 1235 2007 vivunt:
1269 1938 1452 2029 praecipue
1483 1957 1568 2008 veno
1593 1932 1667 2008 DD.
1693 1932 1735 2006 N.
1761 1933 1866 2013 ab.
1891 1957 1967 2012 m

597 2051 735 2146 reliquis
761 2049 940 2146 Episcopis
966 2048 1178 2122 Dribodoxis.
1230 2050 1352 2121 Ilerum
1378 2054 1477 2123 etiam
1504 2072 1804 2124 commemoramus
1831 2050 1963 2124 Sacer-

597 2168 693 2239 dotes
719 2174 754 2238 ei
776 2168 949 2239 Diaconos
974 2188 1098 2253 veros,
1128 2163 1342 2261 reliquosque
1375 2166 1578 2239 domesticos
1612 2175 1707 2255 tuos,
1746 2169 1802 2262 qni
1838 2164 1963 2240 obser·

596 2293 678 2354 vent
702 2281 856 2354 mandale
883 2290 948 2352 tue.
999 2282 1121 2354 Iberum
1147 2284 1247 2354 eiiam
1273 2281 1492 2355 obsecramus
1517 2292 1570 2370 ie,
1595 2284 1748 2370 Domine,
1774 2304 1838 2379 pro
1865 2292 1963 2356 nan·

596 2396 756 2494 quillitete
787 2408 822 2470 et
853 2397 1103 2469 confirmatione
1134 2400 1235 2469 letius
1270 2398 1401 2474 mundi:
1433 2421 1497 2493 pro
1531 2396 1763 2472 benedictione
1797 2400 1893 2489 anui,
1932 2408 1965 2472 ei

595 2513 758 2584 bucinum
784 2513 947 2585 ubertate.
999 2513 1122 2585 Iterum
1146 2512 1365 2586 obsecramus
1394 2525 1452 2602 ie,
1478 2536 1541 2609 pro
1573 2514 1726 2602 infirmis,
1760 2514 1965 2618 allliclis‚‚el

594 2630 660 2701 illis
686 2632 742 2724 qni
768 2653 789 2702 a
814 2628 910 2701 molis
936 2627 1105 2723 spiritibus
1131 2628 1346 2702 iniesianmr:
1372 2639 1409 2701 ut
1432 2633 1551 2702 visites
1577 2651 1652 2719 eos,
1676 2634 1871 2711 visitatione
1895 2640 1963 2708 tua
2056 2672 2059 2680 ι

594 2747 715 2818 lterum
743 2745 958 2817 obsecramus
984 2755 1019 2815 tc
1034 2746 1178 2817 Domine
1202 2767 1265 2841 pro
1294 2745 1446 2818 omnibus
1473 2748 1529 2840 qui
1550 2750 1708 2819 invocant
1723 2767 1847 2820 nomen
1861 2757 1962 2836 mum,

595 2873 630 2934 el
655 2860 851 2935 confitentur
875 2871 909 2932 te
936 2882 1015 2932 esse
1039 2881 1159 2932 verum
1185 2858 1324 2933 Deum.-

698 2977 847 3048 Eleoons
872 2999 998 3048 ccccm,
1034 2976 1138 3047 Salva
1164 2986 1199 3047 ci
1229 2975 1353 3064 libera,
1387 2976 1531 3049 Domine
1562 2977 1656 3050 Deae
1688 3000 1791 3068 vere,
1819 2998 1963 3071 gregem

593 3103 683 3164 mum
711 3094 752 3165 ab
781 3091 931 3165 omnibus
958 3092 1066 3188 plagis
1092 3095 1221 3183 noxiis,
1254 3092 1389 3164 acerbis
1423 3103 1457 3163 ei
1488 3091 1686 3181 mortiferis,
1718 3103 1754 3165 ut
1785 3097 1887 3167 eiiam
1919 3091 1961 3165 ab

592 3207 744 3281 omnibus
771 3208 976 3283 contumeliis
1003 3214 1151 3302 gentium
1175 3206 1394 3281 barbararum
1427 3231 1514 3302 quoe
1544 3229 1665 3280 nomen
1697 3218 1786 3281 luam
1812 3220 1962 3284 saucium

593 3347 660 3396 non
687 3334 863 3410 noverunt,
891 3334 925 3396 el
950 3324 1153 3397 divinitatem
1180 3335 1270 3395 tuum
1286 3346 1353 3397 non
1380 3333 1578 3414 agnoscunt
1629 3323 1729 3415 Rege
1751 3323 1843 3396 illurn
1860 3323 1960 3398 ¹dcx-

594 3451 665 3513 lera
692 3451 747 3513 toa
773 3439 885 3512 valida
912 3449 947 3511 et
967 3443 1215 3536 omnipotente,
1241 3450 1276 3512 ut
1302 3439 1496 3511 confiteatur
1522 3439 1592 3529 tibi,
1619 3450 1653 3511 et
1677 3443 1849 3531 unigenite
1874 3438 1959 3512 Filio

593 3568 662 3643 tuo,
692 3568 724 3628 le
751 3539 886 3652 Spiritui
912 3567 980 3626 tuo.

699 3673 860 3765 Populus.
886 3673 1005 3743 Amen.

699 3787 872 3859 Sacerdos
889 3787 1080 3857 incliuoice.
1133 3785 1301 3860 Memento
1318 3791 1429 3875 etiam,
1455 3788 1610 3871 Domine,
1637 3808 1753 3859 eorum
1774 3791 1830 3883 qai
1856 3785 1962 3859 oblu-

595 3901 702 3974 lerunl
727 3903 825 3975 hodie
852 3902 1068 3990 oblationem,
1096 3925 1197 3997 super
1222 3902 1286 3975 hoc
1321 3901 1442 3973 aliare:
1478 3912 1513 3972 et
1542 3924 1659 3973 corum
1694 3906 1750 3997 qui
1784 3902 1962 3977 voluerum

595 4018 734 4106 ollerre,
761 4019 822 4089 sed
847 4017 1035 4090 facultatem
1061 4041 1128 4091 non
1154 4017 1354 4118 babuerunt:
1389 4028 1488 4112 eique
1524 4022 1698 4112 unicnique
1730 4018 1860 4091 illomm
1897 4041 1962 4092 so·-

594 4135 734 4206 cundnm
759 4144 901 4205 mentem
929 4158 1022 4207 sunm
1049 4135 1110 4223 da,
1136 4137 1289 4212 Domine.

698 4250 847 4322 liccam
872 4272 997 4321 nocem
1049 4249 1217 4321 Memento
1245 4250 1404 4337 Domine,
1440 4249 1483 4320 ad
1510 4250 1614 4320 aliare
1648 4249 1838 4345 spirituale,
1873 4271 1965 4322 coe·

593 4367 693 4461 loque
719 4367 906 4454 sublimius,
947 4367 1088 4437 omnium
1121 4370 1176 4460 qni
1210 4376 1243 4436 te
1279 4377 1527 4457 cognovenmt:
1568 4376 1602 4437 et
1635 4365 1837 4439 voluntatem
1873 4377 1965 4440 mam

593 4483 716 4555 bonam
742 4476 1023 4584 adimpleverunizl
1043 4494 1077 4554 et
1103 4486 1236 4576 suspice
1262 4504 1324 4577 per
1350 4485 1491 4573 graiium
1520 4494 1626 4570 luam,
1653 4481 1861 4570 oblationes,
1895 4481 1967 4556 de-

593 4602 762 4693 cimasque
789 4601 923 4685 eorum,
955 4608 990 4669 et
1021 4595 1077 4668 inc
1109 4598 1185 4669 illos
1216 4596 1337 4687 dignos
1370 4596 1478 4689 gloria
1509 4600 1652 4669 nominis
1686 4602 1731 4670 lui
1765 4600 1892 4687 sancti,
1930 4610 1969 4674 el

592 4718 750 4807 unigeniti
777 4714 851 4785 Filii
877 4718 943 4800 tui,
971 4724 1032 4783 ele.
1188 4711 1350 4805 Populus.
1377 4715 1496 4784 Amen.

697 4831 871 4901 Sacerdos
892 4830 1084 4900 inclinatos.
1112 4830 1292 4915 Memento,
1323 4831 1483 4916 Domine,
1517 4824 1531 4861 ²
1557 4828 1691 4920 Regum
1708 4828 1868 4901 bdelium:
1896 4851 1970 4925 ap-

593 4946 761 5042 prehende
788 4969 880 5018 arma
907 4957 941 5018 et
967 4958 1114 5034 scutum,
1141 4955 1176 5017 et
1201 4967 1332 5037 exurge
1357 4951 1392 5017 iu
1418 4946 1615 5038 adjutorium
1634 4967 1765 5020 eorum:
1792 4943 1834 5016 da
1862 4947 1972 5022 edam

593 5062 658 5133 illis
685 5065 856 5134 victoriam
884 5062 926 5134 (le
952 5062 1100 5135 hostibus
1128 5064 1213 5146 suis,
1240 5083 1303 5156 per
1328 5059 1551 5133 fortitudinem
1577 5072 1666 5131 tuum
1691 5082 1858 5153 magnam.

697 5179 847 5250 Elecone
870 5201 995 5250 ccccm.
1022 5179 1075 5250 Tu
1101 5200 1138 5249 es
1166 5179 1252 5248 enim
1278 5175 1375 5249 dolor
1400 5176 1598 5249 fortitudinis
1625 5188 1660 5249 et
1684 5177 1824 5270 largiter
1844 5182 1972 5254 viclo-

593 5294 680 5380 rioe‚
709 5292 859 5366 omnibus
886 5298 941 5389 qui
968 5294 1105 5366 credunt
1130 5297 1163 5364 in
1190 5301 1240 5382 te,
1267 5303 1302 5364 et
1326 5315 1411 5364 vere
1437 5294 1574 5387 dilignml
1599 5304 1642 5366 ie.
