5150 6534
585 827 664 907 aas
879 803 1672 922 u1uuuc1ns.rouuu1a

690 1012 854 1129 Populos..
902 1012 1046 1087 Etcum
1074 1017 1189 1110 spiritu
1215 1025 1283 1087 tuo.

587 1206 590 1211 .
689 1131 873 1203 Sacerdos.
924 1131 1159 1209 Miserationcs
1184 1130 1249 1202 Dei
1276 1133 1351 1222 sint,
1378 1139 1442 1201 etc.

587 1296 589 1302 .
690 1249 877 1320 Diaconos.
930 1247 1051 1319 lterum
1077 1257 1175 1341 atque
1195 1250 1326 1318 iterum.

824 1537 999 1611 Sacerdos
1025 1539 1111 1609 dicit
1138 1540 1335 1610 Orationem
1360 1543 1441 1607 ante
1466 1535 1568 1607 Pater
1593 1544 1720 1610 noster.

690 1727 782 1799 Deus
817 1738 936 1824 potens
956 1738 1003 1799 et
1036 1750 1176 1821 magne,
1216 1731 1271 1823 qui
1311 1750 1373 1823 per
1408 1747 1556 1797 amorem
1594 1734 1684 1796 mum
1718 1744 1802 1816 erga
1836 1722 1948 1799 homi*

585 1866 664 1931 nes,
698 1846 848 1931 vocasti,
883 1852 917 1915 et
950 1843 1116 1916 adduxisti
1150 1866 1214 1916 nos
1246 1844 1288 1915 ad
1322 1843 1442 1916 donum
1470 1841 1545 1913 hoc-
1561 1840 1722 1928 divinum,
1754 1862 1818 1936 pa·
1852 1842 1949 1939 quad,

587 1961 698 2046 Pater,
725 1957 950 2052 glorificamus
975 1970 1021 2047 te,
1049 1969 1083 2029 ot
1108 1959 1265 2054 Spiritum
1292 1970 1441 2031 sanctum
1469 1957 1666 2047 adoramus,
1701 1966 1735 2029 ot
1766 1962 1949 2032 cratonem

586 2075 804 2164 dominicam,
831 2097 929 2170 quam
962 2075 1073 2148 docuit
1106 2097 1169 2148 nos
1196 2074 1300 2148 Filius
1335 2085 1409 2147 tuus
1436 2076 1624 2165 unigenitus
1660 2076 1826 2162 canimus3
1858 2078 1948 2171 pur‘a

585 2189 767 2279 menibus,
801 2189 913 2282 lingua
949 2190 1121 2280 abstersa,
1157 2216 1231 2263 cum
1257 2196 1399 2287 puritate
1426 2193 1597 2284 corporis,
1624 2201 1658 2261 et
1683 2192 1832 2280 animae,
1865 2212 1949 2285 quas

585 2305 703 2378 fiducia
730 2286 890 2378 instructa
916 2311 976 2393 sit,
1014 2306 1206 2379 audebimus
1233 2311 1394 2379 invocare
1427 2316 1461 2377 tc
1493 2304 1602 2376 Deum
1634 2304 1834 2393 coelestem,
1865 2328 1948 2377 ora-

585 2421 704 2511 bimus,
731 2431 765 2493 et
790 2423 947 2494 dicemus.
1000 2424 1101 2507 Pater
1127 2434 1241 2497 noster
1257 2427 1323 2518 ·qui
1350 2445 1388 2495 as
1414 2425 1447 2491 in
1474 2420 1588 2491 coelis.

688 2538 861 2631 Populos.
900 2540 1143 2626 Sanctificetur,
1170 2549 1232 2611 etc.

687 2653 871 2728 Sacerdos.
923 2655 1025 2726 Pater
1050 2654 1140 2727 hone
1167 2664 1201 2726 et
1226 2658 1439 2744 misericors,
1474 2658 1529 2750 qui
1564 2645 1765 2751 praestitisti
1792 2652 1889 2728 uolris
1914 2665 1949 2727 ut

584 2769 640 2840 filii
668 2773 713 2840 tui
745 2792 961 2842 vocaremur:
995 2773 1087 2865 eripe
1113 2794 1177 2843 nos
1204 2795 1224 2843 a
1255 2768 1488 2843 tentationibus
1522 2773 1750 2863 gravissimis,
1778 2781 1812 2842 ct
1842 2771 1946 2844 libers

583 2907 646 2958 nos
674 2909 694 2955 a
720 2884 883 2978 maligno,
911 2889 1065 2981 omniqua
1091 2897 1257 2982 potestate
1285 2890 1374 2981 ejus,
1413 2897 1447 2958 et
1473 2911 1493 2958 a
1519 2886 1811 2962 machinationibus
1836 2888 1947 2962 homi-

583 3021 658 3070 num
691 2999 916 3096 improborum
948 3010 983 3073 et
1008 3002 1194 3075 referemus
1220 3001 1277 3074 tihi
1304 3001 1457 3095 gloriam,
1484 3011 1548 3074 etc.

689 3116 850 3210 Populos.
903 3119 1021 3189 Amm.

687 3233 870 3304 Sacerdos.
923 3234 1007 3305 Pax.

687 3348 848 3439 Popalas.
900 3348 1045 3422 Etcum
1073 3354 1187 3447 spiritu
1215 3361 1280 3424 tuo.

688 3465 875 3535 Diaconos.
927 3464 1087 3536 Inclinato
1114 3470 1222 3562 capita
1247 3477 1372 3538 vestra.

687 3579 869 3651 Sacerdos.
922 3580 1000 3652 Rex
1025 3604 1147 3675 magne
1166 3594 1199 3654 et
1223 3589 1436 3679 *omnipotens
1464 3583 1524 3656 sub
1552 3586 1646 3676 cujus
1660 3588 1789 3679 imperii
1815 3596 1945 3683 sceptro

585 3717 700 3767 omnes
728 3704 902 3767 creaturae
929 3697 1145 3788 inclinantur,
1178 3701 1268 3771 mitte
1301 3700 1551 3772 benedictiones
1584 3711 1658 3773 tuas
1693 3723 1795 3797 super
1820 3700 1943 3774 Eccle-

584 3815 667 3884 siam
700 3820 788 3881 tuam
824 3820 991 3902 sanctam,
1025 3836 1110 3907 quae
1143 3838 1228 3887 nuuc
1259 3814 1433 3886 inclinatur
1467 3837 1581 3887 coram
1613 3825 1664 3905 te,
1697 3827 1731 3888 ct
1761 3816 1943 3890 referemus

584 3925 654 4015 tibi,
681 3937 744 3997 etc.

686 4042 845 4134 Papulas.
899 4044 1017 4115 Amen.

686 4157 868 4230 Sacerdos.
923 4161 1005 4240 Pax.

688 4273 848 4365 Populus.
900 4274 1043 4346 Etcum
1071 4278 1278 4372 spiritutuo.

687 4386 869 4461 Sacerdos.
922 4390 974 4461 Sit
998 4395 1116 4482 gratia.

690 4505 876 4577 Diaconos.
931 4505 1013 4579 Cum
1040 4511 1167 4579 tunore.

689 4621 849 4713 Popatas.
902 4622 995 4695 Unus
1021 4622 1122 4696 Pater
1148 4635 1292 4696 sauctus.

805 4911 979 4984 Sacerdos
1005 4916 1089 4987 dicit
1117 4916 1313 4988 Orationem
1341 4919 1537 4990 Gratiarum
1563 4924 1719 4994 actionis.

689 5098 822 5173 Gratias
849 5106 978 5195 agimus
1005 5104 1064 5176 tihi
1089 5106 1182 5178 Deus
1216 5118 1249 5178 et
1268 5107 1475 5181 confitemur
1499 5113 1623 5182 nomini
1648 5120 1722 5200 tuo,
1759 5112 1848 5206 quod
1878 5121 1956 5186 nos*

584 5211 661 5285 licet
684 5215 851 5308 indignos,
877 5217 986 5291 fecisti
1012 5219 1132 5312 dignos
1158 5220 1221 5295 hoc
1253 5222 1342 5295 dono
1377 5224 1490 5297 divino
1526 5231 1677 5321 corporis
1704 5239 1738 5300 et
1771 5232 1942 5324 sanguinis

588 5332 747 5420 unigeniti
772 5331 848 5404 Filii
873 5337 931 5427 tui,
958 5344 992 5407 ct
1016 5332 1211 5426 referemus,
1238 5348 1300 5410 etc.
