5150 6534
670 813 744 888 580
956 814 1134 892 lllllRGlll
1161 813 1392 892 silurorum
1417 811 1693 890 APOSTOLORUM
1720 826 1770 888 ac.

823 1088 1001 1160 Sacerdos
1027 1090 1111 1160 dicit
1135 1087 1333 1158 Orationem
1357 1093 1527 1157 secretam
1551 1085 1641 1181 donc
1667 1088 1704 1155 in
1729 1085 1885 1156 Berrote.

771 1277 915 1349 Domine
945 1280 1039 1351 Deus
1073 1279 1302 1373 omnipotens,
1343 1286 1397 1347 tua
1431 1285 1484 1348 est
1515 1274 1670 1347 Ecclesia
1706 1285 1821 1347 saneta
1858 1272 2042 1361 catholica,

670 1395 791 1488 quippe
819 1398 874 1489 qui
901 1417 961 1490 per
987 1396 1179 1491 passionem
1210 1414 1365 1484 magnam
1402 1390 1614 1480 cunstitui,
1647 1393 1756 1462 emisti
1782 1412 1866 1463 oves
1895 1413 2043 1486 pascuae

667 1518 755 1597 tuae,
782 1520 889 1581 etex
914 1514 1024 1602 gratia
1050 1510 1192 1605 Spiritus
1219 1512 1336 1594 sancti,
1364 1509 1467 1603 ipsius
1495 1511 1550 1602 qui
1577 1511 1674 1593 unius
1702 1516 1847 1579 osteum
1869 1507 2042 1578 divinitate

668 1634 724 1696 tua
751 1622 903 1716 gloriosa
931 1634 1084 1711 naturae,
1119 1623 1237 1696 dantur
1270 1622 1394 1716 gradm
1422 1622 1639 1695 ordinationis
1673 1622 1889 1694 sacerdotalis
1916 1627 2041 1694 verae:

669 1749 702 1810 et
728 1762 789 1835 per
817 1739 1024 1812 clementiam
1051 1752 1139 1812 tuam
1166 1740 1310 1811 Domine
1344 1739 1498 1831 dignatus
1534 1762 1571 1812 es
1606 1737 1860 1810 imbecillitatem
1892 1748 2041 1810 nostram

668 1854 783 1927 iacere
811 1854 959 1927 membra
987 1855 1167 1953 spiritualia
1204 1858 1237 1926 in
1264 1877 1408 1952 corpore
1435 1877 1557 1949 magno
1583 1854 1758 1928 Ecclesiae
1785 1866 1862 1926 tuae
1889 1863 2040 1943 sanctae,

611 2053 614 2056 ,
671 1981 706 2042 ut
719 1973 981 2045 ministraremus
995 1970 1152 2044 auxilinm
1165 1970 1336 2068 spirituale
1351 1971 1522 2044 animabus
1535 1970 1695 2044 fidelibus.
1728 1971 1780 2042 Tu
1794 1993 1881 2041 nunc
1894 1972 2039 2043 Domine

668 2088 793 2183 perfice
819 2087 993 2160 nobiscum
1018 2091 1158 2180 gratiam
1186 2097 1286 2176 tuam,
1314 2098 1348 2159 et
1375 2088 1504 2159 effunde
1530 2111 1592 2183 per
1617 2109 1734 2159 manus
1756 2098 1890 2160 nostras
1918 2085 2041 2158 donum

668 2214 775 2275 tuum:
803 2214 837 2275 et
861 2203 1112 2275 misericordiae
1139 2213 1228 2294 tuae,
1256 2214 1291 2275 et
1317 2203 1492 2275 clementia
1519 2203 1697 2275 divinitatis
1725 2213 1819 2294 tuae,
1846 2205 1912 2276 sint
1938 2224 2041 2297 super

667 2340 746 2405 nos,
774 2329 808 2390 et
833 2341 934 2415 super
961 2319 1119 2415 populum
1144 2322 1242 2391 istum
1269 2342 1367 2413 quem
1395 2319 1527 2412 elegisti
1552 2318 1621 2390 tili.
1722 2327 1725 2333 “

771 2435 922 2506 Eteonos
953 2458 1079 2507 cocere.
1132 2434 1176 2505 Et
1208 2434 1250 2505 da
1289 2433 1386 2508 nobis
1418 2435 1562 2509 Domine
1598 2457 1661 2529 per
1694 2434 1902 2507 clementiam
1940 2445 2039 2522 tuam,

667 2559 703 2648 nt
728 2572 791 2623 nos
819 2572 934 2622 omnes
962 2550 1057 2623 simul
1084 2561 1117 2621 et
1144 2550 1327 2643 aequaliter
1355 2550 1507 2624 omuibus
1534 2549 1651 2622 diebus
1678 2553 1769 2623 vitae
1795 2561 1931 2624 nostrae
1959 2549 2040 2646 pla-

668 2687 802 2737 ceamus
830 2664 991 2739 divinitati
1018 2677 1113 2757 tuae,
1141 2665 1298 2759 dignique
1333 2665 1510 2738 efficiamur
1543 2666 1669 2738 auxilio
1704 2669 1834 2759 gratiae
1869 2674 1961 2754 tuae,
1996 2666 2040 2737 ad

669 2780 871 2854 offerendum
898 2781 956 2853 tibi
980 2781 1124 2873 laudem,
1150 2780 1326 2875 honorem,
1353 2782 1609 2871 contessionem,
1631 2793 1665 2855 et
1684 2780 1926 2871 adorationem,
1949 2784 2040 2852 omui

668 2909 818 2994 tempore
847 2899 999 2970 Domine.

773 3014 819 3084 Et
846 3014 1033 3085 ascendunt
1063 3014 1217 3085 Diaconi
1244 3013 1292 3084 ad
1317 3014 1431 3085 attare
1458 3022 1493 3085 et
1518 3015 1644 3086 dicunt.
1671 3015 1684 3050 ⁶
1725 3014 1789 3100 Qui
1816 3034 1883 3086 non
1910 3013 2041 3108 accepit

667 3125 886 3223 baptismum,
913 3141 976 3203 etc.

772 3245 857 3315 ‘Et
890 3250 1012 3339 incipit
1044 3245 1220 3317 Sacerdos
1253 3250 1508 3338 responsorium
1538 3249 1789 3340 mysteriorum,
1821 3251 2040 3340 inferretque

668 3361 830 3433 Sacrista
865 3369 899 3433 et
936 3363 1115 3435 Diaconos
1148 3362 1275 3434 discum
1311 3369 1345 3434 et
1378 3363 1520 3436 calicem
1552 3387 1654 3457 super
1686 3363 1810 3434 attare.
1862 3362 2040 3432 Sacerdos

666 3501 785 3548 roanos
809 3482 938 3571 [annot
964 3482 1000 3549 in
1024 3479 1156 3550 modum
1182 3480 1295 3551 crucis
1321 3486 1357 3550 et
1383 3481 1477 3552 dicit.
1531 3477 1706 3552 Oderimus
1733 3478 1862 3551 laudem
1886 3477 2040 3550 Trinitati

667 3603 746 3664 tuae
772 3593 940 3685 gloriosae
968 3597 1056 3665 omui
1083 3605 1234 3690 tempore
1261 3605 1295 3666 et
1321 3598 1354 3665 in
1381 3596 1526 3668 saecula.

584 3725 589 3735 ·
675 3704 695 3710 ”
770 3708 819 3778 Et
840 3713 1069 3802 prosequitur.
1124 3708 1274 3783 Christus
1308 3713 1362 3805 qui
1389 3710 1575 3788 immolatus
1609 3722 1663 3783 est
1688 3733 1750 3807 pro
1778 3710 1883 3784 salute
1909 3721 2037 3799 nostra,

668 3825 907 3918 praecepitque
933 3823 1031 3919 nobis
1063 3835 1099 3896 ut
1134 3847 1312 3917 ageremus
1340 3830 1688 3899 commemorationem
1714 3830 1829 3900 mortis
1857 3837 1891 3898 et
1915 3849 2037 3898 resur-

671 3926 830 4012 rectionis
859 3962 953 4029 sunr,
980 3942 1053 4038 ipse
1080 3941 1448 4036 suscipiatsacriticium
1474 3941 1538 4016 lroc
1565 3967 1611 4015 ox
1637 3942 1788 4015 manibus
1806 3940 2036 4015 imbecillitatis

669 4062 822 4127 nostrae:
849 4059 1079 4151 pergratiam
1107 4080 1200 4129 suam
1227 4064 1262 4126 et
1289 4059 1519 4132 miserationes
1548 4082 1625 4133 suas
1652 4063 1686 4129 in
1713 4058 1857 4131 saecula.
1891 4060 2011 4131 Amen.

773 4169 821 4240 Et
843 4176 1072 4266 prosequitur.
1124 4171 1338 4267 lmponuntur
1363 4179 1524 4268 mysteria
1550 4176 1742 4272 praeclara,
1774 4184 1890 4248 sancta
1917 4183 1951 4244 et
1976 4177 2037 4246 vi-
2083 4168 2087 4180 ⁸

613 4307 618 4313 ·
670 4285 769 4358 vitica
801 4309 903 4382 super
936 4287 1041 4359 altare
1075 4289 1209 4362 Domini
1239 4292 1404 4383 potentis,
1440 4312 1546 4385 usque
1586 4291 1628 4364 ad
1664 4296 1735 4384 ejas
1776 4290 1971 4378 adventum,
2003 4293 2037 4361 in

672 4392 815 4474 slrecula.
868 4402 987 4474 Amen.

773 4516 900 4589 Lauda.
953 4517 1116 4591 Memoria
1142 4530 1208 4592 tua.
1259 4520 1362 4594 Pater
1394 4533 1520 4595 noster.
1572 4524 1728 4620 Apostoli
1754 4523 1873 4596 Patris.
1927 4520 2037 4617 Super

670 4634 776 4707 altare
802 4643 960 4707 sanctum.
1016 4635 1079 4721 Qui
1106 4635 1319 4710 dormierunt.
1357 4637 1541 4712 Mathaeus.
1583 4640 1727 4714 Marcus.
1765 4639 1888 4729 Lucas,
1915 4648 1978 4710 etc.
