5150 6534
823 855 829 870 ’
917 859 1135 935 llTllllGlrl
1171 858 1310 935 trusis
1346 858 1653 934 itta-ontulit.
1849 936 1855 949 ,
1895 859 1967 932 391

600 1047 793 1139 largitorem
820 1046 1080 1130 misericordiae,
1110 1048 1267 1116 Domine:
1304 1068 1484 1139 coramque
1520 1045 1615 1116 altari
1642 1054 1699 1115 tuo
1727 1056 1843 1117 saneto
1871 1047 1971 1117 incli-

600 1186 716 1234 namus
745 1164 830 1235 colla
859 1166 1037 1233 animarum
1067 1172 1303 1256 etcorporum
1332 1173 1535 1232 nostrorum:
1573 1170 1707 1231 etcum
1735 1160 1971 1255 deprecatione

600 1281 849 1375 propitiatoria,
886 1301 1044 1368 rogamus
1080 1287 1113 1346 et
1140 1276 1357 1347 obsecramus
1391 1289 1432 1347 te.
1486 1276 1580 1347 blitte
1613 1275 1862 1349 benedictiones
1899 1289 1971 1349 tuas

599 1394 735 1483 uberes,
763 1405 796 1464 et
823 1394 963 1466 benedic
990 1415 1111 1463 servos
1139 1404 1172 1462 et
1199 1392 1394 1464 adoratores
1421 1400 1506 1476 tuos,
1536 1403 1568 1462 et
1595 1390 1777 1464 reseremus
1806 1393 1861 1464 tibi
1889 1396 1972 1486 glo-

602 1512 687 1582 riam
715 1520 749 1580 et
775 1509 916 1600 laudem,
944 1520 977 1579 et
1003 1512 1184 1600 unigenito,
1213 1518 1275 1579 etc.

707 1625 868 1718 Populus.
923 1628 1041 1698 Amen.
1959 1702 1963 1712 ¹

706 1739 890 1811 Sacerdos.
945 1741 995 1811 'lu
1029 1743 1115 1811 enim
1149 1763 1186 1810 es
1222 1741 1364 1810 Domine
1400 1737 1440 1809 ab
1476 1741 1566 1811 initio
1601 1750 1732 1812 creator
1759 1744 1910 1836 sapiens,
1939 1754 1973 1815 ct

602 1859 635 1926 in
661 1854 725 1926 line
752 1866 935 1951 temporum
964 1861 1099 1929 extitisti
1127 1854 1224 1927 nobis
1253 1855 1421 1941 salvator,
1457 1864 1491 1925 et
1516 1860 1639 1926 veniae
1666 1857 1818 1948 largitor:
1853 1869 1885 1928 et
1911 1882 1973 1953 per

600 1969 720 2042 Filium
748 1982 836 2043 tuum
872 1972 1023 2044 dilectum
1058 1973 1195 2044 salvasti
1229 1993 1311 2057 nos.
1346 1979 1444 2064 atque
1481 1970 1523 2041 ad
1557 1970 1792 2044 haereditatem
1825 1983 1973 2046 nostram

601 2090 769 2183 pristinam
803 2111 865 2159 nas
901 2090 1072 2160 reduxisti.
1126 2088 1221 2158 Nunc
1258 2090 1375 2171 etiam.v
1412 2088 1568 2172 Domine,
1602 2087 1666 2159 boc
1701 2099 1871 2185 tempore,
1909 2115 1970 2187 por

600 2204 878 2292 misericordiam,
910 2205 1041 2290 facilem
1077 2215 1108 2275 te
1143 2203 1239 2274 nobis
1274 2202 1420 2296 praebe,
1448 2212 1487 2271 et
1518 2206 1650 2298 suscipe
1684 2201 1747 2274 boc
1775 2208 1970 2278 sacrificium

603 2318 692 2413 qnod
718 2324 947 2415 propeccatis
970 2321 1280 2392 nostrisoll'erirnus
1310 2319 1385 2404 tibi3
1408 2321 1505 2409 juxta
1529 2318 1709 2390 doctrinam
1730 2318 1969 2412 Evangelicam

602 2434 725 2507 Christi
748 2440 905 2527 unigeniti
933 2437 1007 2507 Filii
1036 2442 1092 2525 tui.
1120 2459 1180 2529 per
1207 2459 1313 2528 quem,
1342 2449 1404 2508 etc.

710 2550 868 2644 Papulas.
922 2554 1041 2625 Amen.

708 2667 891 2737 Diaconos.
945 2668 1077 2739 Stemus
1106 2668 1272 2738 decenter.

714 2783 898 2854 Sacerdos.
954 2782 1083 2855 Caritas
1111 2784 1238 2873 Patris.
1266 2787 1373 2875 gratia
1401 2785 1493 2875 Filii.
1522 2796 1555 2856 et
1581 2790 1834 2859 communicatio
1861 2788 1973 2883 Spiri-

602 2909 655 2970 tus
683 2904 800 2984 saneti,
828 2904 870 2971 sit
896 2925 968 2971 cum
998 2900 1148 2973 omnibus
1177 2900 1282 2972 nobis.

707 3016 866 3109 Populus.
923 3017 1006 3089 Cum
1034 3021 1148 3111 spiritu
1177 3027 1241 3087 tuo.

707 3126 889 3204 Sacerdos.
944 3133 1082 3204 Sursum
1111 3132 1222 3202 corda.

710 3248 871 3341 Populus.
924 3247 1095 3319 Habemus
1124 3247 1165 3318 ad
1192 3249 1378 3328 Dominum.

707 3365 891 3435 Sacerdos.
946 3364 1079 3436 Gratias
1107 3387 1245 3454 agamus
1274 3364 1426 3436 Domino.

707 3480 867 3572 Papulas.
920 3481 1063 3572 Dignum
1092 3491 1124 3550 et
1146 3485 1269 3572 justum
1297 3491 1357 3549 est.

708 3596 882 3668 Sacerdos
909 3598 1099 3667 inclinatas.
1155 3595 1245 3667 Vere
1279 3605 1313 3666 ot
1349 3597 1521 3691 plusquam
1553 3601 1657 3689 juste,
1693 3620 1766 3667 curn
1794 3600 1911 3668 timore
1938 3608 1971 3668 et

578 3724 749 3784 -tremore
782 3715 908 3803 gratias
944 3735 1082 3804 agemus
1119 3711 1193 3792 tibi.
1235 3711 1447 3783 adorabimus
1486 3723 1518 3808 et
1550 3711 1756 3784 laudabimus
1790 3723 1823 3783 te
1856 3713 1971 3802 corde,

603 3838 728 3912 mente.
756 3839 789 3898 et
815 3828 942 3918 lingua:
971 3840 1022 3914 te,
1048 3830 1141 3898 Deus
1169 3830 1269 3898 Pater
1296 3832 1522 3922 omnipotens,
1550 3832 1604 3921 qni
1632 3829 1795 3917 adoraris.
1825 3830 1970 3901 laudaris

604 3952 637 4013 et
663 3941 846 4014 celebraris
874 3942 916 4015 ab
945 3942 1096 4014 omnibus
1124 3942 1292 4013 ordinibus
1321 3947 1428 4034 igneis
1456 3954 1488 4013 et
1516 3943 1748 4036 spiritualibus.

706 4059 855 4130 Eleaaas
880 4082 1004 4129 eocenr.
1059 4057 1134 4129 'libi
1170 4063 1277 4146 enim.
1315 4060 1474 4146 Domine,
1509 4069 1583 4128 sunt
1618 4060 1774 4132 incaelo
1803 4073 1837 4133 ct
1865 4063 1970 4134 coelis

608 4175 804 4262 coelorum7
831 4178 968 4246 ministri
1003 4197 1166 4269 nunquam
1195 4175 1351 4262 silenteS.
1380 4187 1412 4246 et
1439 4173 1628 4245 laudatores
1657 4178 1826 4263 innumeri,
1856 4182 1910 4273 qui
1938 4191 1970 4250 te

605 4302 766 4386 perpetuo
795 4302 828 4361 et
848 4292 1070 4363 indesinenter
1097 4291 1245 4362 laudant:
1279 4292 1404 4383 Angeli
1432 4304 1465 4363 et
1487 4291 1701 4383 Archangeli,
1728 4292 1858 4388 hymnis
1886 4298 1970 4367 suis:

605 4406 730 4478 Tbroni
757 4418 791 4478 et
818 4409 1065 4496 Dominationes
1095 4408 1244 4480 cantibus
1282 4412 1364 4480 suis:
1398 4409 1626 4504 Principatus‚
1658 4408 1805 4480 Virtutes
1839 4420 1872 4480 et
1897 4411 1971 4480 Po-

605 4531 759 4607 testates.
792 4521 904 4612 jubilis
938 4527 1022 4595 suis:
1059 4528 1113 4617 qni
1149 4523 1261 4596 oribus
1302 4527 1426 4616 ignem,
1463 4533 1659 4596 reverenter
1690 4534 1722 4595 te
1749 4523 1893 4612 laudant,
1921 4537 1971 4596 ter

605 4636 747 4709 clamant
773 4649 807 4708 et
833 4638 950 4710 dicunt.

709 4754 869 4846 Populus.
923 4754 1075 4826 Sanctus.

708 4870 883 4941 Sacerdos
919 4872 1107 4941 inclinatus.
1162 4873 1304 4943 Sanctus
1332 4897 1382 4962 es,
1408 4875 1501 4944 Deus
1527 4874 1628 4945 Pater
1655 4876 1880 4968 omnipotens,
1917 4876 1971 4966 qui

606 5007 667 5079 per
695 4995 782 5055 tuum
818 5009 966 5057 umorem
1003 5009 1083 5076 erga
1120 4988 1286 5076 tamnes,
1322 4989 1474 5059 mundum
1508 4987 1646 5062 salvasti
1679 5013 1699 5059 a
1732 5001 1858 5079 morte,
1891 4998 1970 5060 eta

606 5112 763 5195 peccato.
799 5126 859 5197 per
895 5106 1152 5172 incarnationem
1186 5103 1260 5172 Filii
1294 5109 1337 5175 tui
1372 5107 1547 5196 unigeniti,
1582 5107 1635 5197 qui
1668 5103 1837 5177 voluntate
1869 5105 1970 5192 bona.

607 5215 776 5290 descendit
810 5219 851 5288 de
885 5219 1004 5305 coeliS,
1040 5241 1102 5288 nec
1136 5228 1244 5289 tamen
1276 5220 1407 5313 reliquit
1440 5223 1545 5291 sinum
1579 5228 1683 5309 tuum3
1719 5230 1753 5291 et
1782 5224 1970 5292 incarnatus

608 5343 660 5406 est
685 5333 728 5406 de
754 5333 878 5428 Spiritu
906 5343 1022 5406 sancto
1050 5332 1112 5405 sibi
1139 5333 1420 5424 consubstantiali,
1448 5348 1553 5408 etex
1580 5335 1686 5408 illaria
1720 5334 1860 5426 Virgine
1886 5358 1970 5410 san-
