5150 6534
979 1378 1592 1556 ittuntur

679 1707 1899 1828 Miuousuuotiuteout

603 1944 741 2011 ruerus
771 1945 889 2014 noum
923 1944 1093 2015 omnum
1122 1945 1186 2011 rm
1212 1945 1404 2013 onrooum
1433 1946 1647 2018 crraouoou
1680 1946 1848 2023 anuum,
1877 1946 1983 2016 urm
2061 1911 2064 1920 ’

679 2078 812 2146 uourns
833 2078 999 2146 immun
1020 2077 1159 2146 ursum
1182 2076 1235 2143 uu.
1258 2077 1461 2147 omnconm
1481 2078 1663 2148 unccoou.
1685 2079 1712 2146 J.
1734 2078 1764 2145 o.
1786 2077 1901 2147 maon

1096 2350 1217 2443 Oratio
1245 2356 1326 2420 onte
1351 2349 1489 2419 Pacem.

669 2543 787 2647 Duos
815 2573 960 2643 omnium
986 2570 1142 2658 Domine,
1168 2583 1306 2667 praesta
1332 2572 1429 2644 nobis
1462 2568 1606 2660 indiguis
1641 2570 1781 2643 salutem
1806 2570 1911 2660 bauo,
1939 2581 1981 2645 ut

602 2686 729 2781 absque
761 2684 839 2758 dolo
867 2688 1033 2777 conjuncti
1068 2710 1132 2782 per
1163 2687 1332 2759 vinculum
1358 2688 1524 2772 caritatis,
1557 2683 1744 2769 salutemus¹
1770 2688 1914 2758 invicem
1942 2689 1982 2760 in

601 2800 718 2873 osculo
749 2811 866 2875 sancto
894 2812 928 2872 et
953 2801 1079 2893 divino,
1107 2803 1351 2898 offeramusque
1373 2802 1433 2873 tibi
1449 2799 1593 2891 gloriam
1620 2808 1654 2871 et
1679 2800 1823 2891 laudem,
1848 2803 1983 2893 amigo-

599 2919 735 3011 nitoque
761 2917 847 2989 Filio
875 2927 932 2989 tuo
960 2926 995 2989 et
1020 2918 1156 3013 Spiritui
1181 2928 1312 3007 sancto,
1339 2938 1437 3005 nuuc,
1464 2925 1528 2986 ete.

702 3032 865 3125 Poptdua.
918 3033 1038 3104 Amen.

703 3148 888 3220 Sacerdos.
942 3149 1026 3221 Pax.
1401 3215 1406 3224 .

703 3264 865 3357 Populus.
919 3263 1064 3336 Etcum
1091 3262 1215 3359 Spiritu
1242 3271 1309 3335 tuo.
1362 3262 1489 3334 Demus
1515 3260 1649 3332 Pacem.

702 3380 890 3452 Sacerdos.
944 3380 1022 3475 lpse
1050 3382 1104 3474 qui
1131 3401 1169 3451 es
1196 3378 1290 3452 solus
1320 3377 1483 3449 Dominus
1510 3378 1719 3463 misericors,
1756 3376 1812 3467 qui
1842 3376 1878 3445 in
1902 3395 1980 3447 ex-

600 3493 699 3565 celsis
725 3494 867 3582 habitas,
894 3504 929 3565 et
954 3493 1087 3596 humilia
1106 3497 1256 3590 respicis,
1283 3497 1376 3565 mitte
1392 3490 1644 3565 benedictiones
1671 3489 1714 3561 ud
1740 3491 1885 3586 eosqui
1910 3494 1974 3564 iu-

601 3607 723 3679 cliuant
756 3609 843 3680 colla
880 3630 941 3680 sua
975 3630 1088 3682 eoram
1123 3619 1176 3701 te,
1210 3620 1245 3680 et
1275 3607 1417 3680 benedic
1449 3607 1512 3679 iliis
1546 3628 1609 3703 per
1641 3608 1784 3698 gratiam
1809 3608 1976 3700 unigeniti

599 3723 675 3809 Filii
701 3726 759 3813 tui,
787 3733 820 3794 et
846 3724 989 3819 Spiritus
1016 3726 1062 3796 tui
1091 3726 1335 3811 sanctinum,
1364 3734 1426 3795 eto.
1479 3723 1600 3794 Amen.

703 3839 795 3912 Deus
823 3847 919 3934 pater
946 3843 1000 3935 qui
1025 3864 1087 3935 per
1114 3862 1261 3912 amorem
1288 3850 1378 3910 tuum
1405 3859 1487 3929 erga
1514 3836 1666 3909 homiues
1693 3860 1866 3930 maguum,
1901 3842 1975 3911 mi-

603 3956 676 4027 sisti
703 3955 804 4027 tilium
830 3964 920 4027 tuum
946 3956 1178 4046 inmundum,
1210 3967 1245 4028 ut
1278 3978 1377 4027 ovem
1406 3964 1572 4025 errantem
1598 3951 1791 4039 reduceret,
1817 3974 1860 4023 ue
1891 3954 1977 4027 Do-

599 4074 688 4140 mine
714 4072 850 4161 rejicias
882 4070 1004 4143 cultum
1036 4071 1123 4143 bunc
1157 4083 1318 4159 nostrum,
1346 4070 1501 4143 sacrificii
1527 4067 1623 4160 hujus
1651 4070 1833 4156 incruenti;
1851 4090 1978 4161 auan-

602 4184 778 4279 doquidem
804 4188 837 4255 in
863 4186 1129 4259 miserationibus
1156 4191 1220 4259 tuis
1248 4197 1282 4258 et
1307 4210 1374 4259 non
1400 4190 1435 4256 iu
1457 4187 1584 4277 justitia
1617 4190 1733 4254 nostra
1766 4182 2004 4280 condamus„

601 4297 654 4369 Ne
682 4300 723 4369 ad
747 4298 905 4390 Judicium
923 4300 1019 4374 nobis
1045 4305 1160 4374 veniat
1177 4305 1371 4398 mysterium
1396 4301 1474 4390 hoc,
1502 4297 1591 4393 quod
1606 4298 1648 4369 ad
1668 4296 1806 4370 salutem
1824 4307 1978 4370 nostram

603 4414 781 4485 institutum
808 4426 874 4487 est:
902 4416 960 4487 sed
989 4417 1030 4487 ad
1058 4417 1271 4489 abolitionem
1298 4426 1512 4512 peccatorum
1527 4422 1730 4503 nostrorum,
1757 4423 1791 4484 et
1817 4412 1860 4485 ad
1885 4433 1977 4504 gra-

603 4532 722 4600 tiarum
749 4531 913 4599 actionem
939 4529 1149 4604 referendam
1175 4532 1254 4622 tibi,
1282 4544 1317 4604 et
1342 4534 1512 4623 unigenito
1541 4527 1627 4600 Filio
1660 4538 1736 4617 tuo,
1768 4539 1803 4600 et
1835 4526 1980 4625 Spiritui
2075 4527 2078 4532 ’

603 4652 731 4729 sancto,
758 4665 855 4733 nuuc,
883 4652 945 4715 etc.
2078 4646 2091 4665 '

706 4758 893 4829 Diocoaaa.
946 4761 1078 4834 Stemus
1105 4761 1271 4832 decenter.

705 4876 866 4969 Populea.
918 4877 1178 4949 Misericordiae.

704 4991 888 5062 Sacerdos.
941 4992 1066 5065 Gratia.

705 5105 867 5199 Populos.
918 5107 1063 5180 Etcum
1090 5107 1203 5199 spiritu
1231 5112 1298 5174 tuo.

703 5220 887 5298 Sacerdos.
940 5222 1078 5297 Sursum
1106 5218 1218 5293 eorda.
