5150 6534
594 800 670 875 530
1095 794 1533 874 LITURGIA·

592 987 747 1060 remissio
782 987 889 1058 omnis
925 985 1160 1078 cujuscumque
1200 985 1337 1075 generis
1372 984 1520 1078 peccati:
1560 978 1725 1057 abstersio
1760 981 1963 1056 maculatam

594 1104 757 1189 omnium,
794 1123 840 1172 ex
871 1101 1018 1196 peccatis
1053 1122 1116 1195 per
1141 1101 1363 1191 ignorantiam
1390 1099 1596 1186 commissis,
1629 1099 1769 1191 ejusque
1801 1095 1962 1173 Mnefido

593 1239 833 1315 praeparemur
859 1218 901 1288 ad
928 1216 1078 1288 standum
1106 1215 1233 1309 absque
1259 1214 1389 1309 pudore
1408 1236 1525 1286 coram
1551 1212 1638 1286 solio
1664 1222 1735 1303 tuo,
1762 1214 1963 1288 invitemur-

596 1357 661 1429 que
687 1333 729 1404 ad
755 1331 976 1404 babitaculum
1002 1331 1079 1403 illud
1105 1330 1255 1422 beatum,
1282 1340 1317 1401 et
1342 1334 1445 1403 vitam
1473 1341 1652 1403 aeternam.

700 1449 862 1541 Populus.
914 1449 1035 1521 Amen.
1472 1533 1476 1540 Ι

700 1565 876 1636 Sacerdos
901 1564 1093 1635 inclinatus.
1145 1563 1318 1655 Rogamus
1355 1573 1388 1634 te
1414 1562 1559 1636 Domine
1584 1564 1696 1654 Deus,
1732 1567 1789 1660 qui
1824 1564 1962 1658 suscipis

597 1681 761 1759 sacrificia
787 1684 942 1777 mystica,
970 1682 1103 1774 suscipe
1130 1678 1328 1752 sacrificium
1353 1677 1546 1752 bocvivum
1573 1689 1607 1751 et
1632 1684 1853 1769 incruentum,
1880 1676 1963 1773 quod

598 1798 765 1872 offerimus
793 1796 836 1868 ad
861 1796 1022 1868 honorem
1054 1797 1236 1887 majestatis
1263 1805 1354 1885 tuae,
1381 1806 1415 1867 et
1440 1795 1659 1868 reconciliare
1693 1818 1756 1893 per
1786 1794 1869 1868 illud
1893 1794 1964 1868 sc

598 1915 723 1988 clasiae
751 1921 900 2002 sauctae,
926 1933 1012 2007 quae
1038 1933 1100 2006 per
1125 1915 1319 1983 universum
1346 1911 1462 1984 orbem
1490 1935 1592 2008 super
1617 1934 1739 1984 nomeu
1765 1921 1856 1984 tuum
1883 1933 1964 1985 sau-

598 2043 686 2104 ctum
712 2028 845 2101 fundata
872 2039 906 2101 et
930 2028 1000 2099 [ixa
1025 2036 1087 2098 est.
1122 2025 1289 2100 Confirma
1316 2027 1476 2099 Pastores
1503 2031 1575 2121 ejus
1602 2026 1818 2101 Ortbodoxos
1845 2032 1986 2121 uirtute¹

599 2159 667 2234 tua,
695 2154 729 2215 ut
754 2153 894 2241 pascant
920 2165 994 2214 eam
1020 2141 1213 2238 pmdeuter‚
1248 2165 1317 2215 nou
1342 2165 1515 2238 perverse.
1568 2143 1710 2216 Decem·
1723 2146 1797 2235 ejus
1832 2144 1965 2217 ordines

598 2261 724 2334 honora
751 2282 813 2356 per
839 2258 1070 2337 abundantiam
1098 2257 1221 2331 multae
1246 2258 1498 2331 misericordiae
1523 2269 1611 2348 tuae,
1638 2270 1672 2331 et
1697 2281 1782 2352 erga
1807 2282 1865 2332 me
1889 2259 1965 2332 iuli-

598 2400 688 2449 mum
713 2375 838 2473 pelago
864 2375 1024 2446 malorum
1050 2377 1258 2465 immersum,
1285 2375 1477 2448 demonstra
1502 2379 1645 2467 gratiam
1670 2386 1774 2464 tuam,
1800 2386 1837 2447 et
1861 2377 1964 2448 mise·

600 2496 748 2565 rabones
776 2502 853 2563 tuae
881 2490 1039 2584 adjuvent
1064 2513 1129 2579 me,
1156 2514 1230 2563 cum
1258 2490 1409 2563 omnibus
1434 2490 1507 2564 liliis
1522 2490 1701 2565 Ecclesiae
1726 2500 1805 2563 tuae
1820 2502 1965 2564 sauctae.

704 2609 854 2680 Eteocles
885 2629 1010 2677 vocem.
1064 2606 1118 2679 Ab
1152 2605 1215 2677 bac
1250 2610 1348 2677 ctiam
1374 2606 1529 2678 Ecclesia
1556 2618 1612 2679 tua
1638 2617 1754 2681 sancta
1780 2630 1881 2702 mam
1906 2630 1966 2679 ae-

602 2726 765 2820 quisivisti
792 2726 953 2814 sauguine
966 2725 1126 2815 unigeniti
1149 2727 1206 2811 tui,
1233 2726 1287 2817 qui
1301 2725 1333 2793 in
1349 2721 1516 2815 Golgotba
1543 2724 1665 2796 effusus
1693 2735 1757 2813 est,
1784 2734 1819 2795 et
1846 2744 1965 2818 aspar-

602 2862 673 2928 sus,
699 2848 913 2935 tempestates
939 2836 1107 2910 violentas
1142 2838 1349 2926 haereseon,
1383 2837 1493 2910 fallaci
1527 2861 1566 2912 se
1600 2843 1733 2911 nomine
1764 2842 1967 2932 jactandum,

606 2979 691 3050 quae
719 2978 862 3029 cumea
891 2965 1056 3049 pugnant,
1092 2978 1291 3051 compesce,
1327 2965 1362 3026 et
1393 2953 1541 3051 depelle:
1573 2964 1607 3027 et
1641 2955 1804 3028 adversus
1841 2975 1968 3028 omnem

603 3072 803 3144 altitudinem
830 3074 1013 3164 erigentem
1041 3093 1079 3144 se
1107 3082 1224 3144 contra
1252 3094 1346 3161 eam,
1378 3069 1477 3142 eleva
1504 3093 1579 3144 eam
1612 3081 1647 3143 et
1678 3074 1826 3160 sustine;
1859 3070 1975 3145 bostes

602 3210 687 3260 vero
714 3210 906 3285 pugnaces,
940 3191 996 3282 qui
1021 3186 1139 3258 volunt
1173 3210 1248 3259 eam
1280 3190 1315 3257 in
1348 3184 1509 3281 abyssum
1543 3190 1720 3283 impietatis
1761 3186 1968 3280 demergere,

603 3304 708 3400 perde
735 3314 769 3376 et
795 3302 977 3375 confunde:
1004 3302 1191 3398 gladiisque
1217 3306 1322 3375 acutis
1337 3303 1455 3396 quibus
1469 3313 1631 3398 quaermnt
1648 3301 1798 3375 dividere
1825 3303 1969 3376 membra

603 3419 779 3493 Ecclesiae
805 3431 882 3492 tuae
909 3430 1056 3507 sanctae,
1083 3423 1175 3514 ipsos
1204 3417 1353 3492 discinde
1379 3427 1413 3489 et
1438 3428 1556 3490 macta.
1610 3419 1734 3492 Omnes
1760 3423 1862 3492 etiam
1887 3419 1970 3492 lilios

604 3539 677 3627 ejus
704 3558 825 3609 servos
853 3546 939 3624 tuos,
965 3535 1091 3606 illustra
1117 3534 1174 3607 illo
1212 3545 1350 3607 aeterno
1376 3533 1498 3607 lumine
1525 3535 1613 3630 quod
1646 3534 1838 3631 resplendet
1872 3558 1969 3632 super

606 3676 667 3726 eos
694 3655 749 3748 qui
774 3650 898 3723 iaciunt
923 3651 1127 3724 voluntatem
1154 3662 1254 3740 tuam,
1281 3659 1315 3721 et
1339 3650 1524 3723 reseremus
1540 3651 1600 3723 tibi
1614 3652 1755 3744 gloriam
1781 3662 1816 3724 et
1841 3651 1969 3723 laudem

606 3771 843 3863 unigenitoque
869 3766 954 3839 Filio
982 3777 1051 3854 tuo,
1078 3777 1112 3839 et
1138 3767 1273 3863 Spiritui
1301 3769 1521 3839 sanctissimo.

711 3882 871 3976 Populus.
924 3884 1043 3954 Amen.

710 3998 885 4069 Sacerdos
911 3998 1102 4068 inclinatas.
1146 3998 1354 4071 Convertere
1368 3998 1511 4070 Domine
1531 3998 1574 4071 ad
1595 3999 1864 4096 deprecationem
1884 4001 1973 4073 servi

607 4119 664 4203 tui,
691 4137 752 4211 pro
779 4118 938 4186 universo
960 4114 1084 4211 populo
1105 4124 1139 4186 et
1155 4115 1360 4187 haereditate
1384 4092 1450 4204 tua,
1478 4138 1564 4210 quae
1591 4116 1724 4189 assidue
1743 4138 1860 4188 curam
1877 4118 1972 4207 gerit,

607 4231 845 4319 habitationes,
884 4230 1090 4303 Monasteria
1128 4241 1161 4302 et
1192 4230 1365 4303 Ecclesias
1398 4242 1471 4303 tuas
1504 4231 1725 4305 sustentandi:
1760 4255 1846 4327 quae
1878 4234 1975 4304 etiam

608 4350 782 4444 primitias,
809 4347 973 4436 decimaS,
1010 4359 1044 4419 et
1078 4346 1263 4419 oblationes
1290 4350 1324 4417 in
1349 4346 1467 4419 iisdem
1493 4347 1590 4419 ollert
1616 4347 1693 4438 tibi,
1728 4358 1762 4419 et
1793 4370 1975 4444 pauperum

607 4463 809 4556 indigentiae
834 4466 1027 4535 necessaria
1054 4462 1258 4558 suppeditat,
1288 4475 1427 4560 propter
1459 4486 1580 4537 nomen
1614 4473 1718 4537 mum:
1753 4474 1787 4535 et
1818 4486 1882 4560 pro
1913 4461 1975 4536 illis

609 4582 664 4673 qui
691 4579 871 4652 secundum
897 4579 1072 4651 facultates
1105 4601 1183 4651 suas
1220 4578 1405 4652 oblationes
1439 4579 1498 4652 tibi
1531 4579 1737 4666 obtulerunt,
1770 4588 1807 4650 ut
1841 4600 1904 4675 pro
1937 4581 1976 4652 iis

612 4699 666 4791 qui
693 4695 810 4767 eadem
836 4695 994 4768 facultate
1021 4693 1175 4783 destituti,
1202 4696 1396 4769 confitentur
1422 4694 1489 4768 tibi.
1532 4696 1667 4790 AdJuva
1695 4718 1812 4769 omnes
1840 4699 1896 4790 qui
1922 4696 1977 4765 iu·

610 4821 735 4882 vocant
760 4833 881 4883 nomen
908 4821 1009 4899 tuum,
1035 4834 1097 4906 per
1123 4810 1297 4883 dexteram
1324 4823 1412 4884 tuam
1438 4811 1590 4886 omnibus
1616 4811 1841 4885 sufficientem.

715 4927 877 5019 Populus.
928 4926 1033 5023 llyrie
1060 4926 1197 4999 eleison.

715 5041 889 5114 Sacerdos
924 5045 1060 5115 elaeone
1091 5065 1217 5115 cocem.
1276 5043 1420 5140 Suscipe
1454 5066 1597 5139 quoque
1622 5042 1787 5133 Domine,
1818 5043 1976 5134 benigue,

610 5156 790 5230 illationem
817 5159 1018 5232 oblationum
1046 5172 1079 5232 et
1104 5163 1334 5255 primitiarum,
1362 5182 1477 5232 eorum
1505 5162 1560 5254 qui
1585 5159 1645 5232 tibi
1669 5158 1745 5231 illas
1773 5158 1976 5231 obtulerunt:

613 5295 730 5345 eorum
765 5277 863 5346 etiarn
899 5279 953 5371 qui
988 5274 1086 5349 nobis
1119 5274 1332 5349 benefaciunt
1366 5287 1400 5349 et
1432 5277 1652 5373 deprecantur
1684 5287 1734 5347 te:
1770 5294 1888 5346 eorum
1922 5275 1977 5368 qui
