5150 6534
842 896 1739 977 srurrrrnrnrnounnr
1895 868 1972 976 aad

632 1095 633 1098 ’
711 1080 872 1176 Populus.
898 1084 1017 1156 Amen.

709 1197 885 1271 Sacerdos
909 1198 1101 1272 iadinatas.
1155 1196 1331 1273 Ollarimus
1364 1204 1465 1294 igitur
1503 1201 1562 1273 tibi
1594 1202 1738 1275 Domine
1774 1202 1973 1276 sacrificium

605 1312 670 1385 boc
694 1335 756 1409 pro
783 1314 935 1387 omnibus
963 1313 1132 1390 ordinibus
1158 1315 1417 1405 Ecclesiasticis,
1445 1328 1480 1389 et
1505 1339 1567 1414 pro
1593 1328 1792 1414 paupertate
1818 1340 1911 1406 mea,
1940 1327 1974 1389 et

605 1429 780 1525 unicuique
805 1429 964 1502 auxilium
990 1429 1106 1505 tribue.
1852 1413 1855 1422 ¹

708 1540 859 1616 Masona
887 1568 1013 1618 vocem.
1066 1549 1226 1621 Pastores
1267 1558 1303 1620 et
1339 1546 1506 1620 Doctores
1546 1545 1763 1621 Orthodoxos
1796 1546 1972 1621 Ecclesiae

604 1670 681 1733 naas
708 1671 856 1749 sanctae,
883 1664 1045 1756 sapientia
1072 1673 1106 1735 et
1130 1661 1257 1735 viribus
1284 1665 1409 1736 instrue
1442 1665 1605 1752 Domine,
1637 1674 1673 1735 ut
1707 1674 1861 1759 quantum
1887 1685 1972 1759 opus

605 1785 659 1849 est
684 1787 770 1848 stent
796 1799 898 1872 super
924 1800 1050 1870 greges
1077 1789 1151 1851 tuos
1179 1778 1426 1865 sacerdotales,
1459 1781 1490 1848 in
1523 1781 1627 1874 pratis
1659 1778 1724 1850 illis
1758 1776 1973 1868 coelestibus,

603 1890 813 1984 lbrangebce
842 1902 1020 1987 pascentes
1056 1915 1165 1987 agnos
1199 1898 1351 1987 signatos
1384 1897 1517 1966 nomine
1547 1902 1605 1993 tuo
1638 1902 1777 1985 sancto,
1811 1916 1898 1965 nuuc
1939 1905 1973 1967 et

604 2028 750 2103 semper.
1995 2005 1996 2008 ’

706 2120 867 2215 Populus.
918 2126 1037 2197 Amen.

705 2236 881 2310 Sacerdos
906 2240 1099 2311 inclinatas.
1151 2238 1319 2311 Memento
1354 2239 1497 2311 Domine
1530 2261 1645 2311 eorum
1689 2243 1744 2334 qui
1778 2262 1970 2336 praecepe-

601 2361 678 2426 runt
702 2354 811 2442 nobis,
837 2365 873 2427 ut
897 2355 1028 2428 illorum
1053 2376 1220 2428 memores
1247 2375 1400 2443 essemus
1435 2356 1467 2424 in
1503 2357 1708 2428 orationibus
1740 2364 1774 2427 et
1801 2356 1970 2452 depressa

602 2467 746 2543 tionibus
782 2475 904 2544 uostris
938 2472 979 2543 ad
1012 2482 1063 2543 te:
1099 2479 1134 2542 et
1165 2449 1281 2543 eorum
1314 2474 1369 2565 qui
1404 2469 1599 2564 praeclarae
1642 2474 1733 2544 ritae
1778 2473 1970 2568 triumphum

602 2596 744 2679 egerunt
767 2589 801 2658 in
827 2585 982 2658 Ecclesia
1009 2595 1075 2674 tua,
1102 2596 1137 2658 et
1160 2608 1343 2681 pauperum
1370 2584 1484 2681 populi
1510 2588 1564 2657 tui.

657 2729 658 2732 ¹
706 2702 856 2774 Elevans
880 2725 1006 2774 vocem.
1060 2703 1210 2793 benigne
1237 2713 1347 2773 autem
1373 2703 1516 2773 Domine
1547 2705 1682 2799 suscipe
1713 2702 1900 2777 oblationes
1935 2715 1970 2777 et

604 2816 692 2889 dona
727 2818 841 2912 populi
873 2821 920 2889 tui
951 2817 1077 2907 tidelis,
1117 2828 1151 2887 et
1182 2816 1330 2888 retribue
1363 2816 1428 2887 illis
1459 2816 1582 2888 auxilia
1608 2819 1782 2911 praeclara
1809 2820 1971 2891 donorum

601 2942 741 3019 tuorum,
769 2955 856 3005 nunc
883 2932 1013 3028 quidem
1039 2955 1080 3005 ea
1108 2935 1302 3028 quaeipsis
1329 2929 1529 3028 expediunt:
1558 2932 1678 3004 deiude
1703 2955 1806 3022 vero,
1839 2956 1971 3007 sursum

600 3050 635 3118 in
670 3057 823 3120 extremo
856 3050 1007 3137 saeculo,
1042 3047 1237 3143 triumphum
1268 3047 1428 3119 illustrem
1464 3058 1498 3118 et
1532 3047 1733 3143 perlectum,
1770 3059 1804 3120 et
1838 3073 1970 3123 omnem

601 3162 797 3235 affluentiam
831 3164 1020 3237 deliciarum
1057 3164 1328 3236 indesinentium:
1367 3174 1402 3234 ut
1439 3165 1564 3255 gratim
1600 3174 1720 3278 agant,
1761 3162 1900 3235 adorent
1937 3172 1971 3233 et
2101 3179 2103 3183 ’

599 3278 797 3370 glorificent,
823 3301 953 3374 nosque
979 3302 1053 3380 oum
1079 3283 1174 3375 ipsis,
1200 3301 1322 3352 nomen
1348 3289 1438 3350 tumn
1465 3289 1613 3350 sanctum
1649 3288 1683 3351 et
1709 3280 1869 3370 unigeniti
1896 3279 1969 3350 Filii

601 3397 657 3482 tui,
686 3404 720 3465 st
745 3394 888 3489 Spiritus
915 3399 961 3468 tui
989 3400 1107 3487 sancti,
1133 3418 1221 3467 nunc
1247 3404 1281 3467 et
1307 3418 1449 3491 semper.
1477 3431 1478 3434 ¹
1556 3453 1562 3472 .
1594 3492 1597 3499 Α

703 3509 866 3603 Populus.
920 3513 1038 3585 Amen.

705 3624 879 3699 Sacerdos
910 3629 1101 3699 inclinatas.
1159 3628 1328 3699 Memento
1369 3629 1510 3700 Domine
1550 3627 1663 3723 populi
1705 3630 1750 3699 tui
1789 3626 1896 3700 fidelis
1936 3637 1971 3699 et

600 3739 742 3838 prohibe
769 3743 811 3815 ab
838 3743 902 3815 illis
929 3742 1065 3816 hostiles
1091 3748 1243 3816 incursus
1260 3754 1410 3815 secretos
1438 3753 1471 3814 et
1498 3754 1643 3839 apertos,
1669 3741 1759 3815 bella
1786 3742 1969 3815 domestica

601 3865 635 3927 et
659 3867 835 3948 cananea,
862 3869 896 3930 ct
922 3881 1020 3931 omne
1046 3859 1265 3932 calamitatum
1292 3880 1409 3950 genus.

704 3971 853 4045 Menona
878 3996 1003 4046 vocem.
1057 3975 1176 4069 Neque
1201 3986 1339 4069 propter
1364 3977 1568 4070 insipientias
1586 3985 1719 4048 nostras
1747 3974 1885 4047 deseras
1903 3996 1967 4048 nos

602 4088 789 4185 orphanos,
816 4090 990 4164 destitutos
1017 4094 1138 4165 virtute
1165 4100 1199 4162 et
1225 4089 1350 4162 auxilio
1384 4100 1439 4162 tuo
1465 4091 1626 4163 Domine:
1660 4112 1769 4184 neque
1803 4093 1968 4164 avertaris

601 4204 754 4293 anobis,
782 4215 816 4277 et
842 4208 1021 4299 affligamur
1047 4231 1160 4280 amare
1187 4207 1271 4279 ultra
1297 4210 1390 4277 vires
1424 4216 1577 4279 nostras:
1611 4205 1672 4279 sed
1707 4208 1869 4301 propitius
1896 4215 1969 4279 esto

599 4319 715 4410 nobis,
748 4331 782 4393 et
815 4321 856 4393 ab
892 4327 979 4396 omni
1012 4345 1138 4415 genere
1171 4328 1364 4418 passionum
1397 4324 1526 4416 pcccati
1561 4320 1706 4393 liberans
1742 4344 1824 4409 nos,
1852 4319 1968 4393 subter

600 4433 672 4507 alus
714 4446 788 4509 tuas
827 4448 987 4532 perpetuo
1021 4460 1085 4510 nos
1125 4438 1311 4510 absconde:
1348 4440 1422 4532 quia
1449 4447 1483 4507 tu
1518 4436 1611 4510 Deus
1644 4437 1794 4510 salvator
1827 4447 1860 4507 et
1886 4459 1968 4509 ser-

600 4559 700 4622 vator
726 4554 869 4623 omnium
896 4576 946 4639 es,
974 4562 1007 4624 ct
1032 4552 1091 4626 tibi
1116 4555 1257 4646 gloriam
1283 4553 1458 4625 referimus
1486 4564 1519 4624 et
1544 4557 1713 4645 unigenito
1740 4553 1826 4624 Filio
1853 4562 1968 4625 tuost

600 4663 737 4761 Spiritui
763 4676 819 4742 tuo
847 4680 989 4741 sancto(

703 4781 865 4876 Populus.
918 4786 1037 4858 Amen.
1403 4877 1405 4879 ,

704 4896 879 4973 Sacerdos
905 4902 1097 4973 inclinatas.
1151 4901 1319 4974 Memento
1346 4899 1489 4973 Domine
1521 4904 1664 4974 omnium
1695 4909 1884 4973 sanctorum
1911 4900 1966 4993 qui

600 5013 785 5086 asseculo
811 5016 1007 5111 placuerunt
1031 5016 1099 5104 tibi,
1126 5017 1168 5092 ab
1194 5017 1345 5105 Adamo‚
1382 5017 1534 5089 adhunc
1566 5039 1673 5113 usque
1706 5015 1801 5087 diem.
1854 5014 1966 5085 Prae-
2033 5036 2040 5048 ⁸

600 5129 699 5224 cipue
724 5151 809 5203 vcro
836 5143 972 5206 sanctae
999 5131 1176 5206 Genitricis
1208 5136 1272 5206 Dei
1299 5134 1443 5221 Mariae,
1478 5134 1618 5207 loannis
1654 5133 1846 5228 Baptistae,
1879 5129 1965 5201 Ste-

599 5241 698 5338 pbani
739 5251 897 5346 principis
928 5252 1151 5323 Diaconorum
1193 5260 1227 5321 ct
1265 5251 1362 5346 primi
1400 5257 1581 5345 martyrum
1621 5259 1654 5320 et
1697 5248 1840 5319 omnium
1877 5267 1964 5318 san-

600 5368 738 5432 ctorum.
1622 5452 1628 5461 Ι

1670 5480 1747 5554 32*
