5150 6534
611 797 693 880 290
1117 800 1547 889 tttttltott-

616 988 822 1081 gubernent.=
865 985 1006 1078 tamn,
1039 998 1074 1060 et
1104 1010 1167 1085 pro
1193 1010 1248 1064 me
1272 1010 1335 1061 rea
1362 985 1506 1061 abeeoro
1531 996 1586 1077 te,
1617 996 1782 1060 scrutator
1812 988 1983 1078 menum,

615 1114 654 1177 ιιι
676 1102 854 1195 abstergas
880 1126 902 1175 a
927 1125 982 1175 ma
1008 1125 1139 1176 omnam
1164 1107 1297 1200 peceati
1321 1101 1498 1193 maculam,
1524 1114 1559 1176 et
1582 1102 1733 1198 perfecte
1757 1102 1900 1175 mundae
1917 1124 1981 1189 nra,

615 1230 652 1292 ut
677 1223 835 1293 sanctitas
862 1242 950 1314 quae
976 1243 996 1292 a
1024 1229 1058 1294 ta
1084 1230 1154 1306 est„
1184 1222 1218 1292 in
1249 1242 1304 1293 me
1338 1218 1472 1293 habitet
1536 1220 1660 1292 Imaum
1691 1228 1725 1291 et
1755 1239 1820 1313 pra
1849 1238 1981 1292 :corana
2022 1240 2025 1243 ’

616 1339 703 1423 anni,
729 1348 765 1408 ut
790 1334 1005 1408 benedicatur
1030 1338 1259 1431 pergratiam
1285 1346 1387 1424 mam,
1413 1348 1448 1408 et
1473 1345 1572 1409 aeres
1598 1334 1749 1407 concode
1765 1342 1981 1430 temperatos,

615 1450 734 1545 quibus
767 1450 895 1524 fruetus
927 1449 1197 1547 multiplicentur
1235 1463 1272 1523 ut
1303 1450 1405 1524 edant
1438 1471 1605 1571 pauperes
1639 1459 1673 1522 et
1706 1458 1922 1617 saturentur,
1942 1459 1981 1521 at

614 1589 703 1639 voce
729 1570 910 1658 gratiarum
937 1569 1076 1640 actionis
1102 1577 1137 1639 te
1161 1564 1359 1660 glorificent.
1942 1617 1944 1620 -

718 1682 880 1775 Papulae.
927 1682 1046 1755 Amen.

626 1796 631 1806 '
718 1797 894 1869 Sacerdos
919 1798 1058 1871 ciccano
1087 1820 1213 1871 cacam
1267 1799 1319 1871 'l'u
1359 1820 1397 1870 es
1429 1801 1516 1870 euim
1550 1800 1607 1893 qui
1638 1801 1783 1871 ammam
1798 1795 1980 1876 baurim

615 1936 727 1986 curam
753 1917 855 2006 geris,
882 1922 917 1985 et
941 1934 1205 2008 unumquemque
1230 1916 1369 1988 inomni
1395 1912 1472 1986 loco
1493 1917 1608 2006 juvas,
1634 1922 1671 1985 et
1693 1910 1874 2004 gubernas.
1900 1912 1980 1986 Ad.-

609 2031 694 2121 juva
719 2050 783 2101 naa
809 2028 963 2115 Domine,
991 2038 1026 2100 et
1052 2030 1176 2102 exandi
1202 2051 1265 2103 uas
1293 2032 1565 2123 quotiescumque
1590 2028 1772 2102 clamamus
1797 2028 1842 2101 ad
1866 2040 1922 2117 te,
1937 2039 1979 2107 at

614 2144 762 2218 liberans
788 2167 851 2218 uos
879 2143 920 2217 ab
948 2147 1038 2249 amni
1054 2166 1190 2233 ⁴errore,
1216 2148 1425 2237 ignorantia,
1460 2156 1494 2216 et
1518 2145 1665 2217 tenebris
1690 2146 1839 2239 peccati,
1856 2141 1922 2216 tac
1937 2152 1980 2221 ut

613 2263 647 2332 in
672 2261 747 2333 luce
772 2260 999 2334 mandatorum
1026 2270 1156 2334 tuorum
1183 2259 1386 2333 ambulemus
1402 2260 1555 2334 omnibus
1571 2259 1687 2332 diebus
1712 2262 1805 2330 vitae
1829 2268 1978 2332 noemae:

528 2382 537 2392 '
615 2379 690 2472 quia
716 2386 750 2447 tu
768 2398 815 2450 es
841 2380 875 2447 in
903 2398 968 2471 quo
995 2378 1098 2471 spirat
1111 2399 1224 2449 xcuine
1250 2376 1339 2470 quod
1366 2378 1462 2465 vivit,
1489 2386 1523 2447 et
1549 2376 1607 2449 tibi
1640 2373 1779 2447 debetur
1812 2372 1923 2466 gloria
1944 2384 1980 2453 ¹et

607 2490 721 2565 bonor
747 2490 796 2564 ab
822 2481 984 2565 'amnibus
1020 2513 1107 2585 quaa
1138 2494 1259 2563 creasti
1292 2493 1324 2561 in
1360 2491 1457 2563 caela
1485 2499 1519 2561 et
1550 2494 1584 2561 in
1610 2500 1716 2577 terra,
1751 2500 1786 2562 et
1810 2494 1978 2585 unigenita

614 2608 699 2681 Filia
725 2617 793 2694 tua,
821 2617 856 2684 at
879 2606 1016 2702 Spirimi
1042 2617 1099 2679 tuo
1126 2609 1335 2681 sanet-issima
1362 2616 1397 2677 et
1421 2605 1523 2680 bana.

719 2722 881 2815 Papulae.
906 2724 1029 2796 Amen.
1573 2735 1575 2739 ’

549 2857 553 2870 ·
611 2902 613 2907 .
717 2838 893 2910 Sacerdos
918 2838 1109 2911 inclinatas.
1161 2838 1284 2910 lterum
1312 2860 1387 2910 cum
1403 2837 1651 2934 deprecatione
1683 2849 1717 2912 te
1752 2840 1979 2927 obsecramus,

612 2978 675 3053 pra
701 2954 765 3026 illis
793 2958 848 3049 qui
873 2977 959 3026 nunc
984 2953 1157 3028 uobiscum
1184 2948 1392 3047 congregati
1409 2964 1524 3034 arant:
1559 2964 1594 3026 et
1624 2978 1687 3051 pra
1721 2955 1786 3030 illis
1819 2959 1877 3051 qui
1892 2955 1979 3033 dili·

613 3081 732 3163 genter
757 3069 854 3144 nabis
880 3081 1134 3166 praeceperunt,
1160 3081 1195 3142 ut
1220 3074 1415 3144 memoriam
1441 3092 1557 3148 aarum
1584 3093 1700 3148 coram
1715 3081 1750 3142 te
1769 3070 1979 3145 faceremus:

609 3196 649 3259 wot
677 3208 739 3283 pro
756 3186 828 3259 illia
862 3189 918 3280 qui
943 3196 1025 3259 vata
1051 3196 1086 3257 et
1118 3188 1276 3280 primitias
1309 3190 1343 3257 in
1377 3186 1530 3260 Ecclesia
1564 3198 1619 3259 tua
1652 3198 1768 3262 sancta
1803 3186 1980 3282 adimplent

614 3313 648 3373 et
673 3302 834 3375 aderunt:
863 3305 918 3397 qni
943 3305 1067 3375 sanctis
1093 3305 1291 3389 ministrant,
1318 3314 1352 3375 et
1378 3302 1578 3398 pauperibus
1611 3303 1724 3398 papuli
1754 3306 1806 3374 tui
1828 3304 1982 3376 alimenta

613 3417 786 3514 praebent,
813 3429 847 3490 et
873 3440 990 3490 eorum
1016 3421 1071 3513 qui
1097 3415 1196 3489 bodie
1223 3417 1385 3512 quaedam
1412 3427 1655 3513 separaverunt
1680 3429 1714 3491 et
1728 3418 1953 3497 ,obtuderunt

717 3535 866 3606 Elecaaa
891 3557 1015 3606 cacam.
1066 3534 1111 3606 Et
1126 3553 1127 3556 ’
1140 3533 1338 3607 sacrificium
1369 3534 1434 3608 hae
1466 3535 1610 3627 benigne
1644 3538 1831 3632 accipiens,
1856 3539 1913 3608 ita
1947 3544 1984 3607 ut

613 3648 768 3732 voluntas
794 3659 851 3721 tua
875 3652 910 3721 iu
936 3671 978 3721 ea
1005 3653 1205 3743 acquiescat,
1233 3660 1267 3722 et
1292 3672 1354 3745 per
1370 3650 1607 3742 benignitatem
1620 3654 1871 3725 miserationum
1895 3661 1976 3728 tuas-

613 3788 686 3836 mm
712 3768 920 3858 suscipiatur,
947 3763 1070 3857 adjuva
1096 3775 1130 3836 et
1155 3766 1251 3839 salva
1269 3788 1341 3838 eas
1368 3788 1495 3853 amnes,
1523 3773 1578 3861 qui
1605 3777 1638 3838 te
1649 3770 1808 3841 invocant
1833 3790 1880 3839 ex
1905 3777 1975 3846 tola

613 3880 822 3969 cardamo,
849 3883 1100 3974 etsuscipein
1136 3903 1287 3976 expansa
1322 3882 1418 3953 coela
1451 3892 1506 3953 tua
1543 3882 1702 3974 Domine,
1738 3887 1909 3957 arationes
1941 3891 1976 3954 et

512 4035 517 4046 ·
612 3994 800 4070 oblationes
826 4018 911 4090 quae
938 3996 980 4069 ab
1008 3999 1097 4069 omni
1123 3997 1277 4069 Ecclesia
1303 4006 1358 4069 tua
1385 4009 1500 4071 sancta
1532 3995 1592 4068 tibi
1618 3998 1816 4088 afferuntur,
1844 4009 1879 4071 et
1904 3997 1975 4077 illas

614 4135 699 4205 quas
724 4134 811 4183 nunc
832 4111 895 4183 tibi
922 4111 1118 4185 abtulerunt.
1169 4114 1278 4185 Parce
1306 4136 1437 4209 quaque
1469 4118 1699 4209 pergratiam
1724 4125 1836 4203 mam,
1864 4117 1976 4188 omni·
2013 4207 2017 4213 Ι

612 4227 677 4300 bus
703 4226 922 4322 iniquitatibus
949 4251 1036 4322 quae
1063 4251 1084 4299 a
1109 4228 1206 4301 nobis
1234 4240 1445 4323 perpetratae
1472 4240 1557 4318 sunt,
1585 4233 1659 4324 quia
1680 4241 1715 4302 tu
1741 4253 1779 4304 es
1794 4232 1888 4304 Deus
1905 4252 1992 4303 vlt-x

610 4342 684 4417 lens
710 4346 952 4431 miserationes,
979 4356 1013 4416 et
1040 4366 1187 4417 amarem
1220 4368 1303 4437 erga
1329 4345 1497 4435 homines,
1530 4355 1564 4417 et
1596 4345 1653 4418 tibi
1680 4346 1823 4439 gloriam
1849 4345 1974 4419 refori-

612 4479 695 4547 mus,
723 4468 756 4529 et
781 4463 950 4551 unigenita
977 4460 1061 4532 Filia
1089 4472 1158 4551 tuo,
1185 4473 1219 4533 et
1244 4462 1380 4556 Spiritui
1406 4472 1461 4533 tua
1489 4465 1696 4535 sanctissimo
1723 4473 1757 4534 et
1781 4463 1884 4538 baua.

715 4573 875 4667 Papulae.
926 4578 1046 4648 Amen.

716 4688 890 4763 Sacerdos
920 4692 1111 4767 inclinatae.
1163 4691 1293 4764 Rursus
1320 4693 1536 4788 deprecamur
1561 4703 1595 4764 te
1621 4693 1775 4780 Domine,
1802 4715 1864 4789 pra
1891 4715 1978 4789 paee

611 4828 805 4898 regnamm,
831 4812 1021 4881 cessatione
1047 4807 1227 4898 bellarum,
1254 4817 1287 4880 et
1313 4831 1375 4902 pra
1401 4808 1575 4903 praeclara
1610 4813 1709 4882 totius
1736 4809 1847 4880 mundi
1873 4819 1978 4898 statu:

541 4959 543 4966 ,
612 4931 647 4992 ut
673 4921 870 4994 adoratores
898 4927 954 5011 tui,
980 4946 1040 5017 per
1066 4928 1296 4997 miserationes
1324 4948 1409 5018 quae
1436 4948 1456 4997 a
1482 4935 1515 4997 te
1542 4935 1632 5013 sunt,
1659 4936 1918 5014 conservantur,
1944 4934 1980 5015 et

609 5060 687 5108 cum
714 5036 882 5129 diligentia
909 5037 1081 5131 tranquilla
1108 5044 1333 5134 unusquisque
1358 5043 1390 5110 in
1406 5045 1557 5132 ,regione
1585 5064 1646 5113 sua
1680 5040 1738 5113 tibi
1770 5040 1979 5132 confiteatup.

717 5152 867 5224 Elaeam
900 5174 1024 5223 vacem.
1078 5153 1189 5227 Corda
1216 5166 1249 5226 et
1276 5157 1405 5228 animas
1431 5155 1562 5248 Regum
1598 5166 1632 5227 et
1663 5159 1846 5252 principum
1873 5157 1918 5229 ad
1943 5167 1981 5229 te

614 5278 774 5341 converte
800 5270 956 5342 Domine:
983 5274 1124 5364 impetus
1150 5271 1331 5363 violentas,
1358 5294 1530 5367 vanasque
1557 5272 1724 5347 doctrinas
1751 5272 1793 5344 ab
1819 5273 1981 5347 Ecclesia
