5150 6534
732 845 784 919 42
1236 847 1596 926 LITURGIA

733 1031 970 1106 haereditatem
995 1056 1238 1131 consequamur
1257 1058 1331 1107 cum
1352 1039 1475 1109 sanctis
1491 1035 1557 1109 illis
1575 1033 1747 1124 omnibus,
1775 1037 1829 1128 qui
1844 1057 1890 1106 ex
1903 1033 1967 1107 hoc
1986 1034 2107 1107 mundo

733 1150 790 1222 tibi
817 1149 1028 1245 placuerunt:
1054 1173 1116 1246 per
1147 1156 1310 1244 gratiam,
1344 1163 1408 1223 etc.
1565 1150 1727 1245 Populus.
1780 1151 1899 1222 Amen.

835 1263 1021 1338 Sacerdos.
1075 1266 1159 1339 Pax.
1254 1309 1263 1326 κ
1317 1268 1479 1360 Populum.
1532 1268 1576 1339 Et
1602 1291 1678 1339 curn
1704 1268 1820 1361 spiritu
1847 1276 1914 1339 tuo.

834 1379 1023 1453 Diacouus.
1074 1384 1196 1455 Iterum
1223 1394 1322 1479 atque
1348 1388 1466 1456 iterum
1492 1406 1555 1481 pro
1574 1385 1858 1456 consummatione
1872 1385 2107 1478 mysteriomm
2193 1445 2196 1450 .

733 1497 849 1571 borum
879 1508 1092 1589 sanctomm‚
1119 1500 1228 1571 Deum
1254 1521 1440 1595 precemur.

834 1614 1018 1685 Sacerdos.
1070 1616 1164 1687 Deus
1194 1636 1319 1707 magne
1352 1626 1386 1686 et
1418 1612 1597 1703 mirabilis,
1632 1619 1686 1708 qui
1721 1613 1885 1686 inclinasti
1920 1613 2036 1686 coelos
2072 1625 2106 1687 et

733 1727 933 1801 descendisti
959 1750 1021 1823 pro
1049 1742 1164 1802 nostra
1191 1730 1356 1801 homiuum
1383 1731 1507 1823 salute,
1535 1735 1649 1825 aspice
1676 1751 1739 1802 nos
1765 1752 1828 1824 per
1845 1730 2106 1803 misericordiam

732 1853 766 1914 et
792 1848 933 1936 gratiam
960 1855 1062 1917 tuam:
1089 1845 1233 1918 benedic
1259 1845 1383 1942 populo
1412 1858 1488 1935 tuo,
1516 1859 1550 1918 et
1575 1844 1811 1917 haereditatem
1844 1856 1933 1917 tuam
1960 1866 2106 1917 conser-

731 1982 793 2032 va:
819 1970 856 2032 ut
881 1981 1015 2055 semper
1041 1969 1075 2030 et
1101 1964 1190 2033 omui
1223 1971 1376 2057 tempore
1407 1962 1579 2035 laudemus
1613 1971 1664 2051 te,
1700 1964 1775 2056 quia
1811 1960 1903 2032 solus
1939 1982 1977 2032 es
2010 1959 2103 2034 Deus
2136 2037 2141 2046 ,

731 2086 846 2149 noster
885 2098 1012 2150 verus:
1047 2087 1081 2147 et
1104 2076 1213 2149 Deum
1247 2077 1380 2149 Patrem
1416 2082 1602 2171 genitorem
1636 2087 1726 2150 tuum
1758 2088 1792 2149 et
1825 2076 1981 2171 Spiritum
2014 2060 2104 2148 tuum

708 2205 711 2214 ·
732 2200 882 2263 sanctum
907 2216 994 2265 nunc
1020 2203 1055 2264 et
1081 2215 1236 2289 semper,
1263 2204 1327 2265 etc.

833 2307 994 2401 Populus.
1046 2309 1167 2381 Amen.

831 2422 1020 2496 Diacouuc.
1074 2423 1222 2495 Benedic
1249 2424 1403 2497 Domine.

833 2539 1017 2612 Sacerdos.
1068 2540 1217 2612 Benedic
1244 2542 1416 2631 omuibus,
1444 2562 1611 2614 conserva
1639 2563 1774 2631 omnes,
1802 2548 1865 2610 etc.

840 2654 902 2728 Vel
923 2656 1027 2727 utiam
1050 2656 1317 2727 benedictionem
1330 2681 1399 2750 pro
1418 2657 1651 2728 Ecclesicrum
1672 2656 1913 2728 cousuetudine
1936 2662 1970 2725 et
1986 2659 2103 2748 secto-

729 2795 803 2842 rum
827 2775 998 2843 uarietate
1025 2772 1211 2843 diuersum:
1237 2795 1305 2866 quc
1323 2777 1479 2844 recitata
1495 2773 1674 2844 macomus
1699 2775 1821 2864 incipit
1841 2771 2007 2864 psalmum
2027 2771 2104 2844 Bc-

729 2886 880 2958 nedicam
906 2887 1083 2961 Dominum
1108 2891 1142 2958 in
1178 2891 1267 2960 omui
1302 2899 1462 2985 tempore.
1523 2889 1596 2975 Ouo
1622 2889 1724 2959 dicto
1759 2887 1884 2958 abeunt
1918 2893 1953 2957 et
1983 2890 2102 2980 finitur

731 3001 901 3097 Liturpiu.

727 3780 831 3859 Aliae
862 3786 1040 3860 orationes
1071 3784 1115 3861 ad
1147 3786 1433 3862 communionem
1475 3793 1511 3859 et
1550 3794 1675 3884 postea
1706 3782 1899 3886 dicendae7
1931 3810 2024 3888 quae
2065 3788 2101 3863 in

729 3915 939 4018 quibusdam
977 3915 1169 3996 Codicibus
1208 3917 1388 4020 Liturgiae
1424 3915 1566 3994 Jacobi:
1614 3920 1649 3994 in
1681 3918 1755 3996 aliis
1789 3917 1907 4020 Xysti:
1948 3922 1984 3996 in
2025 3920 2100 3998 aliis

1206 4050 1320 4153 Petri,
1351 4049 1625 4155 subjunguntur.

837 4310 934 4419 Cum
960 4341 1174 4412 distribuitur
1202 4347 1407 4430 commuuio,
1434 4341 1609 4413 Sacerdos
1635 4342 1727 4411 dicit.
1835 4349 1841 4360 “

831 4456 993 4544 Sanctus,
1020 4456 1181 4544 Sanctus,
1209 4456 1351 4529 Sanctus
1379 4481 1425 4532 es¹
1443 4457 1605 4545 Domine,
1633 4455 1754 4528 clamat
1781 4455 1946 4529 Ecclesia.
1980 4457 2098 4530 Bene-

728 4569 833 4641 dictus
861 4576 916 4667 qui
944 4572 1032 4643 dedit
1058 4571 1134 4643 mibi
1161 4595 1282 4668 corpus
1311 4583 1344 4644 et
1371 4576 1566 4665 sanguinem
1592 4596 1707 4660 suum,
1733 4580 1769 4642 ut
1793 4594 1855 4667 per
1876 4595 1951 4643 eum
1969 4576 2094 4667 expia-

727 4691 849 4759 tionem
878 4710 1112 4782 consequerer.
1166 4686 1323 4760 Sanctum
1350 4700 1439 4761 tuum
1466 4691 1664 4784 deprecetur
1690 4710 1751 4783 pro
1779 4687 1875 4759 nobis
1904 4691 1937 4757 in
1960 4687 2095 4779 judicio,

728 4827 840 4876 coram
868 4803 985 4876 throno
1013 4803 1069 4875 ilto
1096 4804 1197 4898 pleno
1225 4808 1351 4876 timoris
1379 4816 1412 4876 et
1445 4808 1591 4877 terroris
1647 4804 1724 4896 Ego
1757 4828 1830 4878 sum
1862 4806 1958 4898 panis
1993 4807 2096 4894 vitae,

728 4919 805 4991 dicit
831 4922 1005 4991 Dominus:
1049 4930 1082 4990 et
1117 4923 1171 5013 qui
1206 4920 1382 4992 manducat
1413 4945 1467 4992 me
1502 4945 1575 4993 cum
1617 4921 1701 5011 tide,
1733 4925 1835 4994 vitam
1869 4919 2095 4991 haereditabit.

728 5034 792 5120 Qui
836 5034 949 5106 vident
992 5057 1113 5130 corpus
1157 5037 1263 5131 ipsum
1312 5036 1367 5106 filii
1408 5061 1482 5109 cum
1519 5037 1602 5109 bde:
1656 5041 1710 5132 qui
1759 5041 1844 5108 inter
1893 5056 1953 5105 eos
1995 5055 2096 5129 purus

729 5161 797 5238 est,
833 5151 989 5242 accedam
1025 5150 1168 5247 illudque
1204 5155 1383 5248 suscipiat,
1421 5164 1455 5224 et
1488 5176 1549 5248 per
1584 5153 1661 5225 illud
1697 5155 1830 5225 veniam
1865 5161 2095 5245 consequetur.

649 5293 695 5380 α
727 5264 906 5339 Benedicta
935 5267 1057 5357 Maria,
1084 5278 1119 5339 et
1143 5266 1339 5340 benedictus
1365 5267 1491 5341 fructus
1518 5271 1572 5365 qui
1601 5292 1646 5340 ex
1672 5267 1912 5343 iiiaortusest:
1941 5269 2096 5363 quoniam
