5150 6534
1157 816 1451 922 noran,

769 1120 1772 1216 dffimmmmmmwmmm

690 1313 794 1390 Locus
817 1323 866 1386 hie
889 1324 1030 1385 convenit
1064 1323 1325 1403 persecutionibus
1355 1342 1429 1404 quas
1453 1323 1509 1384 sub
1533 1322 1757 1385 Muhamedanis
1779 1321 1962 1385 Antiocheni

587 1427 744 1490 Jacobitae
767 1426 945 1507 frequenter
967 1428 1048 1506 passi
1072 1434 1151 1501 sunt,
1174 1428 1386 1505 patiunturque
1410 1426 1555 1505 quotidie:
1579 1442 1705 1506 quarum
1724 1425 1849 1487 historia
1872 1425 1962 1506 plena

587 1536 642 1589 est.
696 1526 838 1599 Quamvis
868 1526 945 1586 enim
980 1525 1247 1606 Pseudopropheta
1277 1523 1454 1587 Christianis
1491 1526 1628 1605 injmiam
1665 1524 1730 1586 lieri
1760 1523 1961 1604 prohibuerit,

585 1625 668 1687 nulla
692 1632 738 1687 est
761 1625 868 1704 injuria
892 1624 939 1684 eui
963 1625 1087 1686 obnoxii
1110 1642 1169 1685 non
1193 1623 1312 1687 luerint.
1352 1625 1409 1685 Per
1428 1625 1557 1703 populos
1579 1625 1696 1684 alienos
1719 1623 1858 1685 videntur
1881 1641 1963 1703 quo-

590 1741 650 1805 que
673 1723 827 1803 designari
850 1723 959 1784 Franci
982 1725 1087 1798 nostri,
1112 1725 1162 1803 qui
1184 1723 1343 1784 Antiochia
1366 1731 1471 1803 capta,
1505 1730 1536 1784 ct
1558 1740 1613 1801 per
1636 1721 1744 1783 multos
1768 1740 1862 1783 aranos
1886 1738 1963 1801 pos-

587 1839 686 1897 sessa,
709 1820 862 1882 Jacobitas
879 1822 1066 1883 Patriarchas
1090 1823 1258 1901 ejecerunt,
1281 1822 1477 1902 reliquosque
1492 1819 1860 1883 ClrristiaunsOrientales
1885 1819 1962 1883 adeo

552 1990 556 1995 ⁸
586 1927 789 1996 vexaverunt,
813 1928 845 1981 ut
868 1920 904 1980 ab
929 1922 1042 1982 unitate
1065 1920 1241 1983 Orthodoxa
1271 1921 1472 1982 alienissimos
1501 1919 1644 1982 iecerint:
1674 1919 1852 1999 praesertim
1880 1917 1963 1998 quod

588 2019 688 2080 nullus
712 2025 795 2080 essct
817 2019 895 2079 inter
929 2025 972 2081 tot
1003 2037 1094 2080 cruce
1123 2020 1258 2102 signatos
1281 2018 1532 2094 Ecclesiasticos,
1564 2020 1613 2098 qui
1642 2019 1679 2080 ab
1710 2019 1865 2080 erroribus
1893 2017 1962 2079 illos

587 2134 645 2195 per
670 2133 773 2178 sanam
797 2116 962 2178 doctrinam
985 2136 1133 2180 revocare
1156 2127 1325 2201 satageret,
1355 2127 1406 2179 aut
1435 2120 1460 2180 si
1484 2126 1654 2196 conaretur,
1685 2119 1841 2199 potuisset
1885 2117 1963 2178 llinc

588 2214 637 2275 illa
661 2216 741 2275 Petri
763 2214 907 2295 Episcopi
935 2217 1081 2278 llelichao
1110 2218 1256 2279 adversus
1287 2218 1420 2279 Francos
1450 2217 1589 2296 querela:
1623 2219 1704 2296 qnod
1731 2236 1751 2278 a
1779 2236 1812 2278 se
1844 2218 1876 2278 in
1900 2217 1963 2294 fide

587 2313 797 2374 dissentientes
819 2315 1021 2376 internecione
1043 2317 1183 2378 delerent.

957 2610 991 2676 5.
1030 2607 1208 2678 Inoocntio
1236 2606 1389 2699 Spiritus
1414 2612 1535 2678 seneli.

683 2795 738 2876 En
762 2827 850 2890 quam
879 2810 1001 2872 exhibet
1030 2811 1105 2872 haec
1128 2811 1280 2891 liturgia,
1315 2811 1420 2873 iisdem
1450 2810 1552 2871 verbis
1587 2817 1617 2872 ct
1645 2809 1801 2872 sententiis
1832 2819 1963 2890 constat,

588 2912 696 2991 quibus
718 2914 856 2993 reliquae
879 2931 977 2994 prope
1001 2932 1114 2978 omnes.
1159 2914 1234 2976 Nam
1257 2914 1368 2991 verba,
1393 2913 1528 2993 illapsus,
1552 2914 1767 2992 requietionis,
1798 2914 1964 2976 obumbra-

587 3011 689 3088 tionis,
713 3020 743 3073 et
765 3012 822 3074 alia
846 3031 973 3092 quorum
996 3013 1055 3074 vim
1084 3012 1153 3075 alibi
1181 3012 1249 3075 luse
1272 3015 1485 3093 exposuimus,
1520 3011 1709 3076 adhibentur.
1762 3013 1794 3073 ln
1825 3013 1964 3075 omnibus
2015 3036 2017 3040 ·

587 3109 752 3172 secundum
775 3112 930 3192 exemplar
954 3112 1189 3191 antiquissimum
1213 3112 1369 3194 liturgiae
1392 3112 1528 3173 Graecae
1551 3110 1667 3187 Jacobi,
1690 3111 1815 3191 illapsus
1838 3110 1965 3171 mirabi-

588 3208 634 3270 les
658 3211 732 3271 varii
756 3212 852 3272 sancti
876 3211 1003 3290 Spiritus
1027 3219 1251 3288 enumerantur,
1273 3212 1437 3291 praecipue
1461 3210 1612 3272 inlesum
1636 3209 1785 3272 Christum
1809 3210 1878 3271 dum
1902 3209 1963 3270 ha-

587 3309 751 3387 ptisaretur
774 3311 801 3370 in
824 3310 972 3372 Jordane:
996 3319 1027 3372 ct
1050 3313 1080 3372 in
1103 3310 1269 3391 Apostolos
1293 3312 1450 3390 ignearum
1473 3309 1641 3390 linguarum
1665 3309 1770 3371 torma.
1808 3310 1863 3370 llic
1886 3326 1961 3370 vero

588 3407 782 3489 singulariter
805 3411 916 3470 mentio
940 3410 970 3470 ht
994 3409 1118 3490 illapsus
1141 3411 1206 3489 ejus
1228 3409 1257 3468 in
1270 3410 1435 3492 Virginem,
1459 3409 1495 3469 ad
1520 3407 1734 3488 perficiendum
1746 3408 1964 3469 lncarnationis

589 3508 773 3586 mysterium.
820 3509 863 3569 lta
888 3516 1035 3570 testantur
1056 3508 1224 3584 Jacobitae,
1248 3508 1376 3570 credere
1407 3527 1452 3585 se,
1476 3527 1536 3570 non
1559 3510 1655 3569 minus
1679 3507 1867 3569 descendere
1892 3505 1965 3585 Spi-

590 3606 677 3666 ritum
701 3615 835 3668 sanctum
858 3607 889 3666 in
912 3608 989 3668 dona
1012 3609 1178 3688 proposita,
1203 3625 1292 3686 quam
1315 3608 1471 3669 deseendit
1494 3608 1524 3667 in
1548 3605 1707 3683 Christum,
1731 3616 1761 3668 ct
1783 3606 1964 3687 inhposto-

589 3702 646 3778 los,
670 3707 833 3784 praecipue
857 3724 931 3768 vero
956 3709 984 3767 in
1007 3706 1039 3768 B.
1064 3708 1237 3789 Virginem,
1268 3706 1388 3786 quando
1418 3707 1447 3766 in
1472 3725 1510 3767 co
1534 3704 1672 3766 formavit
1703 3722 1813 3784 corpus
1843 3705 1873 3765 in
1903 3720 1964 3783 quo

589 3801 723 3863 Verbum
754 3803 810 3864 Dei
839 3820 960 3865 carnem
995 3806 1169 3886 assumpsit:
1209 3806 1347 3885 idemque
1378 3807 1407 3866 in
1437 3804 1522 3866 altari
1550 3804 1686 3879 elicere,
1716 3804 1856 3864 mutando
1885 3801 1966 3863 dona

591 3901 748 3980 proposita
772 3903 801 3962 in
826 3920 936 3982 corpus
960 3912 989 3965 et
1012 3907 1188 3986 sanguinem
1223 3904 1342 3966 Christi.
1395 3903 1499 3966 Omnia
1528 3910 1626 3964 autem
1655 3903 1775 3981 priora,
1806 3920 1873 3962 cum
1902 3916 1965 3961 non

590 3999 657 4060 sine
680 4000 824 4062 miraculo
848 4020 961 4064 summo
985 4002 1063 4065 lacta
1093 4003 1217 4065 luerint:
1246 4003 1324 4064 idenr
1354 4003 1391 4064 dc
1422 4003 1607 4064 Eucharistia
1638 4000 1765 4062 credere
1794 4019 1829 4062 se
1859 4000 1965 4078 paneis

590 4098 694 4160 verbis
719 4106 880 4177 testantur,
902 4121 1009 4183 nempe
1032 4103 1205 4166 miraculum
1229 4102 1294 4162 heri
1316 4102 1419 4181 primis
1443 4101 1500 4163 illis
1524 4100 1770 4180 comparandum:
1802 4098 1884 4178 quod
1905 4116 1966 4159 ne·

590 4198 756 4259 cessarium
780 4218 848 4261 cssc
871 4220 958 4264 nenio
983 4203 1061 4263 dicat
1084 4203 1120 4263 ad
1144 4210 1241 4263 actum
1264 4200 1334 4262 fidei
1357 4200 1545 4277 eliciendum,
1569 4218 1647 4279 quae
1669 4218 1708 4260 ex
1732 4198 1966 4259 Protestantium

590 4297 751 4373 sententia,
775 4299 902 4361 medium
926 4309 972 4362 est
996 4319 1056 4381 quo
1081 4301 1192 4362 Christi
1215 4318 1326 4380 corpus
1356 4300 1510 4378 accipitur.
1562 4299 1668 4377 Neque
1697 4297 1771 4358 haec
1801 4293 1964 4358 divinando

590 4393 736 4468 dicuntur,
759 4415 825 4457 cum
849 4417 885 4459 ca
907 4398 974 4461 luse
998 4407 1028 4460 ct
1052 4399 1081 4459 in
1105 4399 1239 4461 camdem
1263 4398 1441 4460 sententiam
1464 4398 1616 4483 explico-nt
1639 4395 1757 4457 illorum
1781 4395 1940 4476 Theologi.

1071 4693 1105 4763 6.
1145 4694 1276 4785 Rapum
1303 4691 1480 4761 Fidelium.

702 4880 764 4956 lrn'
782 4892 811 4951 in
834 4891 969 4971 pluribus
993 4893 1136 4974 Liturgiis
1153 4894 1337 4969 Jacobiticis,
1361 4894 1450 4956 etiam
1472 4893 1652 4955 recentioris
1675 4892 1753 4969 aevi,
1777 4899 1809 4952 ut
1825 4890 1965 4951 Dioscori

592 4991 763 5072 Gordieeni,
787 4995 940 5056 Michaelis
964 4994 1154 5069 Antiocheni,
1178 4996 1295 5076 ignatii,
1319 4995 1424 5059 Jacobi
1442 4997 1634 5076 Serugensis,
1657 4994 1780 5056 alterius
1803 4993 1965 5071 Edesscui,

592 5097 623 5153 et
645 5092 742 5172 Xysti.
788 5093 894 5155 blirum
918 5093 948 5156 id
976 5112 1061 5171 sane,
1085 5112 1151 5155 cnm
1175 5094 1212 5155 ab
1242 5094 1414 5157 infidelibus
1443 5113 1539 5175 grave
1569 5093 1756 5173 impenderet
1786 5091 1964 5172 periculum,

590 5190 617 5251 si
639 5208 750 5270 preces
772 5210 829 5272 pro
853 5192 987 5254 hostibus
1011 5195 1073 5254 suis
1096 5192 1217 5273 publice
1240 5193 1315 5273 heri,
1340 5181 1398 5255 imo
1421 5201 1451 5255 et
1474 5194 1629 5255 victoriam
1653 5193 1690 5253 de
1714 5210 1747 5252 se
1771 5191 1845 5271 ipsis
1868 5189 1964 5251 aDeo

589 5288 747 5370 postulari,
770 5289 928 5354 deferente
953 5309 1142 5374 quocumque
1166 5300 1315 5374 apostata,
1338 5293 1567 5356 intellexissent.
1612 5290 1781 5354 Formulam
1804 5289 1882 5352 tueri
1904 5304 1966 5368 po·
