5150 6534
973 838 1004 915 S.
1040 835 1233 913 tatutis
1271 832 1607 912 instituente.
1897 833 1989 927 473,

704 1026 892 1097 Diaconos.
945 1022 1013 1094 Det
1039 1026 1265 1119 unusquisque
1291 1044 1421 1118 pacem.

705 1142 866 1235 Populos.
921 1139 1058 1212 Omnes.

705 1236 892 1329 Diaconos.
946 1258 1038 1328 Post.
1089 1243 1093 1253 ’

705 1374 867 1468 Populos.
922 1370 1047 1444 Coram
1072 1382 1116 1442 te.

704 1488 889 1561 Sacerdos.
941 1488 1088 1559 Petimus
1117 1511 1136 1558 a
1164 1496 1196 1559 te
1223 1488 1365 1557 Domine
1398 1485 1505 1575 bone,
1538 1487 1730 1559 misericors
1766 1494 1800 1555 et
1832 1485 1974 1581 largitor

598 1604 783 1693 bonorum.
811 1604 944 1678 demitte
971 1603 1145 1676 dexteram
1173 1613 1261 1674 tuam
1287 1601 1428 1697 plenam·
1445 1601 1730 1690 miserationibus,
1757 1622 1858 1695 super
1884 1623 1974 1673 con-

598 1724 835 1814 gregationem
862 1721 1069 1794 adorantium
1097 1730 1152 1808 te,
1185 1722 1240 1812 qui
1273 1716 1471 1788 inclinantur
1502 1738 1617 1789 coram
1651 1727 1704 1807 te;
1736 1716 1879 1787 benedic
1910 1739 1974 1790 nos

600 1828 887 1917 benedictionibus
916 1835 1126 1930 amplissimis
1155 1856 1241 1928 quae
1268 1856 1288 1903 a
1316 1844 1348 1904 te
1375 1841 1471 1921 sunt,
1497 1855 1561 1904 nec
1587 1835 1730 1926 aspicias
1747 1833 1865 1905 odiosa
1886 1832 1976 1906 facta

602 1975 691 2047 qnae
715 1954 1003 2047 perpetravimus;
1031 1973 1073 2021 ne
1098 1949 1228 2041 judices
1243 1941 1319 2022 ‘nos
1345 1970 1406 2043 per
1429 1948 1576 2039 Judicnm
1594 1958 1682 2019 mum
1696 1951 1840 2039 justum,
1867 1971 1976 2042 neque

602 2068 783 2141 secundum
816 2070 979 2162 nequitias
1012 2076 1146 2138 nostras
1181 2064 1347 2137 retribuas
1380 2063 1493 2136 nobis:
1528 2063 1588 2136 sed
1619 2087 1682 2160 per
1712 2064 1976 2138 misericordiam

601 2181 815 2275 benignitatis
843 2193 937 2271 tuae,
963 2181 1069 2253 libera
1096 2202 1159 2253 nos
1187 2204 1207 2251 a
1234 2178 1340 2251 malo:
1368 2189 1401 2249 et
1428 2178 1557 2251 custodi
1583 2201 1646 2253 nos
1674 2179 1735 2253 sub
1763 2179 1825 2252 olis
1845 2185 1976 2271 gratim

602 2309 689 2371 tuae.
742 2301 849 2394 Aperi
875 2299 1018 2369 Domine
1048 2300 1184 2388 januam
1218 2297 1467 2366 miserationum
1500 2306 1627 2366 tuarum
1660 2296 1873 2392 petitionibus
1905 2321 1975 2370 no-

602 2418 701 2501 stris,
730 2418 863 2509 suscipe
891 2415 1145 2508 deprecationes
1173 2422 1206 2481 et
1231 2411 1401 2506 lacrymas
1426 2421 1582 2496 nostras.
1608 2412 1708 2506 imple
1733 2434 1796 2485 nos
1824 2418 1975 2486 muneri-

601 2527 665 2600 bns
693 2534 821 2621 gratiae
849 2540 944 2618 tuae,
972 2540 1005 2600 et
1031 2528 1085 2599 iac
1111 2549 1175 2599 nos
1194 2527 1281 2599 tilios
1306 2526 1521 2598 baereditatis
1540 2537 1628 2599 tuae.
1681 2527 1816 2599 Dimitte
1835 2541 1975 2623 peccata

601 2656 737 2731 nostra.
763 2646 934 2718 sanctifica
961 2648 1088 2716 animas
1116 2654 1150 2715 et
1175 2666 1321 2739 corpora
1347 2654 1475 2732 nostra,
1502 2653 1536 2714 et
1547 2654 1682 2737 praesta
1699 2653 1735 2713 nt
1751 2642 1975 2734 glorificemus

601 2770 637 2832 te
664 2771 798 2850 sancte,
816 2759 978 2834 omnibus
1007 2758 1122 2832 diebus
1149 2763 1239 2868 pitee
1265 2771 1413 2849 nostrae,
1440 2770 1474 2831 et
1500 2762 1702 2851 unigenitum
1729 2760 1846 2831 Filium
1874 2770 1975 2850 tuum,

605 2888 641 2950 et
665 2876 820 2972 Spiritum
848 2888 937 2948 tuum
964 2878 1217 2949 sanctissimum.

708 2993 871 3086 Populos.
923 2994 1044 3064 Amen.

710 3107 895 3180 Sacerdos.
949 3107 1140 3178 Thesaurus
1168 3106 1369 3177 auxiliorum
1395 3115 1430 3176 et
1455 3104 1531 3179 lons
1548 3104 1724 3196 bonorum.
1751 3108 1843 3179 Deus
1861 3110 1975 3194 Pater,

606 3228 661 3320 qui
693 3247 756 3320 per
789 3227 930 3317 gratiam
962 3233 1050 3293 tuam
1083 3232 1117 3293 et
1150 3244 1297 3293 amorem
1332 3243 1422 3312 erga.
1448 3243 1510 3294 nos
1541 3221 1691 3296 homines
1723 3235 1830 3311 mum,
1858 3226 1975 3294 misisti

602 3340 722 3414 Filium
756 3350 846 3411 tunm
880 3338 1034 3409 dilectum
1068 3342 1100 3408 in
1136 3337 1309 3424 mundum,
1346 3340 1401 3429 qui
1434 3336 1541 3409 lactus
1578 3348 1631 3409 est
1662 3337 1761 3411 homo
1789 3343 1872 3411 sicut
1898 3360 1973 3428 nos.

603 3454 826 3549 liberavitque
854 3453 1044 3548 despectum
1072 3474 1179 3545 genus
1205 3460 1355 3523 nostrum
1382 3475 1402 3522 a
1428 3462 1583 3547 peccato,
1611 3463 1645 3525 et
1671 3455 1712 3526 ad
1738 3459 1877 3550 patriam
1904 3478 1974 3527 no-

604 3582 706 3644 stram
733 3573 905 3668 pristinam
932 3569 1065 3640 reduxit
1091 3591 1169 3641 nos:
1198 3568 1249 3638 Tu
1277 3579 1393 3639 sancte
1421 3579 1453 3639 et
1479 3568 1590 3656 beate,
1616 3572 1750 3664 suscipe
1777 3569 1974 3642 sacrificium

604 3686 690 3776 boc,
713 3708 827 3757 coram
859 3682 956 3757 nobis
990 3687 1153 3779 positum:
1187 3705 1291 3778 parce
1327 3693 1360 3754 et
1393 3684 1517 3755 dimitte
1548 3683 1647 3756 nobis
1680 3696 1821 3781 peccata
1846 3696 1974 3771 nostra,

603 3804 765 3900 propitius
793 3812 878 3889 esto,
907 3812 940 3871 et
967 3803 1128 3871 miserere
1154 3800 1252 3872 nobis
1280 3798 1443 3887 omnibns
1471 3810 1505 3871 et
1523 3800 1691 3885 sanctifica
1718 3817 1870 3896 nos‘per
1897 3801 1973 3871 cle-

603 3919 758 3989 mentiam
790 3926 889 3987 tuam.
943 3915 1108 3987 Miserere
1141 3913 1257 4003 nobis,
1297 3937 1359 4009 per
1392 3939 1541 3988 amorem
1574 3939 1657 4009 erga
1689 3916 1839 3989 homines
1873 3925 1975 4005 mum,

604 4040 640 4104 et
663 4028 770 4103 libera
797 4052 860 4102 nos
888 4029 1191 4122 acogitationibus
1220 4028 1412 4121 diabolicis,
1438 4054 1502 4102 neo
1529 4042 1665 4105 avertas
1692 4031 1812 4104 faciem
1840 4042 1928 4103 tunm
1955 4054 1976 4101 a

603 4144 717 4218 nobis:
753 4145 814 4217 sed
846 4147 1007 4217 miserere
1040 4148 1146 4216 nostri
1172 4146 1332 4234 Domine,
1366 4157 1400 4218 et
1427 4146 1502 4218 dele
1536 4150 1719 4242 iniquitates
1755 4158 1906 4236 nostras,
1941 4157 1976 4219 et

602 4261 743 4354 ignosce
769 4262 962 4355 insipientiis
990 4264 1111 4333 nostris
1139 4283 1200 4355 per
1226 4260 1463 4335 multitudinem
1488 4262 1701 4356 benignitatis
1735 4275 1824 4354 tuae,
1850 4272 1885 4337 et
1909 4285 1973 4335 re-

533 4441 546 4467 ,
603 4374 750 4450 feremus
778 4376 836 4449 tibi
862 4377 1016 4467 gloriam,
1044 4386 1106 4448 etc.

706 4492 868 4584 Populos.
921 4493 1041 4563 Amen.

707 4605 895 4679 Diaconos.
949 4606 1091 4679 Stemus.

707 4722 869 4816 Papulas.
923 4723 1185 4810 Misericordiae,
1213 4734 1277 4798 etc.

636 4928 642 4935 ,
708 4836 891 4909 Sacerdos.
946 4837 1076 4911 Caritas
1102 4840 1221 4912 Patris.

708 4950 870 5045 Papulas.
924 4952 968 5024 Et
994 4978 1068 5025 cum
1094 4958 1211 5049 spiritu
1236 4965 1304 5028 tuo.

707 5065 892 5139 Sacerdos.
945 5067 1084 5139 Sursum
1110 5069 1223 5140 corde.

707 5180 869 5274 Papulas.
922 5182 1091 5254 llabemus
1118 5184 1161 5254 ad
1186 5182 1375 5257 Dominum.

517 5372 522 5379 ,
706 5294 891 5369 Sacerdos.
946 5297 1079 5371 Gratias
1107 5321 1246 5391 agamus
1272 5303 1358 5374 Deo.
