5150 6534
601 806 678 880 488
1170 802 1404 879 NOTAE

600 990 681 1066 clria,
712 1006 787 1070 quus
811 987 981 1050 Orientales
1009 1004 1114 1049 omues
1136 1004 1251 1049 sunrmo
1276 986 1305 1047 in
1328 986 1427 1066 pretio
1450 985 1578 1062 habent,
1607 983 1763 1047 lacebitae
1785 986 1979 1067 praesertim,

601 1090 651 1169 qui
676 1089 790 1168 aliquot
813 1087 989 1149 testimoniis
1012 1084 1082 1146 inde
1104 1086 1205 1166 petitis
1229 1084 1264 1146 ad
1288 1085 1447 1164 opiniones
1469 1102 1541 1147 suas
1564 1083 1785 1180 confirmandas
1803 1082 1979 1149 abutuntur.

1065 1362 1099 1432 3.
1140 1363 1256 1452 Repea
1284 1359 1513 1431 Ortdodonoa.

698 1555 790 1647 Quae
820 1565 857 1626 ad
887 1566 1020 1645 reliquas
1050 1563 1201 1644 Liturgias
1233 1562 1313 1624 circa
1342 1562 1418 1624 lianc
1449 1561 1605 1624 formulam
1635 1563 1797 1626 observata
1820 1571 1909 1642 sunt,
1939 1564 1975 1626 ad
2073 1633 2079 1652 Ι

599 1672 686 1731 istam
716 1686 837 1749 quoque
870 1669 1031 1748 pertinent.
1077 1666 1288 1727 vetustissima
1320 1665 1393 1726 haec
1424 1674 1506 1743 erat,
1535 1673 1679 1748 usurpata
1710 1667 1766 1729 sub
1798 1666 1976 1729 Christianis

599 1766 852 1848 lnrperatoribus;
875 1767 955 1827 unde
979 1767 1008 1825 in
1033 1765 1131 1827 multis
1155 1763 1309 1825 codicibus
1332 1771 1451 1825 retenta
1474 1773 1537 1841 est,
1568 1783 1645 1846 quos
1676 1766 1774 1828 secuti
1796 1773 1886 1843 sunl,
1915 1784 1976 1828 non

598 1868 712 1929 librarii
735 1864 823 1927 modo
847 1868 897 1945 qui
919 1865 1012 1925 libros
1036 1863 1256 1940 describebant,
1281 1862 1335 1924 sed
1360 1865 1410 1942 qui
1433 1882 1528 1926 novas
1542 1864 1692 1945 liturgias
1709 1882 1922 1944 composuere,
1944 1871 1976 1924 ut
2005 1857 2008 1863 ’

598 1967 753 2028 lllathaeus
777 1966 893 2042 Pastor,
919 1964 1052 2045 ignatius
1075 1962 1247 2023 Patriarcha
1269 1962 1347 2023 lilius
1370 1962 1491 2039 Wahib,
1515 1964 1686 2044 etquidem
1709 1963 1766 2025 alii.

861 2241 895 2310 d.
939 2238 1004 2324 Oai
1030 2264 1053 2308 u
1071 2239 1187 2323 ,Petro
1216 2245 1253 2307 el
1278 2238 1413 2309 locato
1441 2239 1619 2331 Aprostolia
1645 2246 1708 2309 etc.

695 2432 817 2508 Dieron
841 2442 947 2504 estad
971 2441 1137 2523 liturgiam
1158 2441 1263 2502 Jacobi
1288 2443 1460 2523 Syriacam,
1492 2441 1664 2503 memoriam
1686 2441 1873 2522 singularem
1896 2440 1971 2502 illius

596 2546 736 2626 Apostoli
759 2547 788 2606 in
812 2564 849 2607 ea
872 2545 951 2621 lieri,
983 2543 1064 2623 quod
1095 2552 1213 2605 extaret
1237 2546 1266 2605 in
1291 2544 1406 2606 Graeca
1429 2546 1535 2606 eodem
1560 2544 1645 2605 titulo
1668 2546 1861 2626 consignata,
1886 2562 1971 2623 quam

597 2646 627 2705 in
650 2644 921 2724 llierosolpmitana
944 2643 1084 2704 Ecclesia
1107 2651 1280 2722 usurpatam
1303 2644 1396 2724 uulgo
1418 2643 1529 2720 fuisse,
1561 2650 1675 2704 certum
1698 2648 1754 2702 est.
1800 2640 1834 2700 ln
1858 2640 1972 2717 Graeca

595 2762 671 2806 vere
707 2744 786 2806 illius
818 2745 961 2805 anemoria
991 2743 1096 2820 fiebat,
1128 2750 1267 2822 tanquam
1291 2744 1377 2824 primi
1401 2743 1560 2823 Episcopi,
1592 2739 1786 2821 ejusdemque
1815 2738 1972 2801 Ecclesiae

599 2842 775 2905 laudatoris.
821 2842 889 2922 Syri
911 2841 1073 2903 Palaestini
1096 2841 1176 2903 illam
1199 2841 1355 2904 formulam
1385 2841 1549 2903 aGraecis
1572 2847 1771 2919 acceperant,
1802 2845 1834 2899 ut
1865 2856 1971 2900 seraa-

599 2949 724 3003 verunt:
749 2950 780 3003 et
803 2959 869 3002 cum
893 2942 975 3002 multi
998 2941 1046 3002 alii
1071 2940 1107 3001 ad
1131 2942 1234 3002 sedem
1257 2941 1556 3020 Hierosolymitanam
1579 2940 1784 3020 pertinerent,
1814 2936 1904 2999 facile
1935 2934 1971 2996 ad

599 3057 703 3101 ornnes
728 3042 822 3121 Syros
846 3042 935 3101 etiam
957 3039 1164 3102 Antiochenos
1188 3039 1359 3115 dimanavit,
1383 3058 1451 3100 eum
1474 3046 1558 3100 esset
1580 3038 1725 3098 maximus
1742 3036 1889 3115 Syriacae
1912 3034 1971 3096 lin-

597 3156 677 3218 guae
701 3139 811 3201 inillis
834 3139 998 3218 provinciis
1020 3155 1103 3198 usus.
1148 3138 1252 3217 ltaque
1276 3146 1397 3200 seruata
1420 3138 1554 3199 estsine
1577 3136 1639 3197 ullo
1662 3136 1789 3216 partium
1813 3133 1969 3213 praeJudi-

599 3238 663 3312 cio,
695 3236 792 3299 donec
822 3236 978 3299 lacebitae
1002 3236 1061 3298 alio
1085 3237 1212 3298 consilio
1237 3255 1303 3297 eam
1326 3236 1363 3296 ad
1386 3254 1420 3298 se
1444 3235 1674 3311 transtulerunt,
1697 3242 1730 3295 ut
1751 3231 1860 3295 Jacobi
1883 3232 1970 3311 Apo-

598 3335 667 3395 stoli
698 3335 786 3397 fidem
819 3341 925 3395 tenere
955 3353 989 3395 se
1020 3342 1051 3395 ct
1078 3335 1114 3396 ab
1138 3335 1188 3397 illo
1215 3334 1400 3414 denominari
1426 3334 1570 3415 imperitis
1594 3332 1822 3413 persuaderent.
1869 3329 1970 3410 ltaque

597 3433 731 3513 ignatius
755 3433 831 3495 lilius
855 3432 976 3510 Walrilr,
1000 3434 1170 3495 Patriarcha
1193 3433 1401 3495 Antioelrenus
1423 3433 1572 3509 Jacobita,
1596 3450 1662 3494 eam
1676 3430 1853 3511 particulam
1867 3429 1970 3490 litur-

596 3533 666 3611 giae
690 3551 763 3595 suae
778 3531 919 3594 inseruit:
943 3532 1043 3594 Autor
1065 3533 1161 3608 istius,
1187 3532 1303 3593 Petrum
1326 3531 1441 3594 Jacobo
1465 3530 1610 3611 adjunxit,
1633 3538 1694 3592 tum
1709 3538 1742 3591 ut
1760 3527 1968 3589 Antioclrenae

596 3617 752 3693 Ecclesiae
777 3631 963 3693 laudatorem
987 3640 1017 3693 et
1030 3632 1229 3711 Episcopum3
1254 3640 1315 3691 tum
1328 3639 1360 3690 ut
1379 3630 1528 3709 duplicata
1548 3630 1709 3690 autoritate
1723 3626 1969 3707 Apostolicorum

485 3807 492 3814 ἱ
597 3731 757 3808 nominum,
783 3747 841 3791 noa
863 3730 970 3793 lacobi
994 3731 1101 3804 modo,
1133 3730 1187 3791 sed
1217 3732 1306 3791 etiam
1336 3730 1482 3808 Principis
1506 3721 1721 3808 Apostolorum
1743 3726 1913 3805 discipulos
1936 3743 1971 3787 se

597 3846 667 3887 esse
690 3829 845 3889 lacebitae
865 3832 1024 3910 jactarent.

963 4106 998 4173 5.
1037 4103 1235 4195 Praecipue
1262 4127 1345 4174 cere
1373 4104 1511 4195 Ipnutii,
1539 4111 1603 4174 etc.

697 4292 769 4368 Noa
792 4322 850 4364 una
874 4313 921 4366 est
941 4304 1158 4386 Diptyclrorum
1181 4306 1211 4365 in
1235 4306 1342 4384 quibus
1365 4307 1543 4367 Sanctorum
1566 4307 1683 4367 nomina
1698 4313 1973 4367 corrrmemerantur

594 4404 701 4482 forma,
725 4423 791 4466 cum
814 4407 842 4466 in
866 4407 1026 4486 aliquibus,
1050 4408 1163 4487 plures,
1186 4410 1348 4487 pauciores
1371 4410 1400 4469 in
1424 4408 1489 4469 aliis
1512 4415 1738 4469 recenseantur.
1782 4405 1872 4468 Nulla
1894 4426 1973 4487 pro-

594 4503 695 4582 lixior,
719 4523 756 4566 ea
779 4522 866 4583 quam
889 4505 983 4567 relert
1006 4505 1211 4569 Ordinationis
1232 4508 1365 4568 Ollicium
1384 4508 1468 4587 Syris
1491 4507 1637 4568 lucebitis
1659 4506 1824 4586 proprium,
1849 4506 1887 4568 de
1912 4526 1974 4588 qua

594 4602 703 4665 dietum
726 4603 833 4665 estad
857 4604 1020 4686 Liturgiam
1042 4606 1146 4667 Jacobi
1171 4606 1334 4685 Syriacam.
1367 4607 1398 4667 ln
1420 4607 1477 4667 ista
1500 4608 1625 4685 primum
1648 4606 1755 4667 merito
1770 4604 1870 4666 locum
1886 4613 1973 4668 tenet

592 4700 741 4783 lgnatius,
771 4711 803 4764 ut
825 4703 1033 4765 Antiocltenus
1057 4704 1205 4783 quondam
1228 4705 1416 4784 Episcopus,
1447 4706 1532 4784 cujus
1562 4706 1650 4766 etiam
1673 4704 1851 4766 testimoniis
1875 4702 1973 4780 abuti,

594 4799 632 4859 ad
655 4802 768 4862 erroris
791 4803 836 4862 sui
860 4804 1058 4882 patrocinium
1080 4803 1196 4880 solent,
1229 4811 1260 4863 ut
1283 4823 1323 4865 ex
1346 4803 1438 4863 variis
1462 4802 1679 4881 Collectaneis,
1710 4809 1740 4864 et
1764 4801 1909 4862 'lractatu
1934 4801 1974 4864 dc

593 4895 666 4957 Fide
688 4898 805 4957 Patrum
830 4900 1015 4980 intelligitur.
1062 4902 1223 4963 Praeterea
1247 4909 1358 4964 tantum
1381 4902 1525 4964 honorem
1548 4902 1590 4963 illi
1614 4889 1755 4973 tribuunt,
1778 4906 1808 4961 ut
1833 4900 1865 4960 in
1887 4903 1975 4963 anti-

595 4992 736 5069 quissima
760 4994 914 5057 Canonum
938 4997 1125 5062 Collectione
1149 5000 1288 5080 Syriaca,
1321 5022 1361 5062 ex
1384 5002 1449 5082 ejus
1472 5000 1613 5080 Epistolls
1637 5001 1734 5079 capita
1758 4998 1907 5079 quaedam
1933 5002 1973 5062 ad

592 5087 834 5154 Ecclesiastlcam
858 5094 1044 5175 disciplinam
1068 5101 1235 5177 spectantia
1259 5100 1446 5177 referantur,
1470 5100 1538 5179 quia
1561 5099 1698 5179 inquiunt
1720 5101 1906 5177 interpretes
1932 5098 1974 5160 eb

593 5203 735 5249 summam
758 5189 864 5272 ignatii
887 5197 1083 5272 sanctitatem,
1108 5216 1233 5278 aequam
1257 5217 1323 5261 cum
1348 5198 1519 5262 Canonibus
1542 5198 1716 5279 dignitatem
1738 5197 1860 5259 habent.
1888 5196 1975 5260 Dio-

593 5287 727 5366 nysium,
750 5289 968 5374 Areopagitam
990 5295 1169 5377 intelligunt.
1195 5297 1397 5378 ·Gregoriunr
1428 5297 1546 5379 qualem
1569 5296 1678 5377 velint,
1701 5314 1762 5358 non
1784 5295 1975 5377 significant,
