<?xml version="1.0" encoding="UTF-8"?>
<!DOCTYPE html PUBLIC "-//W3C//DTD XHTML 1.0 Transitional//EN"
    "http://www.w3.org/TR/xhtml1/DTD/xhtml1-transitional.dtd">
<html xmlns="http://www.w3.org/1999/xhtml" xml:lang="en" lang="en">
 <head>
  <title>
</title>
<meta http-equiv="Content-Type" content="text/html;charset=utf-8" />
  <meta name='ocr-system' content='tesseract 3.04.00' />
  <meta name='ocr-capabilities' content='ocr_page ocr_carea ocr_par ocr_line ocrx_word'/>
</head>
<body>
  <div class='ocr_page' id='page_1' title='image "./liturgiarumorie00renagoog_0517.png"; bbox 0 0 5150 6534; ppageno 0'>
   <div class='ocr_carea' id='block_1_1' title="bbox 943 858 1932 935">
    <p class='ocr_par' dir='ltr' id='par_1_1' title="bbox 943 858 1932 935">
     <span class='ocr_line' id='line_1_1' title="bbox 943 858 1932 935; baseline -0.004 0"><span class='ocrx_word' id='word_1_1' title='bbox 943 859 973 935; x_wconf 89' lang='lat' dir='ltr'>S.</span> <span class='ocrx_word' id='word_1_2' title='bbox 1007 858 1207 935; x_wconf 77' lang='lat' dir='ltr'>tenutis</span> <span class='ocrx_word' id='word_1_3' title='bbox 1243 858 1571 935; x_wconf 78' lang='lat' dir='ltr'>Pttmhttonnt.</span> <span class='ocrx_word' id='word_1_4' title='bbox 1856 859 1932 932; x_wconf 81' lang='grc'>479</span> 
     </span>
    </p>
   </div>
   <div class='ocr_carea' id='block_1_2' title="bbox 475 1038 1936 5424">
    <p class='ocr_par' dir='ltr' id='par_1_2' title="bbox 475 1038 1935 2737">
     <span class='ocr_line' id='line_1_2' title="bbox 475 1038 1932 1143; baseline -0.001 -24"><span class='ocrx_word' id='word_1_5' title='bbox 475 1038 477 1043; x_wconf 64' lang='grc'><strong>’</strong></span> <span class='ocrx_word' id='word_1_6' title='bbox 569 1049 695 1143; x_wconf 89' lang='lat' dir='ltr'>spiritu.</span> <span class='ocrx_word' id='word_1_7' title='bbox 756 1043 932 1117; x_wconf 86' lang='lat' dir='ltr'>Conserva</span> <span class='ocrx_word' id='word_1_8' title='bbox 966 1067 1029 1117; x_wconf 91' lang='lat' dir='ltr'>nos</span> <span class='ocrx_word' id='word_1_9' title='bbox 1068 1054 1100 1115; x_wconf 91' lang='lat' dir='ltr'>et</span> <span class='ocrx_word' id='word_1_10' title='bbox 1140 1045 1214 1116; x_wconf 90' lang='lat' dir='ltr'>illos</span> <span class='ocrx_word' id='word_1_11' title='bbox 1253 1067 1315 1139; x_wconf 89' lang='lat' dir='ltr'>per</span> <span class='ocrx_word' id='word_1_12' title='bbox 1347 1046 1529 1118; x_wconf 70' lang='lat' dir='ltr'><strong>custodiam</strong></span> <span class='ocrx_word' id='word_1_13' title='bbox 1559 1046 1766 1137; x_wconf 82' lang='lat' dir='ltr'><strong>&#39;Angelorum</strong></span> <span class='ocrx_word' id='word_1_14' title='bbox 1802 1057 1932 1118; x_wconf 89' lang='lat' dir='ltr'>tuorum</span> 
     </span>
     <span class='ocr_line' id='line_1_3' title="bbox 568 1160 1933 1256; baseline 0.001 -23"><span class='ocrx_word' id='word_1_15' title='bbox 568 1172 774 1251; x_wconf 88' lang='lat' dir='ltr'>sanctorum,</span> <span class='ocrx_word' id='word_1_16' title='bbox 801 1184 984 1256; x_wconf 90' lang='lat' dir='ltr'>praeserva</span> <span class='ocrx_word' id='word_1_17' title='bbox 1012 1183 1075 1232; x_wconf 90' lang='lat' dir='ltr'>nos</span> <span class='ocrx_word' id='word_1_18' title='bbox 1104 1184 1123 1232; x_wconf 91' lang='lat' dir='ltr'>a</span> <span class='ocrx_word' id='word_1_19' title='bbox 1151 1160 1335 1246; x_wconf 88' lang='lat' dir='ltr'>scandalis,</span> <span class='ocrx_word' id='word_1_20' title='bbox 1373 1174 1406 1232; x_wconf 87' lang='lat' dir='ltr'>et</span> <span class='ocrx_word' id='word_1_21' title='bbox 1441 1162 1543 1233; x_wconf 89' lang='lat' dir='ltr'>libera</span> <span class='ocrx_word' id='word_1_22' title='bbox 1579 1184 1640 1233; x_wconf 91' lang='lat' dir='ltr'>nos</span> <span class='ocrx_word' id='word_1_23' title='bbox 1668 1185 1687 1231; x_wconf 95' lang='lat' dir='ltr'>a</span> <span class='ocrx_word' id='word_1_24' title='bbox 1714 1162 1841 1256; x_wconf 84' lang='lat' dir='ltr'><strong>laqueis</strong></span> <span class='ocrx_word' id='word_1_25' title='bbox 1869 1186 1933 1236; x_wconf 90' lang='lat' dir='ltr'>sa-</span> 
     </span>
     <span class='ocr_line' id='line_1_4' title="bbox 568 1275 1931 1372; baseline -0.001 -23"><span class='ocrx_word' id='word_1_26' title='bbox 568 1289 685 1365; x_wconf 89' lang='lat' dir='ltr'>tanae,</span> <span class='ocrx_word' id='word_1_27' title='bbox 712 1287 745 1348; x_wconf 92' lang='lat' dir='ltr'>et</span> <span class='ocrx_word' id='word_1_28' title='bbox 772 1277 813 1349; x_wconf 95' lang='lat' dir='ltr'>ab</span> <span class='ocrx_word' id='word_1_29' title='bbox 842 1278 968 1372; x_wconf 77' lang='lat' dir='ltr'>abysso</span> <span class='ocrx_word' id='word_1_30' title='bbox 995 1279 1143 1371; x_wconf 89' lang='lat' dir='ltr'>peceati,</span> <span class='ocrx_word' id='word_1_31' title='bbox 1171 1300 1190 1346; x_wconf 96' lang='lat' dir='ltr'>a</span> <span class='ocrx_word' id='word_1_32' title='bbox 1217 1279 1324 1366; x_wconf 88' lang='lat' dir='ltr'>virgis</span> <span class='ocrx_word' id='word_1_33' title='bbox 1352 1277 1469 1363; x_wconf 87' lang='lat' dir='ltr'>duris,</span> <span class='ocrx_word' id='word_1_34' title='bbox 1494 1288 1527 1348; x_wconf 89' lang='lat' dir='ltr'>et</span> <span class='ocrx_word' id='word_1_35' title='bbox 1554 1300 1573 1346; x_wconf 92' lang='lat' dir='ltr'>a</span> <span class='ocrx_word' id='word_1_36' title='bbox 1607 1275 1714 1371; x_wconf 87' lang='lat' dir='ltr'>plagis</span> <span class='ocrx_word' id='word_1_37' title='bbox 1747 1278 1931 1350; x_wconf 81' lang='lat' dir='ltr'>lethalibus.</span> 
     </span>
     <span class='ocr_line' id='line_1_5' title="bbox 567 1392 1934 1490; baseline 0 -25"><span class='ocrx_word' id='word_1_38' title='bbox 567 1394 689 1465; x_wconf 89' lang='lat' dir='ltr'>Libera</span> <span class='ocrx_word' id='word_1_39' title='bbox 724 1416 786 1465; x_wconf 90' lang='lat' dir='ltr'>nos</span> <span class='ocrx_word' id='word_1_40' title='bbox 823 1392 864 1464; x_wconf 95' lang='lat' dir='ltr'>ab</span> <span class='ocrx_word' id='word_1_41' title='bbox 900 1397 962 1479; x_wconf 89' lang='lat' dir='ltr'>iis,</span> <span class='ocrx_word' id='word_1_42' title='bbox 995 1416 1081 1486; x_wconf 89' lang='lat' dir='ltr'>quae</span> <span class='ocrx_word' id='word_1_43' title='bbox 1116 1404 1254 1486; x_wconf 87' lang='lat' dir='ltr'>peccato</span> <span class='ocrx_word' id='word_1_44' title='bbox 1285 1401 1402 1468; x_wconf 90' lang='lat' dir='ltr'>nostra</span> <span class='ocrx_word' id='word_1_45' title='bbox 1436 1392 1592 1463; x_wconf 90' lang='lat' dir='ltr'>inducunt</span> <span class='ocrx_word' id='word_1_46' title='bbox 1625 1413 1725 1485; x_wconf 85' lang='grc'>3111131</span> <span class='ocrx_word' id='word_1_47' title='bbox 1757 1416 1837 1482; x_wconf 89' lang='lat' dir='ltr'>nos,</span> <span class='ocrx_word' id='word_1_48' title='bbox 1873 1418 1934 1490; x_wconf 92' lang='lat' dir='ltr'>per</span> 
     </span>
     <span class='ocr_line' id='line_1_6' title="bbox 568 1507 1933 1603; baseline 0.002 -24"><span class='ocrx_word' id='word_1_49' title='bbox 568 1512 709 1601; x_wconf 78' lang='lat' dir='ltr'>gratiam</span> <span class='ocrx_word' id='word_1_50' title='bbox 737 1519 841 1592; x_wconf 94' lang='lat' dir='ltr'>tuam,</span> <span class='ocrx_word' id='word_1_51' title='bbox 870 1509 910 1580; x_wconf 94' lang='lat' dir='ltr'>ab</span> <span class='ocrx_word' id='word_1_52' title='bbox 940 1509 1061 1579; x_wconf 90' lang='lat' dir='ltr'>acerba</span> <span class='ocrx_word' id='word_1_53' title='bbox 1090 1511 1290 1603; x_wconf 73' lang='lat' dir='ltr'>captivitate,</span> <span class='ocrx_word' id='word_1_54' title='bbox 1320 1507 1560 1599; x_wconf 86' lang='lat' dir='ltr'>etegentibus</span> <span class='ocrx_word' id='word_1_55' title='bbox 1575 1507 1771 1580; x_wconf 87' lang='lat' dir='ltr'>crudelibus.</span> <span class='ocrx_word' id='word_1_56' title='bbox 1823 1512 1933 1583; x_wconf 90' lang='lat' dir='ltr'>Senes</span> 
     </span>
     <span class='ocr_line' id='line_1_7' title="bbox 568 1622 1933 1718; baseline 0.002 -22"><span class='ocrx_word' id='word_1_57' title='bbox 568 1622 754 1696; x_wconf 90' lang='lat' dir='ltr'>imbecillos</span> <span class='ocrx_word' id='word_1_58' title='bbox 782 1623 959 1713; x_wconf 88' lang='lat' dir='ltr'>confirma,</span> <span class='ocrx_word' id='word_1_59' title='bbox 987 1634 1020 1694; x_wconf 91' lang='lat' dir='ltr'>et</span> <span class='ocrx_word' id='word_1_60' title='bbox 1046 1623 1186 1694; x_wconf 92' lang='lat' dir='ltr'>robora:</span> <span class='ocrx_word' id='word_1_61' title='bbox 1214 1622 1332 1693; x_wconf 88' lang='lat' dir='ltr'>viduas</span> <span class='ocrx_word' id='word_1_62' title='bbox 1360 1623 1483 1694; x_wconf 84' lang='lat' dir='ltr'>auxilio</span> <span class='ocrx_word' id='word_1_63' title='bbox 1507 1627 1608 1714; x_wconf 78' lang='lat' dir='ltr'>Juva,</span> <span class='ocrx_word' id='word_1_64' title='bbox 1643 1624 1809 1718; x_wconf 92' lang='lat' dir='ltr'>orphanos</span> <span class='ocrx_word' id='word_1_65' title='bbox 1844 1651 1933 1699; x_wconf 88' lang='lat' dir='ltr'>corr-</span> 
     </span>
     <span class='ocr_line' id='line_1_8' title="bbox 570 1737 1932 1836; baseline 0 -24"><span class='ocrx_word' id='word_1_66' title='bbox 570 1763 671 1812; x_wconf 88' lang='lat' dir='ltr'>serva</span> <span class='ocrx_word' id='word_1_67' title='bbox 699 1748 733 1810; x_wconf 92' lang='lat' dir='ltr'>et</span> <span class='ocrx_word' id='word_1_68' title='bbox 757 1740 909 1834; x_wconf 87' lang='lat' dir='ltr'>purifica:</span> <span class='ocrx_word' id='word_1_69' title='bbox 937 1744 1090 1835; x_wconf 86' lang='lat' dir='ltr'>captivos</span> <span class='ocrx_word' id='word_1_70' title='bbox 1117 1737 1222 1810; x_wconf 88' lang='lat' dir='ltr'>libera</span> <span class='ocrx_word' id='word_1_71' title='bbox 1252 1748 1285 1808; x_wconf 90' lang='lat' dir='ltr'>et</span> <span class='ocrx_word' id='word_1_72' title='bbox 1312 1738 1425 1810; x_wconf 85' lang='lat' dir='ltr'>salva:</span> <span class='ocrx_word' id='word_1_73' title='bbox 1458 1742 1589 1811; x_wconf 88' lang='lat' dir='ltr'>vinctos</span> <span class='ocrx_word' id='word_1_74' title='bbox 1622 1739 1720 1811; x_wconf 84' lang='lat' dir='ltr'>solve</span> <span class='ocrx_word' id='word_1_75' title='bbox 1755 1749 1788 1810; x_wconf 92' lang='lat' dir='ltr'>et</span> <span class='ocrx_word' id='word_1_76' title='bbox 1823 1745 1932 1836; x_wconf 89' lang='lat' dir='ltr'>eripe:</span> 
     </span>
     <span class='ocr_line' id='line_1_9' title="bbox 570 1855 1933 1951; baseline 0 -25"><span class='ocrx_word' id='word_1_77' title='bbox 570 1877 693 1946; x_wconf 87' lang='lat' dir='ltr'>aegros</span> <span class='ocrx_word' id='word_1_78' title='bbox 721 1877 801 1925; x_wconf 87' lang='lat' dir='ltr'>sana</span> <span class='ocrx_word' id='word_1_79' title='bbox 829 1866 862 1926; x_wconf 92' lang='lat' dir='ltr'>et</span> <span class='ocrx_word' id='word_1_80' title='bbox 887 1859 968 1950; x_wconf 91' lang='lat' dir='ltr'>ipsis</span> <span class='ocrx_word' id='word_1_81' title='bbox 996 1859 1169 1927; x_wconf 89' lang='lat' dir='ltr'>sanitatem</span> <span class='ocrx_word' id='word_1_82' title='bbox 1198 1855 1320 1926; x_wconf 89' lang='lat' dir='ltr'>tribue:</span> <span class='ocrx_word' id='word_1_83' title='bbox 1349 1856 1485 1925; x_wconf 87' lang='lat' dir='ltr'>aillictos</span> <span class='ocrx_word' id='word_1_84' title='bbox 1513 1866 1546 1925; x_wconf 88' lang='lat' dir='ltr'>et</span> <span class='ocrx_word' id='word_1_85' title='bbox 1581 1856 1785 1947; x_wconf 76' lang='lat' dir='ltr'>angustiatos</span> <span class='ocrx_word' id='word_1_86' title='bbox 1818 1860 1933 1951; x_wconf 88' lang='lat' dir='ltr'>spiritu</span> 
     </span>
     <span class='ocr_line' id='line_1_10' title="bbox 570 1970 1933 2065; baseline 0.001 -24"><span class='ocrx_word' id='word_1_87' title='bbox 570 1971 763 2042; x_wconf 89' lang='lat' dir='ltr'>consolare:</span> <span class='ocrx_word' id='word_1_88' title='bbox 791 1973 939 2062; x_wconf 84' lang='lat' dir='ltr'>injuriam</span> <span class='ocrx_word' id='word_1_89' title='bbox 968 1981 1001 2043; x_wconf 92' lang='lat' dir='ltr'>et</span> <span class='ocrx_word' id='word_1_90' title='bbox 1028 1971 1220 2042; x_wconf 87' lang='lat' dir='ltr'>calumniam</span> <span class='ocrx_word' id='word_1_91' title='bbox 1248 1992 1370 2064; x_wconf 92' lang='lat' dir='ltr'>passos</span> <span class='ocrx_word' id='word_1_92' title='bbox 1397 1970 1548 2043; x_wconf 85' lang='lat' dir='ltr'>conforta</span> <span class='ocrx_word' id='word_1_93' title='bbox 1564 1993 1625 2065; x_wconf 86' lang='lat' dir='ltr'>per</span> <span class='ocrx_word' id='word_1_94' title='bbox 1640 1970 1808 2042; x_wconf 91' lang='lat' dir='ltr'>brachium</span> <span class='ocrx_word' id='word_1_95' title='bbox 1827 1982 1933 2042; x_wconf 91' lang='lat' dir='ltr'>tuum:</span> 
     </span>
     <span class='ocr_line' id='line_1_11' title="bbox 568 2087 1933 2180; baseline 0 -23"><span class='ocrx_word' id='word_1_96' title='bbox 568 2109 734 2180; x_wconf 84' lang='lat' dir='ltr'>pauperes</span> <span class='ocrx_word' id='word_1_97' title='bbox 761 2087 836 2158; x_wconf 91' lang='lat' dir='ltr'>cibo</span> <span class='ocrx_word' id='word_1_98' title='bbox 866 2099 898 2158; x_wconf 91' lang='lat' dir='ltr'>et</span> <span class='ocrx_word' id='word_1_99' title='bbox 924 2089 1125 2159; x_wconf 90' lang='lat' dir='ltr'>necessariis</span> <span class='ocrx_word' id='word_1_100' title='bbox 1153 2097 1318 2158; x_wconf 91' lang='lat' dir='ltr'>sustenta:</span> <span class='ocrx_word' id='word_1_101' title='bbox 1352 2090 1581 2159; x_wconf 88' lang='lat' dir='ltr'>necessitatem</span> <span class='ocrx_word' id='word_1_102' title='bbox 1615 2089 1797 2180; x_wconf 88' lang='lat' dir='ltr'>patientes,</span> <span class='ocrx_word' id='word_1_103' title='bbox 1828 2109 1933 2180; x_wconf 90' lang='lat' dir='ltr'>pere-</span> 
     </span>
     <span class='ocr_line' id='line_1_12' title="bbox 567 2202 1932 2297; baseline 0.003 -28"><span class='ocrx_word' id='word_1_104' title='bbox 567 2205 703 2294; x_wconf 88' lang='lat' dir='ltr'>grinos,</span> <span class='ocrx_word' id='word_1_105' title='bbox 731 2214 764 2273; x_wconf 89' lang='lat' dir='ltr'>et</span> <span class='ocrx_word' id='word_1_106' title='bbox 790 2208 1057 2297; x_wconf 90' lang='lat' dir='ltr'>persecutionem</span> <span class='ocrx_word' id='word_1_107' title='bbox 1085 2206 1285 2273; x_wconf 86' lang='lat' dir='ltr'>sustinentes</span> <span class='ocrx_word' id='word_1_108' title='bbox 1313 2202 1430 2290; x_wconf 82' lang='lat' dir='ltr'>r&#39;ednc,</span> <span class='ocrx_word' id='word_1_109' title='bbox 1458 2213 1491 2274; x_wconf 90' lang='grc'>31</span> <span class='ocrx_word' id='word_1_110' title='bbox 1519 2206 1661 2296; x_wconf 88' lang='lat' dir='ltr'>quietem</span> <span class='ocrx_word' id='word_1_111' title='bbox 1688 2202 1751 2272; x_wconf 92' lang='lat' dir='ltr'>illis</span> <span class='ocrx_word' id='word_1_112' title='bbox 1775 2202 1932 2273; x_wconf 88' lang='lat' dir='ltr'>concede.</span> 
     </span>
     <span class='ocr_line' id='line_1_13' title="bbox 569 2318 1933 2413; baseline 0.001 -26"><span class='ocrx_word' id='word_1_113' title='bbox 569 2318 722 2388; x_wconf 90' lang='lat' dir='ltr'>Perditos</span> <span class='ocrx_word' id='word_1_114' title='bbox 750 2329 783 2389; x_wconf 91' lang='lat' dir='ltr'>et</span> <span class='ocrx_word' id='word_1_115' title='bbox 810 2331 960 2390; x_wconf 81' lang='lat' dir='ltr'>errantes</span> <span class='ocrx_word' id='word_1_116' title='bbox 988 2318 1109 2409; x_wconf 91' lang='lat' dir='ltr'>collige</span> <span class='ocrx_word' id='word_1_117' title='bbox 1137 2328 1169 2388; x_wconf 92' lang='lat' dir='ltr'>et</span> <span class='ocrx_word' id='word_1_118' title='bbox 1196 2333 1383 2410; x_wconf 89' lang='lat' dir='ltr'>congrega:</span> <span class='ocrx_word' id='word_1_119' title='bbox 1421 2330 1616 2413; x_wconf 90' lang='lat' dir='ltr'>peccatores</span> <span class='ocrx_word' id='word_1_120' title='bbox 1644 2318 1762 2388; x_wconf 88' lang='lat' dir='ltr'>munda</span> <span class='ocrx_word' id='word_1_121' title='bbox 1791 2328 1933 2390; x_wconf 86' lang='grc'>313113-</span> 
     </span>
     <span class='ocr_line' id='line_1_14' title="bbox 571 2433 1934 2527; baseline -0.001 -23"><span class='ocrx_word' id='word_1_122' title='bbox 571 2437 662 2527; x_wconf 86' lang='lat' dir='ltr'>cipe:</span> <span class='ocrx_word' id='word_1_123' title='bbox 696 2434 857 2527; x_wconf 90' lang='lat' dir='ltr'>nobisque</span> <span class='ocrx_word' id='word_1_124' title='bbox 894 2435 1044 2506; x_wconf 90' lang='lat' dir='ltr'>omnibus</span> <span class='ocrx_word' id='word_1_125' title='bbox 1068 2433 1231 2520; x_wconf 90' lang='lat' dir='ltr'>solatium,</span> <span class='ocrx_word' id='word_1_126' title='bbox 1261 2433 1439 2521; x_wconf 90' lang='lat' dir='ltr'>medelam,</span> <span class='ocrx_word' id='word_1_127' title='bbox 1468 2435 1618 2520; x_wconf 89' lang='lat' dir='ltr'>salutem,</span> <span class='ocrx_word' id='word_1_128' title='bbox 1646 2443 1679 2504; x_wconf 87' lang='lat' dir='ltr'>et</span> <span class='ocrx_word' id='word_1_129' title='bbox 1704 2434 1934 2525; x_wconf 75' lang='lat' dir='ltr'>liberationem</span> 
     </span>
     <span class='ocr_line' id='line_1_15' title="bbox 570 2549 1935 2644; baseline -0.001 -25"><span class='ocrx_word' id='word_1_130' title='bbox 570 2563 722 2644; x_wconf 89' lang='lat' dir='ltr'>praesta,</span> <span class='ocrx_word' id='word_1_131' title='bbox 749 2553 823 2643; x_wconf 87' lang='grc'>111113</span> <span class='ocrx_word' id='word_1_132' title='bbox 852 2560 884 2620; x_wconf 90' lang='grc'>111</span> <span class='ocrx_word' id='word_1_133' title='bbox 912 2551 1089 2622; x_wconf 88' lang='lat' dir='ltr'>auxiliator</span> <span class='ocrx_word' id='word_1_134' title='bbox 1116 2562 1148 2620; x_wconf 94' lang='lat' dir='ltr'>et</span> <span class='ocrx_word' id='word_1_135' title='bbox 1176 2549 1307 2640; x_wconf 87' lang='lat' dir='ltr'>adjutor</span> <span class='ocrx_word' id='word_1_136' title='bbox 1333 2554 1476 2621; x_wconf 91' lang='lat' dir='ltr'>omnium</span> <span class='ocrx_word' id='word_1_137' title='bbox 1504 2573 1553 2638; x_wconf 86' lang='lat' dir='ltr'>os,</span> <span class='ocrx_word' id='word_1_138' title='bbox 1582 2549 1705 2644; x_wconf 89' lang='lat' dir='ltr'>tibique</span> <span class='ocrx_word' id='word_1_139' title='bbox 1733 2549 1873 2641; x_wconf 84' lang='lat' dir='ltr'>gloriam</span> <span class='ocrx_word' id='word_1_140' title='bbox 1901 2558 1935 2619; x_wconf 90' lang='lat' dir='ltr'>et</span> 
     </span>
     <span class='ocr_line' id='line_1_16' title="bbox 570 2664 905 2737; baseline 0 -3"><span class='ocrx_word' id='word_1_141' title='bbox 570 2664 702 2735; x_wconf 91' lang='lat' dir='ltr'>landem</span> <span class='ocrx_word' id='word_1_142' title='bbox 731 2666 905 2737; x_wconf 83' lang='lat' dir='ltr'>oderimus.</span> 
     </span>
    </p>

    <p class='ocr_par' dir='ltr' id='par_1_3' title="bbox 674 2781 1006 2874">
     <span class='ocr_line' id='line_1_17' title="bbox 674 2781 1006 2874; baseline 0.006 -25"><span class='ocrx_word' id='word_1_143' title='bbox 674 2781 834 2874; x_wconf 81' lang='lat' dir='ltr'>Populus.</span> <span class='ocrx_word' id='word_1_144' title='bbox 887 2783 1006 2854; x_wconf 84' lang='lat' dir='ltr'>Amen.</span> 
     </span>
    </p>

    <p class='ocr_par' dir='ltr' id='par_1_4' title="bbox 571 2896 1936 3914">
     <span class='ocr_line' id='line_1_18' title="bbox 647 2896 1933 2990; baseline 0.004 -28"><span class='ocrx_word' id='word_1_145' title='bbox 647 2896 846 2969; x_wconf 66' lang='lat' dir='ltr'>,saratas</span> <span class='ocrx_word' id='word_1_146' title='bbox 872 2899 1063 2968; x_wconf 80' lang='grc'>1331133131.</span> <span class='ocrx_word' id='word_1_147' title='bbox 1118 2896 1223 2966; x_wconf 93' lang='lat' dir='ltr'>Visita</span> <span class='ocrx_word' id='word_1_148' title='bbox 1252 2896 1394 2966; x_wconf 90' lang='lat' dir='ltr'>Domine</span> <span class='ocrx_word' id='word_1_149' title='bbox 1433 2919 1494 2990; x_wconf 89' lang='lat' dir='ltr'>per</span> <span class='ocrx_word' id='word_1_150' title='bbox 1525 2900 1666 2987; x_wconf 91' lang='lat' dir='ltr'>gratiam</span> <span class='ocrx_word' id='word_1_151' title='bbox 1700 2907 1787 2967; x_wconf 89' lang='lat' dir='ltr'>tuam</span> <span class='ocrx_word' id='word_1_152' title='bbox 1815 2896 1933 2987; x_wconf 86' lang='lat' dir='ltr'>Reges</span> 
     </span>
     <span class='ocr_line' id='line_1_19' title="bbox 572 3010 1934 3107; baseline 0 -25"><span class='ocrx_word' id='word_1_153' title='bbox 572 3011 798 3101; x_wconf 84' lang='lat' dir='ltr'>Orthodoxos,</span> <span class='ocrx_word' id='word_1_154' title='bbox 827 3026 859 3085; x_wconf 88' lang='lat' dir='ltr'>et</span> <span class='ocrx_word' id='word_1_155' title='bbox 886 3015 1013 3104; x_wconf 85' lang='lat' dir='ltr'>subjice</span> <span class='ocrx_word' id='word_1_156' title='bbox 1049 3013 1112 3083; x_wconf 91' lang='lat' dir='ltr'>illis</span> <span class='ocrx_word' id='word_1_157' title='bbox 1148 3013 1297 3082; x_wconf 92' lang='lat' dir='ltr'>inimicos</span> <span class='ocrx_word' id='word_1_158' title='bbox 1325 3034 1452 3100; x_wconf 87' lang='lat' dir='ltr'>eornm,</span> <span class='ocrx_word' id='word_1_159' title='bbox 1480 3035 1658 3107; x_wconf 90' lang='lat' dir='ltr'>compesce</span> <span class='ocrx_word' id='word_1_160' title='bbox 1691 3010 1778 3082; x_wconf 91' lang='lat' dir='ltr'>bella</span> <span class='ocrx_word' id='word_1_161' title='bbox 1811 3024 1844 3082; x_wconf 93' lang='lat' dir='ltr'>et</span> <span class='ocrx_word' id='word_1_162' title='bbox 1875 3023 1934 3082; x_wconf 92' lang='lat' dir='ltr'>tu-</span> 
     </span>
     <span class='ocr_line' id='line_1_20' title="bbox 571 3126 1935 3221; baseline 0.001 -24"><span class='ocrx_word' id='word_1_163' title='bbox 571 3127 702 3215; x_wconf 86' lang='lat' dir='ltr'>multus,</span> <span class='ocrx_word' id='word_1_164' title='bbox 730 3139 763 3199; x_wconf 89' lang='lat' dir='ltr'>et</span> <span class='ocrx_word' id='word_1_165' title='bbox 788 3139 891 3200; x_wconf 92' lang='lat' dir='ltr'>totum</span> <span class='ocrx_word' id='word_1_166' title='bbox 919 3139 1080 3201; x_wconf 88' lang='lat' dir='ltr'>terrarum</span> <span class='ocrx_word' id='word_1_167' title='bbox 1117 3126 1231 3199; x_wconf 89' lang='lat' dir='ltr'>orbem</span> <span class='ocrx_word' id='word_1_168' title='bbox 1265 3127 1414 3221; x_wconf 85' lang='lat' dir='ltr'>pacifica,</span> <span class='ocrx_word' id='word_1_169' title='bbox 1442 3137 1477 3197; x_wconf 94' lang='lat' dir='ltr'>ut</span> <span class='ocrx_word' id='word_1_170' title='bbox 1502 3127 1656 3199; x_wconf 82' lang='lat' dir='ltr'>Ecclesia</span> <span class='ocrx_word' id='word_1_171' title='bbox 1690 3138 1741 3198; x_wconf 89' lang='lat' dir='ltr'>tna</span> <span class='ocrx_word' id='word_1_172' title='bbox 1775 3132 1807 3198; x_wconf 94' lang='lat' dir='ltr'>in</span> <span class='ocrx_word' id='word_1_173' title='bbox 1840 3139 1935 3198; x_wconf 90' lang='lat' dir='ltr'>tran-</span> 
     </span>
     <span class='ocr_line' id='line_1_21' title="bbox 572 3243 1935 3338; baseline 0.001 -27"><span class='ocrx_word' id='word_1_174' title='bbox 572 3243 728 3336; x_wconf 90' lang='lat' dir='ltr'>quillitate</span> <span class='ocrx_word' id='word_1_175' title='bbox 755 3253 789 3315; x_wconf 91' lang='lat' dir='ltr'>et</span> <span class='ocrx_word' id='word_1_176' title='bbox 814 3267 898 3338; x_wconf 89' lang='lat' dir='ltr'>pace</span> <span class='ocrx_word' id='word_1_177' title='bbox 926 3249 977 3329; x_wconf 90' lang='lat' dir='ltr'>sit,</span> <span class='ocrx_word' id='word_1_178' title='bbox 1006 3257 1117 3338; x_wconf 88' lang='lat' dir='ltr'>atqne·</span> <span class='ocrx_word' id='word_1_179' title='bbox 1139 3246 1171 3313; x_wconf 94' lang='lat' dir='ltr'>in</span> <span class='ocrx_word' id='word_1_180' title='bbox 1198 3252 1320 3313; x_wconf 88' lang='lat' dir='ltr'>attenta</span> <span class='ocrx_word' id='word_1_181' title='bbox 1348 3243 1539 3315; x_wconf 89' lang='lat' dir='ltr'>sedulitate:</span> <span class='ocrx_word' id='word_1_182' title='bbox 1570 3247 1794 3338; x_wconf 86' lang='lat' dir='ltr'>unusquisque</span> <span class='ocrx_word' id='word_1_183' title='bbox 1826 3251 1935 3313; x_wconf 89' lang='lat' dir='ltr'>autem</span> 
     </span>
     <span class='ocr_line' id='line_1_22' title="bbox 572 3352 1936 3451; baseline 0 -23"><span class='ocrx_word' id='word_1_184' title='bbox 572 3362 604 3428; x_wconf 93' lang='lat' dir='ltr'>in</span> <span class='ocrx_word' id='word_1_185' title='bbox 637 3381 697 3430; x_wconf 90' lang='lat' dir='ltr'>sua</span> <span class='ocrx_word' id='word_1_186' title='bbox 730 3364 871 3451; x_wconf 88' lang='lat' dir='ltr'>regione</span> <span class='ocrx_word' id='word_1_187' title='bbox 904 3360 1097 3431; x_wconf 85' lang='lat' dir='ltr'>confiteatur</span> <span class='ocrx_word' id='word_1_188' title='bbox 1129 3359 1195 3430; x_wconf 92' lang='lat' dir='ltr'>tibi.</span> <span class='ocrx_word' id='word_1_189' title='bbox 1257 3352 1371 3431; x_wconf 85' lang='lat' dir='ltr'>Nobis</span> <span class='ocrx_word' id='word_1_190' title='bbox 1403 3358 1546 3430; x_wconf 88' lang='lat' dir='ltr'>Domine</span> <span class='ocrx_word' id='word_1_191' title='bbox 1585 3363 1687 3430; x_wconf 86' lang='lat' dir='ltr'>vitam</span> <span class='ocrx_word' id='word_1_192' title='bbox 1725 3362 1866 3451; x_wconf 93' lang='lat' dir='ltr'>quietam</span> <span class='ocrx_word' id='word_1_193' title='bbox 1903 3369 1936 3429; x_wconf 91' lang='lat' dir='ltr'>et</span> 
     </span>
     <span class='ocr_line' id='line_1_23' title="bbox 572 3473 1933 3570; baseline 0.002 -27"><span class='ocrx_word' id='word_1_194' title='bbox 572 3483 720 3569; x_wconf 90' lang='lat' dir='ltr'>tempora</span> <span class='ocrx_word' id='word_1_195' title='bbox 748 3476 884 3570; x_wconf 85' lang='lat' dir='ltr'>pacifica</span> <span class='ocrx_word' id='word_1_196' title='bbox 911 3476 1074 3547; x_wconf 88' lang='lat' dir='ltr'>concede:</span> <span class='ocrx_word' id='word_1_197' title='bbox 1103 3487 1168 3546; x_wconf 91' lang='lat' dir='ltr'>eta</span> <span class='ocrx_word' id='word_1_198' title='bbox 1195 3473 1291 3546; x_wconf 92' lang='lat' dir='ltr'>nobis</span> <span class='ocrx_word' id='word_1_199' title='bbox 1320 3475 1448 3569; x_wconf 92' lang='lat' dir='ltr'>depelle</span> <span class='ocrx_word' id='word_1_200' title='bbox 1476 3497 1573 3545; x_wconf 91' lang='lat' dir='ltr'>omne</span> <span class='ocrx_word' id='word_1_201' title='bbox 1601 3476 1782 3546; x_wconf 85' lang='lat' dir='ltr'>uillictionis</span> <span class='ocrx_word' id='word_1_202' title='bbox 1808 3496 1933 3567; x_wconf 88' lang='lat' dir='ltr'>genus:</span> 
     </span>
     <span class='ocr_line' id='line_1_24' title="bbox 572 3593 1935 3685; baseline 0.001 -26"><span class='ocrx_word' id='word_1_203' title='bbox 572 3601 706 3685; x_wconf 89' lang='lat' dir='ltr'>praesta</span> <span class='ocrx_word' id='word_1_204' title='bbox 733 3595 830 3662; x_wconf 88' lang='lat' dir='ltr'>etiam</span> <span class='ocrx_word' id='word_1_205' title='bbox 858 3603 892 3661; x_wconf 92' lang='lat' dir='ltr'>nt</span> <span class='ocrx_word' id='word_1_206' title='bbox 919 3602 1010 3663; x_wconf 91' lang='lat' dir='ltr'>caste</span> <span class='ocrx_word' id='word_1_207' title='bbox 1036 3596 1138 3662; x_wconf 85' lang='lat' dir='ltr'>vitam</span> <span class='ocrx_word' id='word_1_208' title='bbox 1168 3593 1390 3662; x_wconf 90' lang='lat' dir='ltr'>instituamus:</span> <span class='ocrx_word' id='word_1_209' title='bbox 1425 3613 1620 3685; x_wconf 90' lang='lat' dir='ltr'>oppressos,</span> <span class='ocrx_word' id='word_1_210' title='bbox 1649 3601 1873 3682; x_wconf 90' lang='lat' dir='ltr'>aegrotantes,</span> <span class='ocrx_word' id='word_1_211' title='bbox 1902 3601 1935 3660; x_wconf 92' lang='lat' dir='ltr'>et</span> 
     </span>
     <span class='ocr_line' id='line_1_25' title="bbox 576 3706 1936 3802; baseline 0.001 -27"><span class='ocrx_word' id='word_1_212' title='bbox 576 3711 714 3800; x_wconf 87' lang='lat' dir='ltr'>eosqui</span> <span class='ocrx_word' id='word_1_213' title='bbox 751 3717 914 3779; x_wconf 88' lang='lat' dir='ltr'>tentantur</span> <span class='ocrx_word' id='word_1_214' title='bbox 947 3732 966 3779; x_wconf 92' lang='lat' dir='ltr'>a</span> <span class='ocrx_word' id='word_1_215' title='bbox 1003 3707 1154 3799; x_wconf 88' lang='lat' dir='ltr'>malignis</span> <span class='ocrx_word' id='word_1_216' title='bbox 1188 3708 1374 3802; x_wconf 89' lang='lat' dir='ltr'>spiritibus,</span> <span class='ocrx_word' id='word_1_217' title='bbox 1408 3730 1489 3777; x_wconf 90' lang='lat' dir='ltr'>sana</span> <span class='ocrx_word' id='word_1_218' title='bbox 1522 3719 1555 3778; x_wconf 89' lang='lat' dir='ltr'>et</span> <span class='ocrx_word' id='word_1_219' title='bbox 1589 3706 1719 3797; x_wconf 90' lang='lat' dir='ltr'>adjuva.</span> <span class='ocrx_word' id='word_1_220' title='bbox 1780 3707 1936 3779; x_wconf 88' lang='lat' dir='ltr'>Coronae</span> 
     </span>
     <span class='ocr_line' id='line_1_26' title="bbox 572 3823 1932 3914; baseline 0.001 -23"><span class='ocrx_word' id='word_1_221' title='bbox 572 3825 648 3892; x_wconf 91' lang='lat' dir='ltr'>anni</span> <span class='ocrx_word' id='word_1_222' title='bbox 673 3823 824 3911; x_wconf 82' lang='lat' dir='ltr'>benedic,</span> <span class='ocrx_word' id='word_1_223' title='bbox 851 3835 885 3893; x_wconf 91' lang='lat' dir='ltr'>nt</span> <span class='ocrx_word' id='word_1_224' title='bbox 912 3834 1085 3895; x_wconf 89' lang='lat' dir='ltr'>creaturae</span> <span class='ocrx_word' id='word_1_225' title='bbox 1111 3823 1254 3895; x_wconf 91' lang='lat' dir='ltr'>habeant</span> <span class='ocrx_word' id='word_1_226' title='bbox 1269 3824 1355 3894; x_wconf 91' lang='lat' dir='ltr'>nnde</span> <span class='ocrx_word' id='word_1_227' title='bbox 1372 3831 1605 3910; x_wconf 85' lang='lat' dir='ltr'>sustententur,</span> <span class='ocrx_word' id='word_1_228' title='bbox 1632 3834 1666 3894; x_wconf 89' lang='lat' dir='ltr'>et</span> <span class='ocrx_word' id='word_1_229' title='bbox 1681 3824 1866 3914; x_wconf 88' lang='lat' dir='ltr'>glorificent</span> <span class='ocrx_word' id='word_1_230' title='bbox 1890 3832 1932 3893; x_wconf 90' lang='lat' dir='ltr'>te.</span> 
     </span>
    </p>

    <p class='ocr_par' dir='ltr' id='par_1_5' title="bbox 674 3940 1285 4035">
     <span class='ocr_line' id='line_1_27' title="bbox 674 3940 1285 4035; baseline -0.003 -25"><span class='ocrx_word' id='word_1_231' title='bbox 674 3940 834 4032; x_wconf 82' lang='lat' dir='ltr'>Populus.</span> <span class='ocrx_word' id='word_1_232' title='bbox 888 3940 993 4035; x_wconf 73' lang='lat' dir='ltr'>llyrie</span> <span class='ocrx_word' id='word_1_233' title='bbox 1020 3941 1158 4010; x_wconf 87' lang='lat' dir='ltr'>eleison.</span> <span class='ocrx_word' id='word_1_234' title='bbox 1281 4017 1285 4026; x_wconf 51' lang='grc'><strong>,</strong></span> 
     </span>
    </p>

    <p class='ocr_par' dir='ltr' id='par_1_6' title="bbox 572 4053 1936 5424">
     <span class='ocr_line' id='line_1_28' title="bbox 676 4053 1934 4148; baseline -0.002 -23"><span class='ocrx_word' id='word_1_235' title='bbox 676 4053 850 4125; x_wconf 80' lang='lat' dir='ltr'>Sacerdos</span> <span class='ocrx_word' id='word_1_236' title='bbox 878 4056 1013 4124; x_wconf 82' lang='grc'>31333113</span> <span class='ocrx_word' id='word_1_237' title='bbox 1040 4078 1164 4124; x_wconf 82' lang='lat' dir='ltr'>rocem.</span> <span class='ocrx_word' id='word_1_238' title='bbox 1217 4054 1360 4126; x_wconf 92' lang='lat' dir='ltr'>Domine</span> <span class='ocrx_word' id='word_1_239' title='bbox 1379 4053 1613 4147; x_wconf 90' lang='lat' dir='ltr'>Deuspotens,</span> <span class='ocrx_word' id='word_1_240' title='bbox 1641 4056 1801 4123; x_wconf 90' lang='lat' dir='ltr'>constitue</span> <span class='ocrx_word' id='word_1_241' title='bbox 1817 4076 1934 4148; x_wconf 91' lang='lat' dir='ltr'>pacem</span> 
     </span>
     <span class='ocr_line' id='line_1_29' title="bbox 573 4168 1934 4265; baseline -0.001 -24"><span class='ocrx_word' id='word_1_242' title='bbox 573 4174 605 4241; x_wconf 96' lang='lat' dir='ltr'>in</span> <span class='ocrx_word' id='word_1_243' title='bbox 631 4175 757 4262; x_wconf 82' lang='lat' dir='ltr'>regala,</span> <span class='ocrx_word' id='word_1_244' title='bbox 784 4195 845 4265; x_wconf 93' lang='lat' dir='ltr'>per</span> <span class='ocrx_word' id='word_1_245' title='bbox 871 4170 1078 4241; x_wconf 91' lang='lat' dir='ltr'>clementiam</span> <span class='ocrx_word' id='word_1_246' title='bbox 1105 4182 1208 4257; x_wconf 73' lang='lat' dir='ltr'>tuam,</span> <span class='ocrx_word' id='word_1_247' title='bbox 1237 4171 1417 4264; x_wconf 90' lang='lat' dir='ltr'>comprime</span> <span class='ocrx_word' id='word_1_248' title='bbox 1443 4168 1531 4240; x_wconf 86' lang='lat' dir='ltr'>bella</span> <span class='ocrx_word' id='word_1_249' title='bbox 1558 4170 1774 4259; x_wconf 88' lang='lat' dir='ltr'>inimicorum,</span> <span class='ocrx_word' id='word_1_250' title='bbox 1801 4180 1835 4240; x_wconf 89' lang='lat' dir='ltr'>ot</span> <span class='ocrx_word' id='word_1_251' title='bbox 1860 4169 1934 4239; x_wconf 88' lang='lat' dir='ltr'>Ec-</span> 
     </span>
     <span class='ocr_line' id='line_1_30' title="bbox 574 4285 1934 4377; baseline 0.001 -22"><span class='ocrx_word' id='word_1_252' title='bbox 574 4285 746 4357; x_wconf 89' lang='lat' dir='ltr'>clesiarum</span> <span class='ocrx_word' id='word_1_253' title='bbox 776 4286 933 4357; x_wconf 90' lang='lat' dir='ltr'>scandala</span> <span class='ocrx_word' id='word_1_254' title='bbox 961 4287 1063 4357; x_wconf 86' lang='lat' dir='ltr'>aufer.</span> <span class='ocrx_word' id='word_1_255' title='bbox 1105 4286 1275 4377; x_wconf 84' lang='lat' dir='ltr'>Extingne</span> <span class='ocrx_word' id='word_1_256' title='bbox 1302 4286 1460 4356; x_wconf 88' lang='lat' dir='ltr'>haereses</span> <span class='ocrx_word' id='word_1_257' title='bbox 1487 4306 1665 4375; x_wconf 82' lang='lat' dir='ltr'>erroneas3</span> <span class='ocrx_word' id='word_1_258' title='bbox 1693 4293 1727 4354; x_wconf 91' lang='lat' dir='ltr'>et</span> <span class='ocrx_word' id='word_1_259' title='bbox 1752 4285 1845 4356; x_wconf 93' lang='lat' dir='ltr'>salva</span> <span class='ocrx_word' id='word_1_260' title='bbox 1873 4308 1934 4358; x_wconf 91' lang='lat' dir='ltr'>nos</span> 
     </span>
     <span class='ocr_line' id='line_1_31' title="bbox 572 4392 1936 4496; baseline 0.001 -25"><span class='ocrx_word' id='word_1_261' title='bbox 572 4400 715 4473; x_wconf 89' lang='lat' dir='ltr'>Domine</span> <span class='ocrx_word' id='word_1_262' title='bbox 741 4403 838 4496; x_wconf 89' lang='lat' dir='ltr'>plene</span> <span class='ocrx_word' id='word_1_263' title='bbox 866 4392 1109 4488; x_wconf 77' lang='lat' dir='ltr'>misericordia,</span> <span class='ocrx_word' id='word_1_264' title='bbox 1144 4400 1184 4472; x_wconf 94' lang='lat' dir='ltr'>ab</span> <span class='ocrx_word' id='word_1_265' title='bbox 1213 4404 1302 4473; x_wconf 93' lang='lat' dir='ltr'>omni</span> <span class='ocrx_word' id='word_1_266' title='bbox 1328 4401 1418 4471; x_wconf 89' lang='lat' dir='ltr'>lame</span> <span class='ocrx_word' id='word_1_267' title='bbox 1445 4400 1532 4490; x_wconf 87' lang='lat' dir='ltr'>dira,</span> <span class='ocrx_word' id='word_1_268' title='bbox 1566 4398 1607 4470; x_wconf 95' lang='lat' dir='ltr'>ab</span> <span class='ocrx_word' id='word_1_269' title='bbox 1642 4404 1731 4472; x_wconf 91' lang='lat' dir='ltr'>omni</span> <span class='ocrx_word' id='word_1_270' title='bbox 1766 4402 1870 4472; x_wconf 88' lang='lat' dir='ltr'>caede</span> <span class='ocrx_word' id='word_1_271' title='bbox 1902 4413 1936 4473; x_wconf 88' lang='lat' dir='ltr'>et</span> 
     </span>
     <span class='ocr_line' id='line_1_32' title="bbox 573 4515 1934 4611; baseline 0.001 -24"><span class='ocrx_word' id='word_1_272' title='bbox 573 4517 783 4605; x_wconf 77' lang='lat' dir='ltr'>mortalitate,</span> <span class='ocrx_word' id='word_1_273' title='bbox 811 4515 852 4587; x_wconf 89' lang='lat' dir='ltr'>ab</span> <span class='ocrx_word' id='word_1_274' title='bbox 881 4516 1031 4588; x_wconf 92' lang='lat' dir='ltr'>omnibus</span> <span class='ocrx_word' id='word_1_275' title='bbox 1060 4516 1155 4588; x_wconf 88' lang='lat' dir='ltr'>bellis</span> <span class='ocrx_word' id='word_1_276' title='bbox 1191 4529 1224 4589; x_wconf 92' lang='lat' dir='ltr'>et</span> <span class='ocrx_word' id='word_1_277' title='bbox 1250 4517 1453 4602; x_wconf 88' lang='lat' dir='ltr'>tumultibus,</span> <span class='ocrx_word' id='word_1_278' title='bbox 1481 4541 1501 4587; x_wconf 94' lang='lat' dir='ltr'>a</span> <span class='ocrx_word' id='word_1_279' title='bbox 1527 4516 1636 4611; x_wconf 86' lang='lat' dir='ltr'>plagis</span> <span class='ocrx_word' id='word_1_280' title='bbox 1664 4526 1697 4587; x_wconf 89' lang='lat' dir='ltr'>et</span> <span class='ocrx_word' id='word_1_281' title='bbox 1722 4516 1934 4611; x_wconf 90' lang='lat' dir='ltr'>colaphorum</span> 
     </span>
     <span class='ocr_line' id='line_1_33' title="bbox 573 4630 1934 4733; baseline -0.001 -29"><span class='ocrx_word' id='word_1_282' title='bbox 573 4636 764 4725; x_wconf 86' lang='lat' dir='ltr'>ignominia,</span> <span class='ocrx_word' id='word_1_283' title='bbox 792 4657 811 4703; x_wconf 92' lang='lat' dir='ltr'>a</span> <span class='ocrx_word' id='word_1_284' title='bbox 839 4644 949 4704; x_wconf 90' lang='lat' dir='ltr'>terrae</span> <span class='ocrx_word' id='word_1_285' title='bbox 984 4644 1072 4705; x_wconf 92' lang='lat' dir='ltr'>motu</span> <span class='ocrx_word' id='word_1_286' title='bbox 1102 4644 1134 4704; x_wconf 89' lang='lat' dir='ltr'>et</span> <span class='ocrx_word' id='word_1_287' title='bbox 1161 4636 1387 4728; x_wconf 86' lang='lat' dir='ltr'>oppressione,</span> <span class='ocrx_word' id='word_1_288' title='bbox 1416 4630 1457 4703; x_wconf 91' lang='lat' dir='ltr'>ab</span> <span class='ocrx_word' id='word_1_289' title='bbox 1485 4631 1644 4733; x_wconf 86' lang='lat' dir='ltr'>incendiis</span> <span class='ocrx_word' id='word_1_290' title='bbox 1677 4642 1711 4702; x_wconf 88' lang='lat' dir='ltr'>et</span> <span class='ocrx_word' id='word_1_291' title='bbox 1745 4631 1934 4726; x_wconf 88' lang='lat' dir='ltr'>depraeda-</span> 
     </span>
     <span class='ocr_line' id='line_1_34' title="bbox 574 4746 1935 4847; baseline -0.002 -27"><span class='ocrx_word' id='word_1_292' title='bbox 574 4750 731 4821; x_wconf 90' lang='lat' dir='ltr'>tionibus:</span> <span class='ocrx_word' id='word_1_293' title='bbox 768 4760 802 4820; x_wconf 92' lang='lat' dir='ltr'>et</span> <span class='ocrx_word' id='word_1_294' title='bbox 828 4754 1121 4847; x_wconf 85' lang='lat' dir='ltr'>congregationem</span> <span class='ocrx_word' id='word_1_295' title='bbox 1149 4749 1232 4820; x_wconf 91' lang='lat' dir='ltr'>hanc</span> <span class='ocrx_word' id='word_1_296' title='bbox 1259 4752 1542 4837; x_wconf 90' lang='lat' dir='ltr'>circumstantem,</span> <span class='ocrx_word' id='word_1_297' title='bbox 1570 4752 1602 4818; x_wconf 96' lang='lat' dir='ltr'>in</span> <span class='ocrx_word' id='word_1_298' title='bbox 1629 4746 1694 4818; x_wconf 88' lang='lat' dir='ltr'>fida</span> <span class='ocrx_word' id='word_1_299' title='bbox 1720 4747 1847 4820; x_wconf 89' lang='lat' dir='ltr'>custodi</span> <span class='ocrx_word' id='word_1_300' title='bbox 1874 4769 1935 4842; x_wconf 91' lang='lat' dir='ltr'>per</span> 
     </span>
     <span class='ocr_line' id='line_1_35' title="bbox 574 4857 1933 4958; baseline 0.001 -25"><span class='ocrx_word' id='word_1_301' title='bbox 574 4887 705 4937; x_wconf 90' lang='lat' dir='ltr'>crucem</span> <span class='ocrx_word' id='word_1_302' title='bbox 733 4869 891 4957; x_wconf 88' lang='lat' dir='ltr'>unigeniti</span> <span class='ocrx_word' id='word_1_303' title='bbox 924 4867 996 4936; x_wconf 84' lang='lat' dir='ltr'>Filii</span> <span class='ocrx_word' id='word_1_304' title='bbox 1032 4867 1092 4954; x_wconf 88' lang='lat' dir='ltr'>tui,</span> <span class='ocrx_word' id='word_1_305' title='bbox 1124 4887 1185 4958; x_wconf 92' lang='lat' dir='ltr'>per</span> <span class='ocrx_word' id='word_1_306' title='bbox 1211 4862 1378 4935; x_wconf 91' lang='lat' dir='ltr'>brachium</span> <span class='ocrx_word' id='word_1_307' title='bbox 1412 4875 1513 4936; x_wconf 85' lang='lat' dir='ltr'>tnum&#39;</span> <span class='ocrx_word' id='word_1_308' title='bbox 1536 4861 1717 4935; x_wconf 81' lang='lat' dir='ltr'>excelsum.</span> <span class='ocrx_word' id='word_1_309' title='bbox 1760 4857 1933 4955; x_wconf 52' lang='lat' dir='ltr'>&#39;Virgines</span> 
     </span>
     <span class='ocr_line' id='line_1_36' title="bbox 575 4977 1933 5076; baseline -0.001 -25"><span class='ocrx_word' id='word_1_310' title='bbox 575 5003 741 5053; x_wconf 89' lang='lat' dir='ltr'>conserva</span> <span class='ocrx_word' id='word_1_311' title='bbox 769 4981 896 5076; x_wconf 88' lang='lat' dir='ltr'>absque</span> <span class='ocrx_word' id='word_1_312' title='bbox 923 4982 1063 5069; x_wconf 89' lang='lat' dir='ltr'>macula,</span> <span class='ocrx_word' id='word_1_313' title='bbox 1089 4983 1285 5072; x_wconf 83' lang='lat' dir='ltr'>conjugatos</span> <span class='ocrx_word' id='word_1_314' title='bbox 1314 5003 1396 5052; x_wconf 91' lang='lat' dir='ltr'>orna</span> <span class='ocrx_word' id='word_1_315' title='bbox 1423 4982 1636 5052; x_wconf 88' lang='lat' dir='ltr'>continentia:</span> <span class='ocrx_word' id='word_1_316' title='bbox 1665 5000 1764 5049; x_wconf 87' lang='lat' dir='ltr'>senes</span> <span class='ocrx_word' id='word_1_317' title='bbox 1791 4977 1933 5049; x_wconf 91' lang='lat' dir='ltr'>calami-</span> 
     </span>
     <span class='ocr_line' id='line_1_37' title="bbox 575 5093 1934 5188; baseline -0.001 -22"><span class='ocrx_word' id='word_1_318' title='bbox 575 5097 694 5168; x_wconf 90' lang='lat' dir='ltr'>tatibus</span> <span class='ocrx_word' id='word_1_319' title='bbox 727 5107 887 5184; x_wconf 79' lang='lat' dir='ltr'>vexatoS,</span> <span class='ocrx_word' id='word_1_320' title='bbox 924 5096 1073 5168; x_wconf 86' lang='lat' dir='ltr'>conlorta</span> <span class='ocrx_word' id='word_1_321' title='bbox 1101 5108 1135 5167; x_wconf 88' lang='lat' dir='ltr'>et</span> <span class='ocrx_word' id='word_1_322' title='bbox 1167 5097 1304 5187; x_wconf 77' lang='lat' dir='ltr'>adJuva:</span> <span class='ocrx_word' id='word_1_323' title='bbox 1339 5095 1484 5168; x_wconf 84' lang='lat' dir='ltr'>infirmos</span> <span class='ocrx_word' id='word_1_324' title='bbox 1519 5117 1601 5166; x_wconf 90' lang='lat' dir='ltr'>sana</span> <span class='ocrx_word' id='word_1_325' title='bbox 1632 5115 1693 5188; x_wconf 90' lang='lat' dir='ltr'>per</span> <span class='ocrx_word' id='word_1_326' title='bbox 1727 5093 1934 5165; x_wconf 89' lang='lat' dir='ltr'>clementiam</span> 
     </span>
     <span class='ocr_line' id='line_1_38' title="bbox 574 5210 1932 5309; baseline -0.002 -27"><span class='ocrx_word' id='word_1_327' title='bbox 574 5223 681 5283; x_wconf 91' lang='lat' dir='ltr'>tuam:</span> <span class='ocrx_word' id='word_1_328' title='bbox 719 5236 901 5309; x_wconf 85' lang='lat' dir='ltr'>oppressos</span> <span class='ocrx_word' id='word_1_329' title='bbox 928 5211 1023 5284; x_wconf 92' lang='lat' dir='ltr'>malis</span> <span class='ocrx_word' id='word_1_330' title='bbox 1057 5235 1175 5284; x_wconf 91' lang='lat' dir='ltr'>recrea</span> <span class='ocrx_word' id='word_1_331' title='bbox 1202 5236 1263 5308; x_wconf 91' lang='lat' dir='ltr'>per</span> <span class='ocrx_word' id='word_1_332' title='bbox 1290 5215 1430 5304; x_wconf 89' lang='lat' dir='ltr'>gratiam</span> <span class='ocrx_word' id='word_1_333' title='bbox 1457 5221 1560 5281; x_wconf 92' lang='lat' dir='ltr'>tuam:</span> <span class='ocrx_word' id='word_1_334' title='bbox 1593 5210 1827 5300; x_wconf 90' lang='lat' dir='ltr'>navigantibus</span> <span class='ocrx_word' id='word_1_335' title='bbox 1859 5220 1932 5280; x_wconf 90' lang='lat' dir='ltr'>esto</span> 
     </span>
     <span class='ocr_line' id='line_1_39' title="bbox 574 5323 1933 5424; baseline -0.001 -26"><span class='ocrx_word' id='word_1_336' title='bbox 574 5338 690 5420; x_wconf 89' lang='lat' dir='ltr'>portus</span> <span class='ocrx_word' id='word_1_337' title='bbox 717 5329 925 5423; x_wconf 90' lang='lat' dir='ltr'>tranquillus:</span> <span class='ocrx_word' id='word_1_338' title='bbox 952 5330 1014 5399; x_wconf 90' lang='lat' dir='ltr'>iter</span> <span class='ocrx_word' id='word_1_339' title='bbox 1040 5328 1200 5402; x_wconf 83' lang='lat' dir='ltr'>iacientes</span> <span class='ocrx_word' id='word_1_340' title='bbox 1226 5350 1410 5424; x_wconf 87' lang='lat' dir='ltr'>praeserva</span> <span class='ocrx_word' id='word_1_341' title='bbox 1437 5327 1478 5400; x_wconf 91' lang='lat' dir='ltr'>ab</span> <span class='ocrx_word' id='word_1_342' title='bbox 1507 5323 1658 5399; x_wconf 91' lang='lat' dir='ltr'>omnibus</span> <span class='ocrx_word' id='word_1_343' title='bbox 1685 5324 1821 5398; x_wconf 89' lang='lat' dir='ltr'>damnis.</span> <span class='ocrx_word' id='word_1_344' title='bbox 1861 5323 1933 5397; x_wconf 85' lang='lat' dir='ltr'>Eos</span> 
     </span>
    </p>
   </div>
   <div class='ocr_carea' id='block_1_3' title="bbox 0 0 2589 6532">
    <p class='ocr_par' dir='ltr' id='par_1_7' title="bbox 0 0 2589 6532">
     <span class='ocr_line' id='line_1_40' title="bbox 0 0 2589 6532; baseline 0 0"><span class='ocrx_word' id='word_1_345' title='bbox 0 0 2589 6532; x_wconf 95' lang='lat' dir='ltr'> </span> 
     </span>
    </p>
   </div>
  </div>
 </body>
</html>
