5150 6534
981 855 1108 933 notro
1121 859 1176 935 tlt
1200 856 1408 935 LITURGIAM
1432 856 1541 933 Pllllll
1566 859 1602 935 ΙΙ.
1903 857 1973 934 tot

602 1061 683 1108 nont.
727 1042 772 1103 Ea
794 1040 860 1104 sola
882 1041 1000 1104 ratione
1021 1040 1094 1103 satis
1116 1048 1235 1104 constat
1256 1039 1420 1121 liturgiam
1442 1040 1529 1102 istam
1551 1040 1695 1104 abatinis
1717 1039 1895 1119 hominibus,
1917 1041 1978 1105 illis

602 1142 781 1223 praesertim
812 1158 888 1221 quos
915 1138 1006 1203 realis
1029 1141 1222 1220 praesentiae
1243 1138 1332 1202 fidem
1355 1141 1386 1199 in
1409 1138 1533 1202 Oriente
1556 1152 1746 1221 propagasse
1768 1140 1977 1204 Protestantes

603 1238 719 1315 volunt,
741 1237 950 1320 interpolatam
972 1254 1033 1299 non
1056 1237 1160 1316 fuisse.
1189 1236 1278 1300 Nullo
1303 1238 1380 1299 enirn
1402 1243 1540 1299 veterum
1563 1239 1715 1318 exemplo,
1737 1238 1832 1300 verba
1855 1237 1977 1303 Cbristi.

601 1336 848 1415 Hoccstcorpns
863 1357 969 1415 meam,
994 1335 1051 1398 Hic
1073 1344 1119 1397 est
1140 1336 1226 1398 calab
1247 1336 1407 1415 acuminis
1427 1337 1496 1410 mei,
1520 1344 1575 1399 etc.
1600 1338 1784 1415 omittuntur,
1807 1336 1978 1399 reclaman-

601 1433 681 1495 tibus
703 1434 829 1515 reliquis
852 1436 989 1498 omnibus
1013 1434 1228 1516 cujuscumque
1251 1442 1355 1496 sectae
1368 1441 1418 1495 aut
1432 1433 1553 1516 linguae
1569 1434 1771 1498 Orientalibus
1788 1435 1975 1500 Christianis.

601 1532 722 1612 Quippe
750 1536 775 1595 si
806 1542 869 1597 tres
893 1541 943 1596 aut
967 1542 1095 1614 quatmr
1118 1533 1259 1613 Syriacas
1281 1532 1432 1614 liturgias
1456 1533 1639 1612 excipimus,
1668 1552 1748 1614 quae
1770 1534 1879 1597 eodem
1902 1535 1974 1597 vitio

600 1630 750 1710 laborant,
774 1632 855 1695 nulla
878 1641 925 1696 est
947 1652 1026 1714 quae
1049 1631 1197 1695 hocloco
1221 1649 1309 1695 sacra
1331 1632 1382 1693 illa
1403 1631 1498 1694 verba
1511 1648 1571 1693 non
1583 1640 1810 1716 repraesentet:
1834 1633 1976 1714 quodque

600 1730 763 1793 notandum
779 1734 905 1794 manime
928 1740 986 1809 est,
1010 1750 1078 1794 cum
1099 1750 1157 1794 una
1179 1732 1296 1794 illarum
1319 1747 1354 1791 ea
1377 1731 1416 1791 sit
1439 1747 1516 1810 quae
1529 1729 1706 1810 Dionysium
1717 1730 1863 1794 barsalibi
1885 1738 1975 1794 auto-

600 1846 666 1891 rem
688 1829 792 1906 babet,
822 1832 942 1910 ipsein
966 1830 1185 1893 Commentario
1209 1828 1247 1891 ad
1268 1827 1375 1891 Jacobi
1396 1829 1578 1910 liturgiam,
1601 1830 1796 1910 pronunciari
1819 1830 1931 1892 debere
1955 1847 1973 1891 a

601 1924 766 1991 Sacerdote
790 1930 896 1992 eadem
917 1928 1012 1991 verba
1035 1928 1126 1990 docet
1148 1927 1321 2008 perspicue.
1368 1928 1448 1989 Vere
1476 1927 1569 2008 igitur
1590 1938 1715 2009 questus
1738 1937 1785 1991 est
1807 1928 1845 1991 de
1868 1929 1973 1991 blano-

600 2026 669 2088 nitis
692 2027 729 2088 ad
752 2044 828 2107 quos
853 2026 996 2089 Visitator
1017 2026 1212 2107 Apostolicus
1235 2026 1344 2087 missus
1368 2024 1465 2086 suerat
1487 2025 1686 2107 Hieronymus
1704 2026 1870 2103 Dandinus,
1893 2026 1975 2107 quod

599 2124 631 2185 in
662 2124 775 2205 aliquot
802 2144 907 2188 eorum
935 2124 1089 2187 codicibus
1118 2124 1148 2185 id
1174 2125 1277 2186 vitium
1300 2123 1511 2186 observasset:
1542 2126 1677 2204 quamvis
1708 2141 1768 2185 non
1798 2132 1903 2186 essent
1933 2123 1976 2186 illi

599 2220 815 2285 Maronitarum
845 2225 978 2305 proprii,
1009 2224 1064 2285 sed
1093 2221 1307 2286 Jacobitarum.
1352 2222 1505 2301 lnterprcs
1534 2230 1564 2284 et
1587 2229 1804 2285 commentator
1826 2220 1975 2284 ltinerarii

599 2318 729 2382 Dandini
753 2323 899 2385 Ricardus
922 2323 1033 2398 Simon,
1057 2340 1124 2384 cum
1146 2329 1292 2401 excerpta
1314 2320 1429 2400 aliquot
1445 2320 1648 2403 liturgiarum
1670 2320 1817 2401 ejusmodi
1831 2341 1849 2383 a
1863 2321 1974 2383 Fausto

599 2418 734 2483 Nairono
757 2422 937 2499 accepisset,
962 2420 1084 2502 longam
1100 2439 1137 2483 ea
1153 2421 1315 2482 occasione
1331 2419 1567 2499 disquisitionem
1581 2421 1717 2497 instituit,
1741 2437 1818 2500 quae
1841 2420 1975 2482 colorem

601 2518 731 2599 aliquem
753 2520 888 2582 veritatis
912 2518 1033 2581 babebit
1060 2520 1139 2600 apud
1163 2518 1338 2596 nonnullos,
1361 2518 1415 2580 sed
1439 2518 1474 2578 ab
1498 2518 1547 2580 illa
1571 2520 1656 2582 abest
1678 2538 1765 2600 quarn
1787 2519 1975 2602 longissime.

601 2615 689 2689 Ouod
719 2616 798 2678 enim
828 2615 1050 2681 luvocationem
1081 2618 1178 2680 sancti
1209 2616 1338 2698 Spiritus
1368 2635 1445 2697 quae
1472 2617 1562 2697 paulo
1592 2627 1662 2698 post
1689 2618 1847 2707 subjicitur
1868 2616 1975 2680 iisdem

599 2714 714 2792 verbis,
737 2722 828 2795 atque
852 2718 882 2778 in
903 2716 1046 2798 liturgis
1070 2716 1194 2779 Graecis
1217 2721 1315 2794 extat,
1340 2715 1456 2776 videret
1477 2714 1514 2777 ab
1538 2715 1754 2797 Orientalibus,
1775 2733 1884 2800 magna
1907 2734 1975 2778 cum

599 2816 773 2876 reverentia
796 2815 1000 2894 pronunciari,
1024 2816 1208 2877 existimavit
1236 2815 1284 2876 vir
1305 2814 1458 2890 eruditus,
1487 2821 1519 2876 ut
1546 2814 1700 2892 Graecos,
1730 2816 1771 2878 ita
1802 2814 1975 2878 Orientales

601 2913 653 2993 qui
676 2912 810 2975 eamdem
827 2913 1001 2976 Orationem
1019 2913 1139 2992 babent,
1164 2921 1254 2975 totam
1278 2913 1476 2974 censecrandi
1500 2914 1559 2974 vim
1582 2912 1640 2975 illis
1663 2914 1841 2977 attribuere:
1864 2913 1975 2976 nullam

602 3017 653 3072 aut
674 3012 815 3095 exiguam
839 3011 941 3074 verbis
963 3012 1138 3074 Dominicis.
1183 3011 1225 3073 Αι
1247 3029 1346 3091 neque
1371 3010 1488 3089 Graeci,
1512 3031 1611 3092 neque
1634 3013 1702 3093 ipse
1724 3014 1845 3076 blancus
1869 3011 1975 3093 Ephe-

601 3110 675 3187 sius,
699 3128 786 3189 quern
810 3112 924 3173 erroris
948 3110 1143 3173 architectum
1166 3127 1236 3172 esse
1259 3110 1382 3188 volunt,
1413 3112 1443 3171 in
1467 3128 1504 3172 ea
1527 3129 1656 3192 unquam
1679 3112 1820 3193 opinione
1844 3110 1975 3185 luerunt,

601 3207 656 3269 sed
679 3207 751 3269 illud
774 3207 864 3270 modo
887 3209 1019 3290 probare
1042 3208 1184 3291 aggressi
1205 3216 1297 3285 sunt,
1310 3225 1371 3270 non
1386 3208 1461 3270 solis
1474 3209 1576 3271 verbis
1588 3208 1744 3272 dominicis
1758 3208 1975 3271 Eucharistiam

603 3306 788 3368 consecrari.
831 3307 939 3388 Neque
963 3306 1146 3369 Catholicam
1169 3305 1350 3385 doctrinam,
1380 3307 1436 3369 sed
1458 3307 1625 3387 aliquorum
1653 3307 1878 3392 Theologorum
1905 3304 1975 3386 pla-

602 3402 661 3463 cita
692 3402 916 3485 impugnabant,
941 3423 1043 3467 eornm
1075 3404 1209 3483 scilicet,
1240 3404 1291 3485 qui
1320 3405 1423 3466 verbis
1453 3406 1517 3467 istis
1548 3414 1634 3468 extra
1662 3424 1779 3467 sacram
1812 3406 1972 3478 actionem,
2053 3399 2060 3412 '

603 3499 718 3580 absque
747 3498 868 3579 ritibus,
898 3512 928 3565 et
957 3504 1155 3565 caeremoniis
1183 3503 1396 3583 praescriptis,
1427 3522 1617 3585 quocumque
1645 3506 1733 3567 modo
1763 3513 1815 3565 aut
1841 3504 1909 3565 loco
1938 3521 1975 3564 ca

601 3598 821 3679 proferrentur,
845 3604 1104 3664 consecrationem
1127 3602 1234 3682 perfici
1256 3603 1490 3666 contendebant.
1518 3603 1578 3667 Sed
1600 3622 1699 3684 neque
1722 3604 1771 3666 vel
1786 3603 1976 3666 unaGraeca

600 3694 738 3778 liturgia
761 3707 807 3761 est
829 3707 880 3761 aut
903 3700 969 3779 luit,
992 3719 1069 3781 quae
1093 3709 1211 3762 careret
1233 3701 1329 3763 sacris
1359 3701 1416 3764 illis
1439 3703 1557 3764 verbis:
1588 3709 1619 3764 et
1642 3704 1777 3782 quamvis
1802 3702 1911 3764 Graeci
1933 3701 1976 3761 ita

600 3804 766 3874 errassent,
788 3816 840 3860 res
863 3816 968 3860 eorum
991 3800 1148 3881 agebatur,
1172 3817 1233 3862 non
1265 3799 1411 3881 Syrorum
1440 3798 1659 3879 Jacobitarum,
1691 3819 1708 3860 a
1738 3802 1846 3881 quibus
1875 3798 1976 3861 vehe-

598 3895 782 3957 mentissime
806 3896 1032 3975 dissentientes,
1057 3898 1138 3959 circa
1160 3896 1309 3959 lncarnati
1332 3898 1424 3959 Verbi
1447 3898 1622 3979 mysterium
1646 3906 1676 3959 et
1699 3898 1826 3961 Concilii
1843 3896 1976 3960 Calche-

599 3991 743 4056 donensis
776 3997 983 4070 autoritatem,
1018 3996 1136 4059 discere
1170 4014 1230 4059 non
1258 4004 1400 4076 poterant
1430 3996 1590 4077 quidquam
1621 3997 1702 4077 quod
1729 3997 1765 4059 ad
1795 3997 1975 4080 religionem

599 4093 777 4172 pertineret,
802 4113 869 4155 curn
892 4093 978 4157 alteri
1003 4096 1116 4157 alteros
1139 4094 1176 4156 ad
1195 4096 1432 4156 communionem
1447 4112 1507 4157 non
1523 4094 1728 4158 admitterent:
1751 4095 1843 4158 multo
1866 4096 1975 4170 minus,

601 4208 638 4252 ea
661 4209 739 4271 quae
763 4192 870 4255 Graeci
893 4201 964 4256 tunc
987 4189 1177 4277 ignorabant.
1227 4194 1301 4254 Nam
1324 4193 1375 4273 qui
1397 4192 1484 4273 hujus
1507 4210 1575 4255 cum
1598 4194 1709 4256 Latinis
1733 4194 1974 4268 controversiae,

601 4294 671 4351 ante
695 4288 852 4353 Cabasilae
875 4299 1011 4372 tempora
1040 4293 1217 4369 meminerit,
1248 4292 1348 4354 nullus
1376 4292 1538 4372 reperitur.
1594 4294 1776 4355 Frustranea
1807 4294 1899 4374 igitur
1928 4296 1975 4351 est

603 4385 708 4448 similis
731 4388 957 4469 interpretatio:
989 4408 1086 4470 neque
1110 4392 1206 4473 magis
1230 4391 1315 4452 firma
1337 4391 1439 4452 Fausti
1461 4390 1602 4469 Naironi,
1631 4391 1758 4454 bominis
1782 4391 1854 4452 nibil
1877 4390 1974 4451 minus
2075 4419 2079 4426 =

604 4502 692 4565 quam
716 4486 874 4569 Theologi,
898 4489 1083 4568 conjectura,
1107 4487 1188 4570 quod
1204 4490 1308 4552 vitium
1331 4487 1403 4550 illud
1426 4490 1585 4570 irrepserit
1607 4510 1647 4552 ex
1669 4491 1761 4553 llissa
1783 4488 1975 4552 Praesancti-

602 4581 768 4645 licatorum.
799 4586 873 4647 Nam
895 4588 1049 4669 singulare
1072 4588 1151 4650 illius
1174 4588 1318 4664 Officium,
1341 4595 1482 4668 quantum
1505 4607 1543 4649 er
1567 4590 1791 4669 comparatione
1815 4587 1974 4649 multorum

603 4679 748 4743 Codicum
775 4686 953 4765 perspicere
980 4686 1080 4761 licuit,
1114 4704 1174 4747 non
1202 4686 1314 4749 babent
1341 4685 1424 4767 Syri:
1455 4694 1486 4747 ει
1508 4687 1723 4749 Graecanicum
1749 4703 1850 4766 noque
1879 4682 1973 4744 verba

603 4777 715 4841 Christi
737 4782 844 4859 habot3
872 4803 972 4865 neque
1001 4784 1225 4848 lnvocationem
1254 4787 1382 4867 Spiritus
1411 4785 1517 4849 sancti.
1567 4786 1635 4848 Alia
1666 4786 1758 4866 igitur
1784 4782 1857 4846 nodi
1886 4766 1974 4861 hlrjus

603 4877 715 4940 solutio
740 4883 913 4961 quaerenda
935 4890 992 4962 cst,
1016 4884 1191 4964 simplicior,
1213 4887 1327 4963 verior,
1350 4892 1380 4947 et
1402 4886 1499 4946 minus
1522 4901 1663 4965 operosa.

690 4978 861 5043 Verisimile
883 4982 976 5063 igitur
998 4990 1045 5045 est
1070 4983 1233 5064 liturgiam
1263 4985 1368 5061 istam,
1399 5002 1476 5065 quae
1507 4983 1684 5045 brevissima
1712 4988 1777 5058 cst,
1807 4978 1844 5041 ab
1873 4976 1973 5057 aliquo

604 5073 787 5157 descriptam
816 5081 868 5159 qui
896 5080 991 5142 verba
1021 5099 1107 5143 sacra
1139 5099 1195 5161 per
1223 5084 1432 5162 compendium
1462 5082 1666 5161 expresserit,
1702 5086 1734 5140 ut
1763 5077 1869 5139 multas
1900 5074 1974 5136 alias

604 5175 758 5238 orationes
782 5195 964 5256 communes,
988 5197 1065 5259 quae
1088 5188 1121 5242 ut
1143 5181 1316 5243 notissimae
1340 5182 1465 5245 vocibus
1488 5189 1600 5243 tantum
1622 5178 1784 5242 initialibus
1806 5176 1974 5257 designan-

603 5277 662 5335 tur.
707 5272 865 5355 lmperitus
890 5275 999 5338 deinde
1022 5277 1161 5340 librarius
1184 5280 1341 5360 quispiam,
1365 5279 1538 5343 illisverbis
1556 5279 1684 5357 omissis,
1709 5276 1775 5340 Hoc
1796 5284 1844 5338 cst
1864 5291 1976 5355 corym
