5150 6534
791 863 847 939 tn
875 860 1166 938 tttunutas
1200 859 1476 939 sintlcts.
1747 859 1819 935 115
1928 855 1932 862 ’

451 1049 520 1111 dnm
549 1066 637 1129 quam
659 1046 808 1109 Sacerdos
838 1044 1017 1123 aliquamdiu
1046 1050 1162 1123 partem
1191 1043 1270 1106 illam
1293 1044 1419 1107 Oblatae
1448 1050 1645 1105 consecratae
1672 1045 1820 1107 elevatam

450 1154 543 1224 tenet,
566 1165 626 1227 quo
649 1144 808 1209 intervallo
831 1144 1060 1205 circumstantes
1082 1160 1179 1223 usquo
1202 1142 1240 1204 ad
1262 1150 1373 1206 terram
1396 1141 1596 1223 procumbere
1624 1141 1822 1203 venerabun-

451 1245 518 1323 dos,
542 1244 679 1324 deposita
701 1245 789 1305 etiam
813 1242 943 1321 capitum
965 1239 1068 1317 lascia,
1093 1248 1240 1302 testantur
1262 1241 1395 1304 Antores
1419 1241 1478 1304 alii.
1501 1240 1533 1303 ln
1552 1240 1668 1302 Graeca
1683 1239 1822 1301 Alexan-

451 1343 536 1406 drina
559 1342 745 1423 simpliciter.
787 1330 821 1402 ‘O
842 1327 949 1421 ἱερεὺς
971 1329 1057 1420 ὐψοῖ
1075 1328 1115 1400 τό
1136 1329 1322 1401 σπουδικόν.
1366 1339 1519 1402 Sacerdos
1541 1341 1639 1402 elevat
1659 1337 1822 1417 Spoda'con,

450 1442 509 1506 hoc
532 1448 591 1517 est,
613 1448 646 1502 nt
669 1439 739 1501 alibi
760 1438 940 1513 notavimus,
963 1426 1165 1498 Δισποτικόν
1188 1432 1285 1513 σῶμα
1307 1438 1464 1517 videlicet,
1495 1456 1551 1501 seu
1574 1437 1691 1517 Corpus
1711 1436 1822 1498 Domi-

450 1559 560 1604 mcum,

539 1635 614 1699 Cum
634 1636 729 1718 igitur
756 1633 912 1714 plerique,
936 1634 1142 1694 Protestantes
1170 1635 1360 1713 praesertim,
1384 1635 1584 1698 elevationem
1612 1635 1820 1697 Eucharistiae
1859 1626 2142 1682 Praestantissimum

452 1743 567 1797 certum
588 1734 695 1796 baberi
717 1732 811 1795 velint
834 1731 1017 1794 adorationis
1040 1730 1191 1808 indicium,
1214 1740 1245 1794 et
1267 1732 1439 1813 praefracte
1461 1733 1540 1795 illam
1562 1740 1621 1794 tam
1644 1752 1661 1795 a
1684 1731 1819 1810 Graecis,
1832 1722 1968 1813 ⁰⁸‘⁰m?s⁰
1982 1724 2145 1813 ”ww

452 1851 540 1915 qnam
563 1833 602 1895 ab
623 1831 828 1894 Orientalibus
850 1830 1007 1892 observari
1029 1832 1220 1911 negaverint,
1243 1830 1354 1893 habent
1369 1832 1449 1913 quod
1463 1832 1665 1914 postulabant.
1710 1834 1818 1915 Pigere
1832 1799 2144 1938 2⁰⁹f':.¹⁰⁰'¹⁰⁰⁸⁸ss'¹‘

451 1951 526 1994 sane
547 1931 675 1994 deberet
696 1947 751 1993 eos
780 1930 830 2008 qui
861 1928 1017 1991 veritatem
1044 1936 1199 1991 sectantur
1227 1931 1417 2009 ignorantiae
1447 1933 1658 2015 magistrorum
1687 1949 1820 2008 suorum,
1867 1902 1985 1940 arrarum.

451 2032 589 2111 quirem
613 2047 691 2109 qnae
712 2027 787 2090 solis
810 2027 906 2090 oculis
928 2026 1072 2090 elucidari
1095 2028 1209 2108 absque
1233 2029 1401 2113 Theologia
1423 2038 1560 2110 poterat,
1591 2048 1651 2092 non
1680 2030 1820 2106 viderint,

452 2132 522 2212 quia
544 2130 742 2192 elevationem
765 2127 952 2207 quaerebant
980 2125 1049 2187 loco
1078 2144 1138 2189 non
1166 2145 1232 2190 suo.
1278 2128 1427 2190 Volebant
1458 2130 1575 2191 scilicet
1602 2129 1681 2191 illam
1712 2129 1820 2205 statim,

450 2236 610 2310 postquam
632 2227 728 2290 verba
751 2224 861 2288 Christi
883 2226 1081 2305 pronunciata
1102 2233 1185 2304 sunt,
1210 2228 1355 2306 reperiri:
1379 2227 1467 2289 aliter
1489 2229 1598 2291 nullam
1621 2246 1690 2289 esse
1713 2229 1822 2289 exuti-

451 2329 589 2404 mabant,
612 2326 693 2407 qnod
716 2322 932 2386 absurditatem
955 2323 1044 2386 babet
1068 2342 1135 2385 cum
1158 2343 1271 2392 summa
1300 2328 1449 2409 originum
1471 2326 1749 2390 Ecclesiasticarum
1771 2329 1821 2389 in-

451 2428 538 2490 scitia
561 2426 759 2507 conjunctum.
804 2423 879 2484 Nam
902 2423 928 2484 si
951 2422 1149 2484 elevationem
1172 2422 1379 2487 Eucharistiae
1402 2434 1517 2488 certum
1545 2426 1678 2507 judicant
1708 2426 1821 2489 adora-

452 2526 541 2587 tionis
563 2530 788 2608 argumentum,
822 2521 904 2602 quod
935 2538 995 2583 non
1025 2522 1065 2583 ita
1094 2530 1226 2600 constat,
1261 2533 1294 2586 nt
1323 2524 1361 2586 de
1395 2544 1433 2587 eo
1456 2526 1583 2587 dubitari
1614 2542 1674 2587 non
1707 2526 1820 2605 possit:

452 2641 558 2704 parum
584 2624 677 2686 relert
701 2640 761 2702 quo
785 2629 922 2701 tempore
943 2621 1023 2682 sacri
1046 2619 1139 2685 Ollicii
1167 2620 1392 2685 Sacramentum
1415 2623 1566 2703 elevetur,
1597 2624 1685 2687 modo
1708 2623 1737 2685 id
1761 2624 1820 2686 liat.

453 2721 528 2785 Cum
550 2739 626 2784 vero
648 2720 763 2784 turbari
784 2717 1013 2782 deformationis
1036 2720 1140 2800 specie
1167 2719 1306 2783 Ecclesia
1337 2722 1452 2800 coepit,
1484 2721 1635 2785 debebant
1661 2722 1822 2785 Reforma-

452 2829 536 2883 tores
563 2819 713 2902 liturgias
742 2819 874 2882 Graecas
904 2837 981 2899 quae
1000 2820 1062 2899 jam
1085 2819 1184 2882 editae
1207 2820 1327 2882 inerant
1349 2820 1398 2881 vel
1421 2821 1531 2885 leviter
1552 2823 1719 2902 inspicere:
1742 2820 1822 2884 illam

452 2937 527 2983 sane
550 2922 762 3002 agnovissent,
785 2920 811 2981 si
833 2935 893 2981 non
917 2936 955 2980 eo
978 2919 1045 2998 ipso
1068 2917 1154 2996 loco,
1178 2919 1292 2999 quoin
1315 2918 1449 2981 Romana
1471 2920 1609 2983 Ecclesia
1639 2920 1704 2983 lieri
1731 2919 1822 2995 solet,

452 3027 483 3081 at
505 3018 595 3099 paulo
618 3026 686 3080 ante
710 3015 971 3092 Communionem,
1003 3034 1071 3080 cum
1104 3016 1279 3079 inclamatur
1300 3016 1416 3080 Sancto
1443 3022 1567 3080 coneda.
1611 3019 1724 3080 Primos
1754 3019 1822 3079 illos

452 3118 600 3179 adversus
615 3108 791 3179 'Ecetmiam
814 3107 1004 3196 conjuratos,
1039 3115 1089 3194 qni
1117 3115 1286 3178 barbariem
1318 3123 1349 3178 et
1379 3117 1524 3179 inscitiam
1559 3127 1618 3179 tam
1647 3118 1823 3197 frequenter

451 3216 564 3278 nostris
587 3214 752 3298 Theologis
774 3212 1010 3293 exprobrabant,
1034 3214 1110 3276 baec
1133 3216 1293 3296 ignorasse
1316 3232 1405 3278 nemo
1429 3217 1597 3291 mirabitur,
1620 3217 1671 3296 qui
1694 3215 1822 3294 aliquam

450 3317 481 3377 in
504 3313 602 3377 studio
626 3314 808 3395 antiquitatis
830 3311 1063 3374 Ecclesiasticae
1087 3330 1209 3393 operam
1233 3313 1387 3393 posuerit,
1419 3332 1485 3375 cum
1514 3313 1605 3375 multa
1636 3314 1693 3376 alia
1724 3314 1821 3374 minus

448 3412 604 3476 recondita
625 3413 696 3476 illos
717 3412 886 3497 nescivisse
910 3418 1043 3487 constet,
1069 3419 1099 3473 et
1122 3419 1261 3491 tanquam
1284 3414 1511 3492 superstitiosas
1533 3413 1686 3476 Romanae
1707 3411 1821 3473 Eccle-

450 3514 513 3576 siae
536 3512 704 3589 novitates,
727 3513 860 3573 instituta
883 3509 932 3588 pia
956 3526 1052 3589 prope
1074 3513 1173 3572 omnia
1196 3511 1432 3590 condemnasse,
1456 3528 1533 3591 quae
1556 3519 1660 3574 sancta
1683 3518 1822 3573 veterum

450 3613 569 3673 l'atrum
591 3609 818 3674 commendabat
840 3609 994 3670 autoritas.
1038 3608 1079 3670 At
1101 3618 1199 3672 aetate
1221 3611 1432 3690 posteriores,
1462 3612 1590 3673 maxime
1622 3610 1822 3683 Albertinum,

451 3712 549 3772 virum
571 3709 702 3771 infinitae
724 3708 880 3782 lectionis,
904 3708 953 3786 qui
977 3706 1064 3768 etiam
1087 3708 1312 3771 sordidissimas
1336 3709 1504 3789 scriptores
1527 3716 1724 3785 excusserat,
1748 3705 1823 3768 baec

452 3811 630 3892 ignorasse,
654 3816 722 3883 ant,
751 3807 832 3887 quod
859 3806 947 3885 pejus
977 3812 1040 3883 est,
1071 3806 1293 3883 dissimulasse,
1325 3810 1550 3871 excusationem
1579 3808 1688 3869 nullam
1723 3802 1823 3868 babet.

452 3907 651 3990 Negaverunt
671 3914 771 3968 tamen
795 3904 909 3966 elevari
932 3910 982 3965 aut
1004 3903 1124 3966 adorari
1146 3904 1374 3983 Eucharistiam,
1398 3908 1533 3986 quamvis
1556 3906 1708 3968 adoratam
1739 3903 1820 3965 illam

452 4024 574 4087 semper
595 4022 667 4067 esse
689 4011 825 4081 constet,
848 4004 937 4065 etiam
960 4020 1027 4063 cum
1050 4003 1227 4067 elevationis
1250 4007 1361 4067 mentio
1384 4005 1465 4067 nulla
1488 4004 1581 4066 loret:
1605 4005 1683 4065 etsi
1712 4004 1741 4064 in
1772 4001 1824 4063 illa

454 4103 537 4184 sola,
560 4105 659 4167 cultus
681 4104 819 4186 religiosi
841 4109 912 4165 nota
934 4110 1019 4164 certa
1042 4103 1250 4166 constituenda
1273 4112 1336 4181 est,
1360 4104 1439 4165 illam
1462 4105 1570 4165 Graeci
1600 4111 1630 4164 et
1653 4101 1824 4163 Orientales

453 4207 484 4267 in
507 4205 592 4266 libris
614 4204 678 4266 suis
701 4205 906 4285 consignatam
928 4201 1074 4277 habeant,
1097 4209 1128 4263 et
1150 4219 1216 4263 cum
1237 4201 1388 4283 religione
1403 4204 1578 4264 observent.
1622 4200 1667 4262 lta
1680 4199 1824 4262 Claudius

455 4302 718 4377 Gerontoniensis,
741 4303 790 4364 cui
813 4301 940 4363 credere
963 4300 989 4361 si
1012 4300 1114 4362 malint
1136 4308 1180 4363 tot
1203 4302 1268 4382 ejus
1291 4308 1476 4376 sectatores,
1499 4300 1599 4381 potius
1623 4316 1712 4380 qnam
1734 4297 1825 4360 indu-

452 4403 555 4465 bitatis
577 4408 732 4478 autorum,
756 4401 960 4479 librorumque
983 4398 1141 4461 Ritualinm
1172 4401 1366 4477 testimoniis,
1397 4400 1515 4461 illorum
1546 4417 1596 4460 res
1625 4399 1738 4480 agitur:
1769 4395 1825 4459 sed

454 4510 487 4564 ut
509 4500 578 4591 testi
600 4500 821 4580 imperitissimo
842 4517 944 4561 rerum
967 4497 1098 4576 illarum,
1124 4500 1221 4579 potius
1245 4517 1332 4580 quam
1356 4498 1439 4561 libris
1462 4498 1588 4560 vetustis
1617 4505 1647 4560 et
1675 4496 1824 4579 indigenis
1893 4573 1895 4583 Α

454 4598 606 4675 credatur,
628 4617 779 4679 nunquam
795 4598 987 4662 obtinebunt:
1011 4615 1072 4677 quo
1095 4600 1172 4660 enim
1191 4600 1261 4679 jure
1283 4599 1352 4660 talis
1374 4596 1460 4659 testis
1483 4596 1579 4658 audiri
1595 4605 1712 4677 posset,
1735 4597 1824 4656 etiam

454 4718 472 4761 a
500 4699 727 4778 corruptissimo
754 4698 866 4779 judice.
918 4698 959 4759 At
990 4697 1174 4759 cruditorum
1206 4697 1453 4773 Protestantium,
1482 4713 1588 4757 eorum
1615 4696 1743 4756 maxime
1772 4693 1824 4771 qui

453 4795 623 4877 linguarum
645 4797 839 4861 Orientalium
861 4799 970 4879 peritia
998 4797 1260 4871 commendantur,
1288 4795 1431 4877 judicium
1460 4811 1521 4856 non
1551 4792 1732 4875 refugimus:
1760 4791 1821 4852 imo

453 4894 491 4956 ad
528 4894 597 4957 illos
625 4914 842 4976 provocamus,
878 4904 909 4958 ut
942 4898 968 4958 si
999 4896 1069 4976 quid
1104 4896 1214 4958 habent
1242 4896 1272 4957 in
1300 4893 1464 4956 reconditis
1494 4891 1553 4953 illis
1582 4892 1645 4951 suis
1672 4888 1820 4951 thesauris

453 4992 672 5071 Orientalibus,
696 5013 756 5075 quo
778 4995 877 5059 refelli
900 5013 978 5076 quae
1000 4994 1128 5055 diximus
1151 4995 1189 5056 de
1212 4994 1382 5056 elevatione
1411 5001 1441 5053 et
1468 4990 1643 5053 adoratione
1670 4986 1821 5049 Euchari-

453 5093 530 5154 stiae
559 5094 720 5173 perspicne
749 5096 883 5176 possint,
919 5111 955 5156 ea
982 5093 1151 5174 proferant,
1186 5094 1385 5175 publicaeque
1412 5092 1473 5155 luci
1504 5089 1622 5153 tandem
1656 5094 1820 5168 exponant,

452 5188 635 5271 heroemqne
657 5191 740 5254 illum
761 5212 848 5256 suum
871 5212 888 5256 a
911 5194 978 5256 falsi
1000 5193 1139 5272 crimine,
1164 5211 1224 5274 qno
1253 5212 1338 5256 reum
1366 5194 1448 5255 illurn
1475 5190 1600 5251 iacimus
1628 5206 1730 5251 coram
1757 5196 1821 5250 tota

455 5287 624 5352 Christiana
645 5290 816 5372 republica,
837 5294 865 5356 si
886 5300 1030 5373 possunt,
1055 5291 1215 5357 vindicent.
1260 5292 1294 5356 ld
1318 5300 1415 5354 antem
1438 5288 1633 5371 praestabunt
1656 5290 1682 5350 si
1704 5285 1822 5350 antori-

506 5424 630 5469 roumsn
1566 5406 1614 5479 18
