5150 6534
598 778 676 852 254
810 777 937 856 NOTAE
961 780 1003 855 N
1027 777 1477 856 millemortuus
1503 777 1773 856 cuutsosrotu

595 964 936 1045 vertipusaitutsa'at.
979 961 1956 1043 Arvutnmmhsmnumsmrrmetllehromm

596 1063 732 1125 endon
761 1063 1009 1144 §galienum
1036 1062 1156 1125 hahent
1210 1061 1316 1143 ltaque
1343 1072 1377 1124 ιιι
1402 1064 1433 1123 in
1462 1064 1528 1124 istis
1553 1062 1655 1125 verhis
1682 1062 1848 1125 Geneseos.
1889 1065 1958 1126 Fiat

593 1160 1526 1243 lrroeetsnctoestlrrs,putidadudurorisaesteruditis
1548 1179 1654 1223 eorum
1675 1163 1885 1241 interpretatio
1907 1165 1956 1245 qui

593 1261 773 1331 maluerunt,
794 1263 837 1321 rit
856 1261 911 1321 lrrx
931 1269 963 1321 et
983 1260 1045 1339 [nit
1070 1261 1140 1322 bra:
1168 1260 1234 1341 pari
1261 1262 1381 1323 ratione
1408 1260 1575 1324 consultius
1606 1251 1841 1324 existimavimus
1866 1262 1956 1341 fumat,

593 1379 681 1441 quem
704 1362 766 1420 aiut
786 1360 987 1439 interpretari

679 1458 1625 1541 Unumcurpusetsanquisl'ruutetsuutpanisetcalir:
1655 1459 1954 1540 quialicetiudu-

594 1559 666 1640 plici
688 1560 803 1637 specie,
825 1558 1046 1620 &rumentum
1067 1576 1157 1620 unum
1179 1566 1238 1634 est,
1260 1560 1338 1620 sieut
1367 1577 1480 1640 corpus
1502 1558 1612 1622 Christi
1633 1576 1724 1620 unum
1745 1566 1810 1635 est,
1841 1565 1872 1621 et
1893 1578 1953 1621 non

593 1657 685 1719 modo
714 1660 745 1718 iu
771 1659 884 1718 unitate
910 1675 1076 1736 personae,
1103 1656 1184 1738 quod
1213 1657 1368 1721 catholica
1396 1658 1486 1720 docet
1511 1657 1666 1736 Ecclesia,
1701 1656 1759 1719 sed
1785 1657 1815 1718 iu
1843 1654 1956 1717 unitate

595 1766 730 1831 naturae,
753 1765 785 1817 ut
806 1757 986 1837 proliteutur
1005 1755 1160 1818 Jacohitae
1187 1774 1315 1836 quorurn
1344 1758 1467 1836 propria
1496 1766 1545 1819 est
1570 1756 1648 1819 haec
1674 1756 1825 1837 Litmgia:
1854 1756 1897 1817 ita
1923 1762 1954 1816 ιιι

594 1873 713 1935 nempe,
735 1856 813 1916 siem
834 1855 903 1917 alibi
925 1855 1106 1935 explicatum
1128 1863 1191 1933 est,
1220 1873 1333 1935 corpus
1362 1860 1416 1933 sit,
1446 1857 1601 1938 sanguinis
1628 1858 1680 1935 qui
1709 1862 1758 1917 est
1786 1855 1818 1916 iu
1847 1854 1955 1917 calice:

594 1955 718 2034 sanguis
740 1955 789 2029 sit,
811 1956 951 2035 corporis
973 1956 1003 2016 in
1026 1954 1110 2016 disco
1131 1954 1232 2035 positi,
1256 1952 1337 2035 quod
1364 1954 1451 2016 hreni
1472 1953 1665 2017 confessione
1687 1952 1843 2017 Jacolritae
1865 1953 1955 2035 paulo

595 2061 664 2114 ante
686 2056 910 2133 susceptionem
929 2053 1148 2131 Eucharistiae,
1170 2061 1348 2135 agnoscunt

681 2152 714 2213 ln
737 2154 877 2233 sequenti
898 2150 1100 2215 invocationis
1121 2162 1220 2234 parte,
1243 2170 1310 2215 cum
1332 2154 1362 2215 in
1385 2154 1451 2216 aliis
1472 2152 1608 2215 formulis
1623 2150 1777 2230 habeatur,
1801 2159 1832 2214 et
1848 2170 1956 2231 parre·

594 2252 713 2333 prudent
732 2256 822 2314 ιἐιιαιι
843 2250 966 2333 efficiat,
987 2252 1458 2333 seuperfrciateorprraChirti,
1479 2262 1509 2315 et
1529 2254 1570 2313 sit
1588 2251 1677 2313 nohis
1697 2252 1956 2313 admissiones·

590 2359 797 2430 peccator-aur,
819 2360 874 2415 etc.
898 2353 928 2412 in
950 2352 1138 2432 istaCorpur
1158 2354 1277 2434 quidem
1298 2353 1429 2415 hocDei
1447 2353 1554 2427 nocui,
1573 2350 1703 2430 frutvel
1725 2353 1775 2429 sit,
1798 2352 1957 2431 irrpipm

594 2452 677 2511 artae
694 2449 829 2529 saurae,
851 2458 908 2511 etc.
931 2459 962 2512 et
981 2454 1099 2512 mistum
1121 2453 1202 2533 qnod
1229 2460 1276 2513 est
1301 2454 1334 2514 in
1355 2451 1413 2512 hoc
1434 2452 1540 2529 culice,
1562 2452 1687 2531 nunquia
1709 2448 1825 2510 Chr-isti
1849 2450 1956 2529 propi-

592 2550 742 2623 tiatorius,
764 2551 806 2611 sit
825 2549 873 2611 vel
893 2550 954 2628 sint
974 2553 1006 2611 in
1027 2552 1234 2613 remissionem
1245 2559 1449 2631 peccatoram,
1464 2558 1519 2613 etc.
1542 2550 1590 2611 Ex
1612 2551 1669 2611 ista
1691 2547 1830 2611 lectionis
1853 2547 1955 2611 diver·

594 2649 693 2723 situle,
727 2650 751 2709 si
782 2650 849 2728 quis
878 2650 1032 2729 conjiciat,
1063 2657 1185 2711 autores
1213 2648 1369 2730 Liturgiae
1404 2649 1589 2728 credidisse,
1619 2656 1776 2729 antequam
1805 2647 1955 2711 invocatio

595 2749 823 2827 pronuncietur,
841 2749 904 2828 jam
926 2766 1034 2828 panem
1057 2767 1126 2810 esse
1150 2766 1271 2828 corpus,
1295 2756 1326 2810 et
1347 2750 1448 2810 vinum
1470 2749 1646 2831 sauguinem
1669 2746 1793 2822 Christi,
1815 2766 1880 2810 uon
1901 2748 1955 2809 erit

595 2845 753 2909 admodum
781 2846 1017 2928 repugnandum.
1074 2848 1180 2926 Neque
1214 2849 1293 2935 enim
1322 2847 1430 2927 quihus
1463 2847 1540 2909 haec
1569 2847 1743 2928 conjectura
1774 2847 1954 2928 displiceret,

594 2944 706 3007 hahent
729 2946 836 3027 aliquid
860 2964 919 3026 quo
942 2965 976 3008 se
999 2953 1148 3022 tueantur,
1176 2948 1232 3008 nisi
1263 2946 1343 3027 quod
1365 2947 1566 3008 invocationis
1588 2945 1682 3008 verba
1703 2953 1796 3027 prout
1815 2933 1956 3029 leguntur

595 3044 676 3123 alibi,
700 3048 877 3107 contrariam
900 3048 1079 3108 sententiam
1102 3046 1259 3107 continere
1285 3045 1455 3107 videantur:
1486 3052 1548 3107 tum
1571 3047 1660 3106 etiam
1678 3045 1794 3126 judicio
1815 3045 1954 3107 nostratis

596 3142 709 3221 Critici‚
732 3144 902 3208 Orientales
925 3144 989 3208 sola
1011 3145 1204 3207 invocatione
1235 3145 1496 3207 consecrationem
1524 3144 1630 3225 perlici
1659 3143 1854 3215 contendent.
1898 3144 1954 3207 Sed

596 3252 630 3305 ut
652 3243 720 3306 alibi
743 3244 839 3307 fusius
863 3253 893 3306 et
916 3248 1084 3306 accuratius
1109 3245 1279 3325 expositum
1302 3251 1359 3320 est,
1383 3242 1552 3306 Orientales
1576 3243 1684 3305 nullam
1708 3243 1810 3305 verbis
1821 3243 1955 3323 Domini·
2006 3296 2012 3316 ,

596 3346 640 3404 cis
662 3345 801 3407 virtutem
825 3344 1022 3406 consecrandi
1044 3344 1187 3420 tribuere,
1211 3351 1241 3405 et
1263 3342 1314 3404 illa
1342 3359 1402 3403 non
1425 3345 1595 3405 necessarie
1618 3342 1806 3420 existimare,
1836 3341 1954 3423 probari

595 3461 656 3503 uon
684 3452 799 3523 potest,
826 3463 892 3505 curn
924 3445 981 3524 ipsi
1004 3445 1185 3505 contrarium
1208 3443 1361 3508 affirment.
1411 3444 1516 3523 Neque
1544 3442 1658 3504 idcirco
1685 3442 1823 3522 iniuriam
1857 3441 1954 3504 verhis

598 3551 648 3604 aut
670 3545 793 3623 corpori
815 3543 925 3604 Christi
947 3543 1023 3620 lieri,
1047 3543 1182 3616 credunt,
1205 3542 1284 3621 quod
1307 3551 1401 3616 orent,
1417 3560 1510 3622 super
1533 3542 1610 3604 dona
1630 3545 1692 3624 jam
1714 3551 1904 3619 consecrata,
1925 3548 1955 3602 ut

598 3641 732 3704 Graecae
755 3641 965 3704 etOrientales
988 3659 1091 3703 omnes
1109 3641 1276 3716 Ecclesiae,
1297 3639 1422 3703 Latinae
1444 3660 1565 3723 quoque
1587 3649 1710 3704 veteres
1732 3642 1841 3704 iisdem
1862 3658 1954 3722 prope

572 3812 574 3819 ,
599 3742 699 3805 verbis
723 3740 868 3804 lecerunt.
912 3742 1122 3803 Verumtamen
1145 3758 1249 3803 omnes
1271 3741 1402 3819 reliquas
1425 3740 1576 3824 Liturgius
1599 3742 1718 3804 exista
1738 3742 1829 3803 unica
1853 3749 1884 3804 et
1904 3759 1955 3801 ra·

597 3842 685 3902 rionis
710 3858 781 3901 usus
804 3839 1007 3902 reformandas
1030 3858 1110 3916 esse,
1132 3857 1194 3902 uon
1220 3846 1268 3902 est
1291 3841 1535 3919 existimandum,
1563 3859 1662 3921 neque
1693 3843 1771 3903 enim
1799 3841 1957 3904 discrimen

598 3942 676 4002 inter
698 3941 783 4002 istam
807 3948 837 4000 et
860 3940 932 4000 alias
955 3940 1014 4001 tale
1037 3938 1204 4014 intercedit,
1227 3939 1315 4020 quale
1334 3940 1432 4001 statim
1454 3958 1517 4001 rem
1540 3958 1601 4001 nou
1624 3941 1697 4001 sutis
1719 3947 1861 4002 accurate
1882 3957 1956 4020 per-

597 4039 739 4123 pendenti
761 4038 856 4100 videri
880 4046 989 4119 potest.
1019 4039 1107 4099 'Nam
1130 4038 1208 4119 quod
1232 4039 1263 4098 in
1285 4039 1447 4118 posteriori
1466 4038 1667 4101 luvocationis
1690 4047 1777 4119 parte
1800 4038 1956 4101 desidera-

599 4148 664 4201 tur:
688 4139 820 4200 occurrit
843 4141 872 4198 in
895 4139 1006 4217 priore,
1030 4155 1128 4217 neque
1151 4139 1229 4198 enim
1259 4137 1309 4198 illa
1331 4138 1442 4213 verbu,
1471 4147 1504 4199 ιιι
1524 4139 1669 4199 inhahitet
1689 4157 1780 4217 anper
1798 4157 1911 4217 purtem
1930 4145 1958 4198 et

525 4296 528 4301 ,
598 4243 708 4312 vinnm,
729 4237 864 4317 fiantque
885 4257 974 4297 unum
996 4255 1108 4315 eorpus
1129 4244 1159 4297 et
1179 4240 1313 4317 sanquis,
1335 4238 1432 4299 minus
1454 4237 1623 4320 significant
1647 4256 1734 4318 quam
1757 4238 1826 4315 ista,
1850 4246 1880 4298 et
1897 4255 1957 4317 pu-

597 4358 664 4398 nem
686 4338 763 4397 harre
783 4337 883 4415 saciat
909 4356 1036 4415 corpus:
1065 4338 1189 4397 calicem
1215 4338 1390 4417 aanprrirrern
1412 4335 1539 4411 Christi,
1568 4356 1645 4417 quae
1666 4336 1809 4418 leguntur
1830 4337 1861 4396 in
1884 4336 1957 4398 aliis.

598 4437 704 4515 Neque
727 4437 752 4496 si
774 4435 899 4517 rigidius
923 4444 1039 4515 agatur,
1063 4436 1144 4496 orari
1165 4441 1266 4515 potest
1288 4443 1321 4495 ut
1342 4434 1477 4515 Spiritus
1502 4444 1625 4497 sanctas
1647 4436 1788 4497 matam
1816 4442 1847 4496 et
1867 4436 1958 4497 irrin-

598 4537 670 4597 hitet
691 4554 782 4614 super
802 4554 912 4614 cerpus
934 4534 1056 4612 Christi,
1080 4536 1109 4595 in
1132 4551 1192 4613 quo
1220 4534 1339 4595 habitat
1366 4534 1462 4595 omnis
1480 4535 1632 4612 plenitudo
1655 4535 1823 4596 diuinitatis
1845 4552 1958 4613 corpo-

597 4637 721 4697 raliter:
757 4651 854 4714 neque
884 4633 965 4710 sreri,
997 4633 1076 4713 quod
1103 4633 1163 4708 jam
1194 4631 1303 4693 iactum
1333 4639 1395 4708 est,
1430 4650 1540 4715 corpus
1574 4631 1694 4697 Christi.
1742 4634 1855 4694 Verum
1883 4632 1958 4695 haec

597 4734 772 4816 simpliciter
794 4732 996 4813 religioseque
1025 4732 1177 4793 tractanda
1205 4740 1290 4793 sunt:
1321 4749 1420 4812 neque
1450 4731 1687 4794 committendum
1715 4741 1749 4793 ut
1776 4750 1818 4793 ex
1839 4732 1959 4794 levibus

598 4833 743 4916 ejusmodi
767 4832 960 4913 argumentis,
985 4849 1062 4911 quae
1086 4851 1125 4892 ex
1148 4830 1245 4911 aliqua
1260 4833 1429 4893 contrariae
1451 4831 1609 4893 locutionis
1631 4832 1733 4894 umbra
1756 4831 1959 4908 deducuntur,

600 4933 767 4994 traditionis
792 4933 919 4993 omnium
941 4931 1142 4992 Ecclesiarum
1171 4932 1266 5006 rivos,
1287 4931 1319 4991 in
1340 4930 1545 4993 Eucharistiae
1567 4930 1701 4993 doctrina
1722 4913 1962 5011 uhiqnelimpi-

600 5032 748 5110 dissimos,
772 5041 885 5093 temere
908 5031 1126 5093 conturbemus.

964 5245 1591 5297 ψ
