5150 6534
586 832 662 905 608
1155 831 1387 907 abihu

584 1016 695 1077 utenda
724 1016 897 1095 relinquero
924 1014 1128 1096 periculosum
1157 1019 1254 1077 visum
1284 1015 1353 1095 luit,
1389 1023 1419 1077 at
1449 1018 1565 1078 serrari
1597 1015 1694 1096 aliqua
1726 1018 1888 1096 oportebat
1920 1018 1957 1079 ad

586 1116 777 1177 {raditionem
801 1114 994 1175 Orientalium
1018 1116 1269 1194 perspiciendam.

701 1409 762 1479 20.
802 1410 947 1501 Curiique
973 1413 1067 1478 ceruit
1092 1409 1270 1480 Diaconos
1298 1410 1343 1478 ud
1366 1410 1571 1501 portandum
1599 1410 1753 1498 culicem,
1782 1418 1845 1481 cic.

680 1617 802 1693 (laurio
831 1629 1032 1708 praecedens:
1067 1629 1148 1689 liuns
1169 1629 1264 1689 Peter
1285 1640 1426 1704 sancum,
1450 1639 1505 1693 etc.
1537 1631 1646 1692 elicitur
1674 1650 1711 1692 eo
1743 1632 1808 1711 ipso
1838 1633 1905 1693 loco
1930 1634 1961 1692 in

588 1734 723 1794 omnibns
748 1731 949 1793 Orientalibus
972 1731 1126 1812 LiturgiiS,
1149 1731 1234 1811 quasi
1258 1740 1374 1794 tessera
1400 1732 1587 1793 Christianae
1610 1731 1679 1793 fidei
1703 1733 1783 1793 circa
1806 1733 1960 1796 Trinitatis

587 1833 771 1912 mysterium.
803 1829 956 1892 Canuniur
972 1829 1317 1908 interealicsponsoria,
1341 1850 1418 1911 (quae
1442 1832 1479 1892 ari
1504 1830 1591 1892 iidem
1615 1831 1652 1891 de
1669 1830 1857 1894 Eucharistia
1881 1850 1961 1894 con-

587 1930 753 1992 testandum
775 1930 943 2008 pertinent,
972 1936 1139 2008 praeeunte
1163 1929 1307 1990 Diacono.
1353 1929 1392 1990 m
1422 1931 1622 2009 singularem,
1652 1939 1684 1990 ut
1714 1931 1791 2010 apud
1823 1932 1960 2012 Coptitas

587 2032 668 2090 circa
692 2027 764 2090 illud
786 2030 960 2108 mysterium
984 2028 1206 2089 confessionem
1229 2028 1304 2104 lieri,
1328 2029 1407 2088 nulla
1432 2030 1563 2109 legitima
1587 2032 1745 2091 autoritate
1769 2040 1896 2107 constat,
1921 2050 1962 2092 cx

587 2127 730 2193 librorum
759 2127 896 2203 rlelectu,
928 2145 1027 2204 neque
1055 2127 1186 2206 reliquas
1217 2130 1423 2189 caeremonias
1454 2147 1531 2207 quae
1555 2127 1591 2187 ad
1614 2128 1832 2190 Euclraristiam
1855 2129 1962 2191 distri-

587 2226 735 2317 buendam
760 2226 894 2287 adhiberi
917 2226 1026 2286 debent
1042 2227 1162 2287 scimus.
1207 2225 1270 2286 lloc
1294 2226 1362 2287 loco
1386 2227 1481 2288 solum
1505 2226 1535 2287 id
1559 2226 1711 2301 habemus,
1736 2228 1815 2307 quod
1839 2249 1878 2289 ex
1903 2249 1961 2291 ru-

586 2327 646 2387 tori
669 2326 824 2404 disciplina
848 2325 926 2386 calix
948 2325 1082 2387 Diacono
1106 2324 1307 2399 committitur,
1331 2333 1390 2386 tum
1414 2335 1445 2387 ut
1460 2326 1673 2388 Sacerdotibus
1698 2336 1727 2388 et
1750 2328 1826 2406 aliis,
1851 2330 1961 2408 quibus

586 2426 734 2487 bibendus
766 2426 853 2486 datur
882 2443 949 2486 eum
980 2425 1180 2485 administret:
1210 2432 1270 2484 tnm
1301 2432 1333 2485 ut
1356 2425 1453 2486 Laicis
1482 2434 1512 2486 et
1535 2426 1708 2486 mulieribus
1733 2429 1782 2506 qui
1806 2427 1961 2487 intinctam

586 2524 761 2603 particulam
785 2523 934 2584 cochleari
957 2524 1094 2603 praebito
1119 2525 1278 2603 accipiunt,
1303 2527 1538 2586 conrnunrionem
1563 2526 1730 2587 rlistr·ibuat.
1763 2526 1836 2587 Curn
1860 2534 1962 2586 autem

586 2623 637 2683 illa
661 2624 847 2685 consuetudo
870 2624 901 2683 in
923 2623 1061 2683 Ecclesia
1085 2622 1201 2683 Graeca
1224 2630 1321 2684 ortum
1345 2624 1496 2700 habuerit,
1530 2632 1560 2684 et
1589 2624 1625 2685 ad
1656 2624 1826 2686 Orientales
1855 2642 1960 2685 omncs

586 2724 778 2803 pervenerit,
806 2722 991 2783 Nestorianis
1024 2740 1144 2801 quoque
1173 2721 1348 2783 familiarem
1371 2721 1464 2785 luisse
1486 2724 1646 2784 verisimile
1670 2726 1790 2785 omnino
1814 2733 1869 2785 est.
1914 2723 1962 2785 lto

588 2822 794 2882 communione
822 2821 877 2882 sub
905 2827 1033 2900 utraque
1063 2822 1166 2899 specio
1191 2820 1329 2882 dubitare
1352 2840 1410 2883 non
1435 2824 1534 2884 sinunt
1557 2840 1612 2883 nos
1636 2822 1831 2901 quorumdum
1855 2823 1961 2883 Theo-

587 2919 726 2999 logorunr
749 2940 765 2979 a
788 2920 979 2981 blissionibus
1004 2921 1187 2994 testimonia,
1219 2921 1268 2999 qui
1293 2938 1358 2982 carn
1382 2921 1580 3000 disciplinam,
1611 2923 1694 2982 volut
1725 2940 1859 2982 errorem
1884 2941 1961 3003 gra-

587 3021 739 3081 uissinuun
770 3019 826 3079 illis
855 3018 1014 3097 objiciunt,
1045 3020 1179 3098 ‹qurrrnris
1210 3037 1270 3080 non
1301 3020 1462 3099 antiquitus
1493 3021 1581 3081 modo
1614 3021 1777 3081 cornuurnis
1807 3039 1879 3081 usus
1907 3021 1960 3081 ille

588 3118 678 3179 lircrit
707 3119 786 3197 apud
818 3137 921 3179 omnes
952 3118 1122 3195 Ecclesias,
1154 3136 1258 3179 rerum
1289 3121 1377 3179 etiam
1401 3139 1607 3199 utramcumque
1631 3119 1667 3179 ad
1692 3121 1831 3180 unitatem
1855 3120 1962 3181 redic-

587 3226 671 3295 runt‚
704 3218 817 3295 libere,
848 3235 947 3296 nequo
977 3217 1208 3279 reclamantibus
1244 3217 1452 3294 Pontificibus,
1488 3218 1568 3280 illurn
1598 3219 1785 3280 retinuerint.
1832 3218 1961 3289 Ouoda

587 3317 738 3378 nonnullis
770 3325 882 3378 temero
914 3317 1024 3377 dictum
1053 3325 1115 3395 esi,
1145 3324 1177 3378 nt
1206 3335 1222 3376 a
1253 3317 1368 3378 Joannc
1399 3318 1553 3399 liugusino
1581 3320 1609 3378 in
1635 3320 1770 3380 Concilio
1793 3317 1962 3379 basileensi

586 3416 783 3478 Nestorianos
812 3416 867 3477 sub
895 3424 1022 3496 utraque
1051 3416 1156 3495 specie
1184 3418 1421 3478 cormuunionenr
1452 3418 1525 3478 dare
1556 3417 1624 3479 olim
1661 3418 1844 3492 instituisse,
1877 3416 1959 3496 quod

587 3516 643 3577 sub
667 3518 751 3595 pariis
775 3516 878 3595 specie
901 3515 997 3576 solum
1021 3534 1132 3594 eorpus
1157 3514 1267 3576 Clnisti
1291 3534 1359 3579 csse
1383 3518 1559 3592 crederent,
1591 3517 1646 3577 snb
1677 3519 1737 3578 uini
1765 3517 1862 3579 solnm
1885 3534 1963 3576 san-

587 3617 721 3695 guinem,
744 3615 852 3675 dudum
877 3633 893 3674 a
917 3615 1079 3695 Tlrcologis
1103 3614 1259 3693 explosum
1282 3623 1339 3691 est,
1364 3618 1498 3695 quanmis
1523 3616 1740 3677 aCensoribus
1758 3616 1962 3695 Diampercn·

587 3714 671 3776 sibus
694 3714 770 3776 idern
795 3733 915 3795 quoquo
940 3714 1030 3774 irrerit
1052 3714 1231 3774 allirmaturn.
1261 3713 1378 3775 Nullam
1402 3715 1512 3776 babent
1535 3715 1583 3775 rel
1607 3716 1773 3776 halma-runt
1788 3715 1961 3776 Nestoriani

589 3813 775 3892 disciplinam
806 3814 861 3875 lure
891 3816 920 3874 in
951 3821 1037 3892 parto
1065 3813 1265 3894 singularem,
1299 3813 1351 3873 sed
1384 3814 1517 3875 eamdem
1549 3832 1634 3893 quam
1664 3815 1771 3892 reliqui
1802 3832 1906 3873 omnes
1930 3816 1960 3874 in

589 3912 712 3973 Oriente
736 3914 912 3990 Christiani,
942 3931 1018 3993 equae
1048 3932 1115 3974 cum
1138 3913 1207 3974 alibi
1231 3913 1295 3974 lose
1320 3932 1336 3973 a
1359 3914 1445 3974 nobis
1470 3913 1618 3993 explicata
1642 3916 1695 3990 sit,
1727 3915 1907 3992 praesertim
1930 3914 1963 3974 in

590 4010 818 4074 Comrrrentariis
842 4015 878 4075 ad
902 4012 1054 4093 Copticas,
1079 4014 1278 4092 Syriacasque
1301 4012 1504 4074 Jacobitarunr
1527 4014 1693 4094 Lauriana,
1718 4013 1803 4093 plura
1827 4029 1887 4073 uon
1911 4014 1963 4073 di-

591 4129 703 4176 cemus,

753 4391 814 4461 al.
856 4394 1003 4463 Fratres
1029 4395 1191 4483 suscipite
1218 4414 1344 4483 corpus
1371 4390 1456 4459 Filii
1483 4389 1606 4458 clurrrut
1634 4389 1803 4458 Ecclesiu.

689 4618 865 4694 (lutuosas
889 4630 957 4691 illae
981 4648 1058 4710 quae
1081 4628 1227 4691 dicendae
1250 4636 1319 4689 sunt
1342 4646 1407 4688 cunr
1432 4626 1617 4688 distribuitur
1632 4627 1828 4707 Eucharistiae,
1851 4628 1881 4687 in
1905 4646 1965 4689 usu

591 4743 676 4795 erant
699 4733 778 4814 apud
801 4735 996 4795 Nestorianos
1025 4733 1209 4808 llalabares,
1241 4741 1272 4793 ut
1302 4731 1380 4811 apud
1409 4732 1689 4811 llesopotarncnoS,
1723 4730 1803 4808 quod
1836 4738 1967 4792 testatur

589 4835 681 4896 blissa
705 4854 721 4894 a
745 4834 893 4895 Lusitanis
917 4833 1022 4894 Latine
1045 4833 1132 4893 edita.
1177 4833 1289 4893 Verum
1313 4833 1343 4891 in
1366 4839 1561 4910 uirorumque
1585 4829 1738 4890 codicibus
1763 4847 1878 4908 paucae
1902 4849 1966 4890 ex-

591 4933 710 5009 tabant,
741 4942 770 4994 et
801 4934 919 5013 aliquae
950 4951 1008 4994 non
1033 4942 1120 4995 erant
1143 4934 1297 5012 integrae,
1328 4951 1394 4992 curn
1418 4932 1558 5010 proprius
1581 4929 1697 4990 illarum
1722 4927 1805 4989 locus
1829 4928 1908 4990 iuret
1933 4930 1964 4989 in

591 5032 674 5094 libris
688 5052 812 5114 precum
833 5033 1080 5114 quotidianarum,
1104 5031 1183 5093 undo
1206 5032 1269 5111 peti
1292 5032 1437 5094 solebant.
1461 5029 1550 5090 'sales
1565 5029 1594 5089 in
1610 5028 1722 5107 aliquot
1738 5026 1964 5107 exemplaribus

592 5140 705 5210 extruat,
731 5141 788 5194 iam
812 5134 973 5212 perspicua
997 5131 1034 5193 de
1057 5133 1184 5192 veritate
1208 5133 1344 5210 corporis
1370 5138 1399 5190 ct
1422 5131 1577 5211 sanguinis
1592 5128 1701 5190 Christi
1720 5130 1749 5189 in
1773 5133 1965 5189 sacramento

590 5234 760 5294 testimonia
792 5233 996 5311 continenteS,
1027 5231 1097 5292 nibil
1128 5237 1160 5291 ut
1192 5232 1287 5310 possit
1318 5249 1387 5292 esse
1419 5230 1539 5292 clarius,
1584 5227 1658 5290 Nam
1682 5227 1879 5302 descensum,
1908 5242 1968 5285 scu
