5150 6534
787 810 1675 965 nocuonnuslncnolnu.
1836 862 1909 936 411

547 1056 744 1149 precatoriis
775 1051 969 1149 Seraphim,
1013 1055 1066 1147 qui
1106 1053 1167 1125 alis
1203 1075 1267 1125 sex
1301 1055 1470 1144 instructi,
1507 1052 1619 1126 effusis
1654 1051 1796 1125 vocibus
1831 1053 1946 1139 suis„

547 1169 702 1260 laudant,
729 1169 889 1257 clamant,
916 1182 949 1243 et
975 1168 1095 1241 dicunt.

650 1286 813 1380 Papulas.
867 1287 1020 1359 Sanctus.

649 1404 825 1475 Sacerdos
857 1403 1047 1474 inclinatus.
1085 1401 1242 1475 -Sanctus
1275 1423 1328 1487 es,
1361 1400 1521 1487 Domine,
1555 1409 1692 1495 potens,
1728 1420 1801 1468 cum
1833 1399 1914 1468 uni·
1960 1408 2067 1461 tonnae
2093 1408 2238 1479 Evangeli-

484 1508 487 1513 Α
546 1523 659 1613 genito
685 1518 771 1592 Filio
798 1530 873 1609 tuo,
900 1529 933 1591 et
958 1520 1082 1615 Spiritu
1110 1529 1165 1590 tuo
1193 1528 1324 1605 sancto,
1351 1539 1417 1589 nna
1442 1526 1561 1587 natura
1591 1514 1752 1603 indivisa,
1785 1502 1991 1601 sanctam*

546 1646 581 1709 et
605 1639 716 1709 omnia
743 1637 978 1709 sanctificante.
1031 1638 1132 1708 Pater
1159 1638 1214 1730 qui
1240 1636 1327 1706 misit
1351 1633 1470 1705 Filium
1496 1655 1601 1718 suum,
1629 1629 1672 1701 ad
1687 1632 1826 1702 salutem
1841 1653 1911 1702 no-

546 1752 857 1843 mamertum
887 1756 942 1847 qui
968 1755 1156 1824 incarnatus
1193 1775 1238 1823 ex
1271 1752 1433 1844 genitrice
1466 1746 1531 1819 Dei
1563 1748 1691 1834 Maria,
1728 1768 1846 1842 passus
1880 1756 1914 1817 ct

546 1866 724 1942 crucifixus
751 1880 818 1959 est,
844 1879 983 1964 prepter
1007 1870 1186 1960 imaginem
1213 1890 1308 1940 suam
1335 1889 1420 1961 qnae
1447 1874 1605 1960 corrupta
1630 1863 1750 1954 fluerat,
1778 1872 1811 1933 et
1827 1862 1912 1958 Spi-

546 1989 629 2059 ritus
655 1994 807 2075 sanctus,
833 1984 1055 2057 sanctificator
1081 1984 1316 2056 sacrificiorum
1344 1982 1541 2054 divinomm.

650 2081 799 2174 Electrae
824 2123 948 2195 cocere.
1003 2098 1085 2173 Cum
1113 2122 1197 2192 ergo
1225 2087 1438 2194 suscepturus
1466 2107 1558 2170 esset
1584 2108 1723 2169 mortem
1750 2095 1912 2171 volunta·
1952 2093 2049 2192 'recem
2068 2096 2163 2148 Fffllffi
2181 2096 2237 2151 ⁰⁰·

545 2220 630 2290 riam
655 2214 717 2313 pro
744 2215 841 2289 nobis
867 2216 1118 2312 peccatoribus,
1145 2220 1218 2311 ipse
1246 2218 1317 2287 sine
1344 2222 1504 2310 peccato,
1537 2235 1578 2284 ea
1610 2224 1710 2286 nocte
1746 2238 1810 2308 qua
1838 2195 1995 2285 tra-mm

546 2332 703 2423 debatur,
728 2343 765 2405 ut
790 2343 976 2429 pateretur,
1004 2335 1132 2427 accepit
1145 2355 1264 2426 panem
1282 2335 1317 2402 in
1334 2352 1451 2403 manus
1466 2352 1545 2403 suas
1559 2338 1705 2419 sanctas,
1732 2340 1766 2401 et
1781 2332 1914 2424 aspexit

547 2450 590 2523 ad
622 2462 655 2523 te
687 2452 795 2522 Deum
827 2460 860 2521 et
886 2450 1036 2533 Patrem,
1065 2458 1098 2520 et
1123 2451 1248 2540 gratias
1276 2469 1383 2539 agens
1409 2454 1429 2529 †
1456 2444 1642 2531 benedixit,
1669 2452 1690 2526 †
1717 2444 1912 2517 sanctifica-

544 2569 613 2657 vit,
638 2574 660 2649 †
686 2566 806 2659 fregit,
833 2575 866 2637 et
901 2565 990 2636 dedit
1022 2564 1189 2660 discipulis
1224 2568 1294 2635 suis
1329 2573 1364 2635 et
1395 2562 1570 2659 Apostolis
1605 2565 1748 2651 sanctis,
1780 2561 1911 2633 dicens:

545 2683 718 2777 Accipite,
745 2682 831 2753 edite
858 2705 904 2753 ex
937 2704 995 2767 eo,
1022 2681 1096 2754 Hoc
1124 2694 1176 2753 est
1209 2702 1331 2777 corpus
1366 2702 1475 2751 meum
1509 2678 1597 2773 quod
1629 2701 1691 2774 pro
1728 2676 1843 2764 vohis,
1880 2688 1914 2748 et

545 2821 609 2896 pro
635 2796 744 2869 multis
770 2797 952 2888 frangitur,
981 2807 1014 2867 et
1040 2797 1153 2885 datur,
1180 2800 1213 2867 in
1239 2798 1469 2867 remissionem
1495 2804 1723 2890 pcccatorum,
1752 2809 1785 2868 et
1810 2799 1914 2869 vitam

548 2922 729 2985 aeternam.
781 2912 936 2983 Similiter
963 2916 1081 3000 etiam,
1109 2923 1143 2984 et
1156 2911 1294 2984 calicem
1314 2922 1487 3007 postquam
1504 2923 1742 3003 coenaverunt,
1769 2916 1913 2986 miscens

547 3051 595 3101 ex
621 3032 701 3101 rino
729 3037 762 3099 et
789 3050 893 3121 aqua,
921 3032 1048 3119 gratias
1076 3032 1162 3120 egit,
1190 3035 1210 3110 †
1237 3025 1419 3115 benedixit,
1446 3034 1467 3108 †
1494 3027 1712 3101 sanctificavit
1729 3036 1750 3110 †
1768 3039 1801 3100 et
1824 3028 1912 3099 dedit

546 3144 714 3241 discipulis
740 3136 825 3230 suls,
853 3152 886 3214 et
911 3145 1082 3238 Apostolis
1110 3147 1250 3230 sanctis,
1283 3143 1414 3214 dicens:
1446 3145 1620 3238 Accipite,
1654 3143 1756 3216 bibite
1790 3168 1836 3215 ex
1870 3167 1912 3217 eo

546 3283 682 3334 omnes:
709 3259 772 3331 Hic
799 3268 851 3330 est
877 3263 1012 3351 sanguis
1040 3282 1132 3331 meus
1158 3258 1249 3330 Novi
1276 3259 1499 3348 Testamenti,
1534 3262 1590 3353 qui
1621 3282 1683 3355 pro
1720 3258 1838 3348 vobis,
1880 3271 1913 3331 et

545 3399 608 3474 pro
635 3377 743 3450 multis
771 3375 959 3464 effunditur,
987 3387 1020 3446 et
1047 3376 1140 3448 datur
1167 3381 1200 3445 in
1225 3377 1454 3447 remissionem
1480 3384 1713 3470 peccatorum,
1742 3389 1775 3450 et
1809 3380 1912 3448 vitam
1961 3388 2057 3457 cyrtrn.

546 3504 726 3566 aeternam.
780 3492 993 3563 Sanctitatem
1021 3514 1105 3563 vero
1133 3494 1283 3586 corporis
1311 3500 1345 3562 et
1372 3494 1541 3583 sanguinis
1568 3496 1619 3564 sui
1646 3496 1725 3587 ipsis
1758 3517 1911 3568 commn-

545 3616 682 3700 nicaus,
707 3614 809 3707 prius
827 3609 1011 3696 admonuit,
1038 3613 1274 3704 praecepitque
1310 3612 1380 3697 eis3
1416 3632 1492 3680 cum
1522 3608 1584 3682 illis
1616 3608 1912 3700 communicabitis,

545 3736 746 3800 mementote
774 3736 807 3798 et
833 3731 924 3817 agite
950 3730 1298 3797 commemorationem
1325 3727 1439 3796 mortis
1467 3747 1579 3811 meae,
1607 3725 1714 3798 donec
1742 3730 1884 3799 veniam.

650 3842 810 3936 Populus.
862 3842 980 3914 Mortis
1009 3851 1093 3912 tuae.

648 3958 833 4031 Sacerdos.
886 3960 1082 4030 Memoriam
1109 3960 1206 4028 etiam
1234 3960 1362 4048 agimus
1396 3959 1537 4028 omnium
1564 3956 1693 4030 illorum
1722 3984 1807 4055 quae
1834 3962 1910 4035 dis·
2040 3974 2048 4023 i

545 4079 738 4172 pensatorie
763 4098 825 4171 pro
852 4074 949 4147 nobis
976 4098 995 4145 a
1019 4084 1052 4146 te
1078 4083 1152 4144 acta
1179 4083 1213 4144 et
1234 4071 1383 4169 perlecta
1407 4083 1491 4159 sunt,
1519 4072 1651 4146 Christe
1670 4075 1763 4147 Deus
1779 4089 1909 4151 noster:

545 4195 727 4265 nativitatis
754 4201 831 4263 tuae
857 4190 1027 4278 salutaris,
1054 4189 1259 4284 baptismatis
1288 4191 1333 4260 tui
1359 4188 1478 4280 divini,
1506 4190 1695 4287 sepulturae
1711 4200 1787 4263 tuae
1813 4198 1909 4266 vivi-

545 4308 646 4397 licae,
686 4307 953 4379 Resurrectionis
994 4318 1070 4379 tuae
1113 4305 1315 4394 dominicae,
1357 4306 1576 4380 Ascensionis
1621 4319 1698 4379 tuae
1736 4308 1909 4401 excelsae,

545 4425 774 4517 sessionisque
800 4433 877 4494 tuae
905 4423 947 4495 ad
973 4424 1146 4495 dexteram
1172 4422 1238 4492 Dei
1264 4432 1298 4493 et
1323 4421 1439 4493 Putris.
1492 4424 1614 4495 lterum
1647 4427 1745 4496 etiam
1774 4424 1908 4498 adven-

544 4548 598 4610 tus
625 4541 673 4609 tui
697 4538 785 4634 pleni
812 4549 956 4625 tremore
982 4542 1173 4610 memoriam
1202 4540 1352 4629 agimus,
1379 4562 1454 4610 cum
1480 4541 1512 4608 in
1539 4539 1646 4631 gloria
1672 4563 1794 4633 magna
1817 4566 1908 4615 exo-

543 4656 650 4740 riens,
677 4656 778 4726 vivos
806 4662 839 4724 et
864 4664 1012 4727 mortuos
1036 4654 1240 4745 judicaturus
1268 4677 1323 4726 es:
1351 4677 1424 4725 cum
1437 4653 1561 4746 Angeli
1583 4656 1707 4747 jndicio
1729 4668 1785 4730 tun
1805 4663 1910 4731 territi

544 4778 658 4861 erunt,
683 4770 872 4842 Potestates
901 4770 1154 4859 tremebundae,
1182 4770 1323 4841 Ordines
1359 4769 1523 4844 coelestes
1558 4774 1757 4861 conturbati,
1792 4797 1908 4848 omnes

543 4882 696 4958 homines
721 4890 756 4957 in
782 4889 878 4957 animi
905 4886 1047 4981 deliquio
1075 4895 1217 4974 stantes,
1242 4886 1400 4979 judicium
1427 4886 1573 4958 terribile
1598 4897 1633 4959 et
1658 4911 1814 4962 severum
1837 4915 1906 4963 ex-

543 5001 740 5096 pectabunt:
766 5012 843 5073 tunc
870 5027 944 5075 cum
966 5004 1090 5094 justitia
1117 5005 1222 5072 minas
1250 5007 1459 5096 experietur,
1485 5024 1595 5097 neque
1625 5010 1733 5096 gratia
1769 5011 1907 5081 miseri-

545 5114 695 5190 cordiam
719 5117 916 5212 praestabit:
944 5141 1016 5220 cum
1045 5116 1208 5189 carbones
1237 5117 1410 5208 ardentes,
1436 5118 1565 5191 flamma
1593 5119 1811 5212 comburens,
1838 5146 1906 5216 ge-

544 5230 653 5305 henna
678 5236 877 5306 inextinctn:
906 5242 994 5324 tunc,
1021 5257 1093 5306 cum
1120 5236 1297 5330 petitiones
1323 5234 1539 5330 repellentur,
1566 5235 1819 5331 deprecationes
1840 5263 1906 5313 non

545 5351 786 5444 suscipientur,
822 5354 991 5424 orationes
1031 5373 1099 5423 non
1141 5350 1328 5438 audientur,
1372 5354 1629 5427 intercessiones
1672 5357 1907 5451 cujuscumque

592 5487 714 5533 rcnmn.
1651 5471 1699 5547 55
