5150 6534
902 828 1038 906 Bastuli
1063 828 1114 904 EX
1139 825 1323 905 musione
1350 827 1526 904 ctutum
1554 827 1669 903 ttlslt.
1901 826 1977 900 555

603 1014 699 1089 nibus
726 1016 863 1089 occultis
891 1027 925 1087 et
949 1013 1143 1103 manifestis,
1171 1015 1297 1086 cunctis
1318 1011 1434 1086 diebus
1456 1016 1549 1085 vitae
1569 1023 1722 1084 nostrae:
1749 1022 1848 1107 atque
1866 1016 1978 1085 exime

604 1151 666 1203 nos
694 1117 846 1203 omnibus
879 1130 993 1218 malis,
1030 1152 1116 1226 quae
1149 1138 1287 1225 propter
1320 1131 1525 1223 iniquitatem
1557 1140 1706 1201 nostram
1740 1131 1910 1201 incurrunt
1944 1132 1979 1199 in

604 1266 685 1318 nos:
713 1248 789 1341 quia
815 1254 903 1315 tuum
932 1252 984 1317 est
1009 1265 1148 1337 reguum
1187 1255 1219 1316 et
1251 1247 1411 1336 unigeniti
1445 1241 1509 1315 Fili
1542 1246 1604 1332 tui,
1639 1266 1680 1316 ac
1706 1245 1905 1317 sanctissimi
1932 1247 1979 1315 tui

604 1360 757 1456 Spiritus,
783 1359 875 1448 boni,
902 1359 1072 1447 adorandi,
1099 1363 1202 1432 vitam
1229 1360 1403 1451 largientis
1431 1369 1465 1429 et
1492 1358 1550 1431 tibi
1577 1361 1610 1429 in
1637 1359 1823 1432 substantia
1846 1382 1978 1455 aequa-

526 1467 529 1472 ’
603 1474 657 1566 lis,
683 1496 771 1546 nunc
798 1484 831 1545 et
858 1496 1003 1570 semper,
1030 1477 1124 1547 etin
1151 1473 1286 1546 saecula
1313 1472 1533 1546 saeculorum.

708 1588 872 1683 Populos.
924 1590 1044 1664 Amen.

709 1704 894 1777 Sacerdos.
948 1704 1021 1776 Pax
1048 1702 1201 1777 omnibus
1227 1701 1338 1776 vobis.

706 1819 869 1914 Papulas.
921 1818 1066 1891 Etcum
1094 1822 1210 1916 spiritu
1237 1828 1303 1892 tuo.

706 1935 896 2008 Diaconos.
949 1937 1093 2007 Domino
1121 1938 1231 2030 capita
1258 1943 1373 2008 nostra
1400 1932 1607 2009 inclinemus.

706 2051 868 2144 Populos.
923 2050 1046 2124 Coram
1074 2061 1108 2122 te
1134 2052 1277 2123 Domine
1303 2050 1397 2121 Deus
1424 2061 1549 2123 noster.

706 2165 882 2238 Sacerdos
908 2166 1001 2236 dicit.
1054 2166 1153 2237 Pater
1187 2165 1490 2238 misericordiarum
1525 2177 1559 2238 et
1585 2167 1678 2240 Deus
1711 2170 1819 2240 omnis
1847 2189 1977 2240 conso-

602 2281 747 2371 lationis,
781 2284 837 2376 qui
869 2284 1068 2356 concessisti
1096 2281 1194 2354 nobis
1222 2292 1257 2353 ut
1283 2294 1482 2354 reverenter
1507 2282 1767 2357 observaremus
1795 2293 1977 2380 praecepta

601 2409 676 2488 tua,
703 2409 737 2470 et
762 2397 863 2470 modo
898 2400 996 2468 etiam
1023 2397 1145 2491 dignos
1174 2397 1298 2470 duxisti
1324 2419 1406 2487 nos,
1442 2401 1497 2493 qui
1534 2408 1566 2470 te
1600 2401 1846 2495 aspiceremus,
1878 2409 1978 2494 atque

603 2535 719 2586 coram
746 2515 923 2604 majestate
951 2523 1005 2585 tua
1032 2513 1201 2611 supplices
1227 2524 1362 2586 nostras
1392 2536 1512 2610 preces
1540 2514 1755 2588 offerremus:
1789 2534 1977 2588 conversus

603 2627 646 2700 ad
670 2650 735 2702 nos
762 2631 853 2699 mitte
879 2626 982 2701 nobis
1008 2629 1261 2702 henedictiones
1288 2630 1350 2702 abs
1377 2642 1410 2703 te
1437 2628 1634 2721 defluentes,
1662 2641 1696 2705 et
1721 2630 1888 2704 cucnmda
1914 2650 1977 2701 nos

602 2764 697 2814 muro
732 2743 1051 2834 misericordiarum,
1088 2766 1150 2840 per
1189 2744 1364 2818 sollicitam
1400 2768 1532 2832 curam,
1567 2767 1783 2840 amoremque
1815 2746 1978 2838 unigeniti

602 2856 678 2930 Filii
705 2861 750 2931 tui
777 2882 859 2952 erga
886 2859 1062 2932 humanum
1087 2882 1211 2953 genus:
1250 2871 1472 2957 praestaque,
1507 2872 1543 2935 ut
1573 2864 1647 2933 sine
1682 2883 1775 2934 noxa
1801 2860 1978 2933 reddamur

602 2976 782 3070 participes
816 2978 1048 3071 mysteriorum
1083 2976 1171 3048 illius
1205 2976 1418 3067 salutarium,
1457 2987 1492 3049 et
1530 2980 1621 3050 vitae
1655 2978 1877 3052 efficientium:
1915 2996 1978 3070 per

603 3091 762 3180 gratiam,
788 3090 1051 3164 misericordiam
1080 3103 1114 3164 et
1140 3095 1312 3164 caritatem
1338 3093 1499 3184 unigeniti
1524 3092 1599 3165 Filii
1625 3096 1673 3165 tui
1699 3114 1783 3185 erga
1801 3091 1978 3164 humanum

604 3224 729 3295 genus:
757 3229 832 3278 cum
859 3228 925 3301 quo
953 3206 1011 3278 tibi
1038 3206 1178 3280 debetur
1203 3207 1288 3296 laus,
1316 3205 1425 3299 gloria
1451 3216 1485 3280 et
1510 3208 1675 3301 adoratio,
1701 3207 1863 3303 simulque
1890 3227 1977 3279 san-

606 3321 755 3393 ctissimo
783 3331 839 3394 tuo
867 3321 1016 3417 Spiritui,
1042 3321 1146 3413 hono,
1173 3321 1358 3413 adorando,
1385 3334 1448 3395 etc.

707 3437 869 3532 Populos.
922 3437 1043 3509 Amen.

707 3550 893 3626 Sacerdos.
946 3554 1021 3624 Pax
1047 3552 1197 3625 omnibus
1225 3553 1335 3626 vobis.

708 3668 869 3763 Populos.
922 3668 1066 3741 Etcum
1095 3672 1210 3764 spiritu
1238 3678 1307 3743 tuo.

707 3784 891 3857 Sacerdos.
944 3785 995 3858 Sit
1021 3789 1130 3877 gratIa
1157 3784 1327 3857 Trinitatis
1355 3808 1428 3858 cum
1455 3784 1608 3860 omnibus
1634 3786 1744 3859 vobis.

710 3900 874 3993 Populos.
926 3899 1071 3972 Etcum
1099 3903 1216 3997 spiritu
1242 3911 1310 3972 tuo.

710 4017 899 4089 Diaconos.
950 4016 1164 4089 Reverenter
1191 3994 1460 4112 contemplemur.

710 4131 894 4222 Sacerdos.
948 4132 1074 4204 Sancta
1100 4134 1234 4204 sanctis.

707 4247 869 4340 Populos.
923 4245 1016 4320 Unus
1043 4248 1144 4320 Pater
1170 4257 1322 4319 sanctus:
1348 4268 1433 4319 uuus
1448 4246 1552 4320 Filius
1580 4257 1730 4321 sanctus:
1757 4268 1841 4320 unns
1861 4246 1977 4345 Spiri-

605 4371 658 4437 tus
684 4367 775 4435 vitae
803 4364 945 4435 efficiens
973 4373 1124 4436 sanctus:
1158 4362 1274 4436 Gloria
1301 4362 1409 4452 Patri,
1438 4370 1473 4433 et
1498 4361 1596 4454 Filio,
1623 4373 1657 4436 et
1683 4363 1820 4460 Spiritui
1846 4373 1977 4453 sancto,

608 4481 787 4574 quiunum
815 4480 948 4550 suntin
975 4477 1119 4551 saecula.
1177 4525 1179 4530 »

708 4593 893 4665 Sacerdos.
945 4593 1039 4666 Unus
1065 4594 1167 4666 Pater
1193 4604 1328 4666 sanctus
1354 4594 1538 4666 nobiscum.

710 4711 898 4781 Diaeoaas.
952 4710 1086 4782 Stemus
1113 4711 1271 4782 decenter
1306 4732 1438 4783 omnes:
1472 4720 1597 4783 stemus
1630 4715 1837 4796 reverenter,
1863 4708 1979 4777 intenti

606 4828 719 4915 simus,
746 4827 823 4899 dum
849 4825 931 4899 haec
957 4823 1140 4921 Anaphora
1167 4830 1199 4898 iu
1228 4848 1315 4922 pace
1342 4829 1524 4921 peragitur.

710 4941 873 5034 Papulas.
928 4940 1061 5014 Gratias
1088 4945 1217 5034 agimus
1245 4941 1304 5014 tibi
1331 4942 1424 5013 Deus
1451 4932 1601 5015 noster(

709 5055 894 5127 Sacerdos.
947 5055 1142 5129 Exaltamus
1169 5068 1203 5128 te
1228 5057 1337 5128 Deum
1353 5058 1488 5129 Patrem
1515 5059 1784 5152 omnipotentem,
1811 5065 1844 5127 et
1869 5058 1977 5129 mise-

606 5171 790 5261 ricordem,
817 5170 1056 5268 laudamusque
1091 5182 1124 5244 te
1160 5171 1366 5244 conditorem
1398 5175 1564 5263 universi,
1600 5181 1698 5267 atque
1732 5169 1910 5244 adoramus
1943 5181 1977 5243 te

607 5284 830 5358 abundantem
857 5287 1102 5361 misericordia:
1124 5291 1179 5383 qui
1199 5292 1309 5381 gratia
1325 5297 1379 5361 tua
1399 5293 1551 5364 misertus
1570 5310 1608 5361 es
1633 5288 1752 5374 nostri,
1778 5296 1813 5358 et
1832 5288 1977 5383 expiasti

661 5424 784 5467 ramusu
1719 5405 1767 5478 73
