<?xml version="1.0" encoding="UTF-8"?>
<!DOCTYPE html PUBLIC "-//W3C//DTD XHTML 1.0 Transitional//EN"
    "http://www.w3.org/TR/xhtml1/DTD/xhtml1-transitional.dtd">
<html xmlns="http://www.w3.org/1999/xhtml" xml:lang="en" lang="en">
 <head>
  <title>
</title>
<meta http-equiv="Content-Type" content="text/html;charset=utf-8" />
  <meta name='ocr-system' content='tesseract 3.04.00' />
  <meta name='ocr-capabilities' content='ocr_page ocr_carea ocr_par ocr_line ocrx_word'/>
</head>
<body>
  <div class='ocr_page' id='page_1' title='image "./liturgiarumorie00renagoog_0257.png"; bbox 0 0 5150 6534; ppageno 0'>
   <div class='ocr_carea' id='block_1_1' title="bbox 973 823 1970 927">
    <p class='ocr_par' dir='ltr' id='par_1_1' title="bbox 973 823 1970 927">
     <span class='ocr_line' id='line_1_1' title="bbox 973 823 1970 927; baseline 0 -26"><span class='ocrx_word' id='word_1_1' title='bbox 973 823 1600 903; x_wconf 78' lang='lat' dir='ltr'><strong>stuo&#39;utloulttt.</strong></span> <span class='ocrx_word' id='word_1_2' title='bbox 1820 826 1970 927; x_wconf 68' lang='lat'><strong>9219</strong></span> 
     </span>
    </p>
   </div>
   <div class='ocr_carea' id='block_1_2' title="bbox 598 1010 1971 3304">
    <p class='ocr_par' dir='ltr' id='par_1_2' title="bbox 598 1010 1971 1799">
     <span class='ocr_line' id='line_1_2' title="bbox 604 1010 1969 1106; baseline 0.002 -25"><span class='ocrx_word' id='word_1_3' title='bbox 604 1012 693 1081; x_wconf 91' lang='lat' dir='ltr'><strong>omui</strong></span> <span class='ocrx_word' id='word_1_4' title='bbox 719 1022 847 1102; x_wconf 83' lang='lat' dir='ltr'><strong>genere</strong></span> <span class='ocrx_word' id='word_1_5' title='bbox 873 1010 1054 1084; x_wconf 86' lang='lat' dir='ltr'><strong>afflictionis</strong></span> <span class='ocrx_word' id='word_1_6' title='bbox 1081 1023 1115 1084; x_wconf 90' lang='lat' dir='ltr'><strong>et</strong></span> <span class='ocrx_word' id='word_1_7' title='bbox 1139 1010 1435 1087; x_wconf 80' lang='lat' dir='ltr'><strong>machinationibus</strong></span> <span class='ocrx_word' id='word_1_8' title='bbox 1461 1012 1573 1096; x_wconf 87' lang='lat' dir='ltr'><strong>malis,</strong></span> <span class='ocrx_word' id='word_1_9' title='bbox 1599 1022 1634 1083; x_wconf 89' lang='lat' dir='ltr'><strong>et</strong></span> <span class='ocrx_word' id='word_1_10' title='bbox 1658 1012 1853 1106; x_wconf 84' lang='lat' dir='ltr'><strong>perniciosis</strong></span> <span class='ocrx_word' id='word_1_11' title='bbox 1881 1011 1969 1084; x_wconf 90' lang='lat' dir='ltr'><strong>dae-</strong></span> 
     </span>
     <span class='ocr_line' id='line_1_3' title="bbox 602 1124 1968 1223; baseline 0.004 -28"><span class='ocrx_word' id='word_1_12' title='bbox 602 1145 736 1196; x_wconf 85' lang='lat' dir='ltr'><strong>monum</strong></span> <span class='ocrx_word' id='word_1_13' title='bbox 763 1124 987 1204; x_wconf 92' lang='lat' dir='ltr'><strong>etbominum</strong></span> <span class='ocrx_word' id='word_1_14' title='bbox 1013 1151 1168 1223; x_wconf 88' lang='lat' dir='ltr'><strong>nequam,</strong></span> <span class='ocrx_word' id='word_1_15' title='bbox 1195 1138 1229 1200; x_wconf 92' lang='lat' dir='ltr'><strong>et</strong></span> <span class='ocrx_word' id='word_1_16' title='bbox 1255 1126 1297 1201; x_wconf 91' lang='lat' dir='ltr'><strong>ab</strong></span> <span class='ocrx_word' id='word_1_17' title='bbox 1325 1126 1477 1200; x_wconf 81' lang='lat' dir='ltr'><strong>omnibus</strong></span> <span class='ocrx_word' id='word_1_18' title='bbox 1492 1127 1663 1200; x_wconf 92' lang='lat' dir='ltr'><strong>doloribus</strong></span> <span class='ocrx_word' id='word_1_19' title='bbox 1689 1125 1968 1200; x_wconf 80' lang='lat' dir='ltr'><strong>intolerabilibus:</strong></span> 
     </span>
     <span class='ocr_line' id='line_1_4' title="bbox 603 1242 1969 1338; baseline 0.004 -29"><span class='ocrx_word' id='word_1_20' title='bbox 603 1261 622 1309; x_wconf 88' lang='lat' dir='ltr'><strong>a</strong></span> <span class='ocrx_word' id='word_1_21' title='bbox 648 1242 824 1336; x_wconf 75' lang='lat' dir='ltr'><strong>tyrannide</strong></span> <span class='ocrx_word' id='word_1_22' title='bbox 850 1243 1011 1337; x_wconf 76' lang='lat' dir='ltr'><strong>capitibus</strong></span> <span class='ocrx_word' id='word_1_23' title='bbox 1032 1247 1154 1315; x_wconf 89' lang='lat' dir='ltr'><strong>nostris</strong></span> <span class='ocrx_word' id='word_1_24' title='bbox 1184 1246 1349 1338; x_wconf 92' lang='lat' dir='ltr'><strong>imposita,</strong></span> <span class='ocrx_word' id='word_1_25' title='bbox 1377 1253 1410 1326; x_wconf 85' lang='lat' dir='ltr'><strong>et</strong></span> <span class='ocrx_word' id='word_1_26' title='bbox 1427 1243 1659 1316; x_wconf 90' lang='lat' dir='ltr'><strong>tentationibus</strong></span> <span class='ocrx_word' id='word_1_27' title='bbox 1681 1244 1889 1335; x_wconf 90' lang='lat' dir='ltr'><strong>gravissimis</strong></span> <span class='ocrx_word' id='word_1_28' title='bbox 1906 1266 1969 1315; x_wconf 88' lang='lat' dir='ltr'><strong>nos</strong></span> 
     </span>
     <span class='ocr_line' id='line_1_5' title="bbox 603 1356 1971 1455; baseline 0.003 -30"><span class='ocrx_word' id='word_1_29' title='bbox 603 1356 710 1452; x_wconf 84' lang='lat' dir='ltr'><strong>eripe:</strong></span> <span class='ocrx_word' id='word_1_30' title='bbox 737 1366 770 1429; x_wconf 91' lang='lat' dir='ltr'><strong>et</strong></span> <span class='ocrx_word' id='word_1_31' title='bbox 796 1357 838 1429; x_wconf 92' lang='lat' dir='ltr'><strong>da</strong></span> <span class='ocrx_word' id='word_1_32' title='bbox 864 1357 978 1447; x_wconf 93' lang='lat' dir='ltr'><strong>nobis,</strong></span> <span class='ocrx_word' id='word_1_33' title='bbox 1004 1369 1041 1431; x_wconf 87' lang='lat' dir='ltr'><strong>ut</strong></span> <span class='ocrx_word' id='word_1_34' title='bbox 1066 1383 1140 1431; x_wconf 92' lang='lat' dir='ltr'><strong>cum</strong></span> <span class='ocrx_word' id='word_1_35' title='bbox 1168 1371 1286 1432; x_wconf 88' lang='lat' dir='ltr'><strong>ornatu</strong></span> <span class='ocrx_word' id='word_1_36' title='bbox 1313 1382 1448 1455; x_wconf 91' lang='lat' dir='ltr'><strong>operum</strong></span> <span class='ocrx_word' id='word_1_37' title='bbox 1467 1359 1631 1432; x_wconf 91' lang='lat' dir='ltr'><strong>bonorum</strong></span> <span class='ocrx_word' id='word_1_38' title='bbox 1649 1368 1681 1428; x_wconf 91' lang='lat' dir='ltr'><strong>et</strong></span> <span class='ocrx_word' id='word_1_39' title='bbox 1696 1356 1885 1447; x_wconf 91' lang='lat' dir='ltr'><strong>beatorum,</strong></span> <span class='ocrx_word' id='word_1_40' title='bbox 1912 1361 1971 1429; x_wconf 90' lang='lat' dir='ltr'><strong>in-</strong></span> 
     </span>
     <span class='ocr_line' id='line_1_6' title="bbox 598 1470 1969 1569; baseline 0.002 -27"><span class='ocrx_word' id='word_1_41' title='bbox 598 1470 791 1562; x_wconf 81' lang='lat' dir='ltr'><strong>grediamur</strong></span> <span class='ocrx_word' id='word_1_42' title='bbox 823 1476 856 1544; x_wconf 94' lang='lat' dir='ltr'><strong>in</strong></span> <span class='ocrx_word' id='word_1_43' title='bbox 891 1478 1088 1547; x_wconf 79' lang='lat' dir='ltr'><strong>sanctuaria</strong></span> <span class='ocrx_word' id='word_1_44' title='bbox 1107 1485 1161 1547; x_wconf 90' lang='lat' dir='ltr'><strong>tua</strong></span> <span class='ocrx_word' id='word_1_45' title='bbox 1189 1485 1323 1565; x_wconf 89' lang='lat' dir='ltr'><strong>sancta,</strong></span> <span class='ocrx_word' id='word_1_46' title='bbox 1356 1486 1389 1547; x_wconf 93' lang='lat' dir='ltr'><strong>et</strong></span> <span class='ocrx_word' id='word_1_47' title='bbox 1421 1473 1595 1569; x_wconf 91' lang='lat' dir='ltr'><strong>praeclare</strong></span> <span class='ocrx_word' id='word_1_48' title='bbox 1627 1472 1832 1566; x_wconf 83' lang='lat' dir='ltr'><strong>gaudeamus</strong></span> <span class='ocrx_word' id='word_1_49' title='bbox 1873 1474 1969 1545; x_wconf 90' lang='lat' dir='ltr'><strong>donis</strong></span> 
     </span>
     <span class='ocr_line' id='line_1_7' title="bbox 602 1586 1969 1684; baseline 0.001 -25"><span class='ocrx_word' id='word_1_50' title='bbox 602 1588 844 1683; x_wconf 79' lang='lat' dir='ltr'><strong>spiritualibus,</strong></span> <span class='ocrx_word' id='word_1_51' title='bbox 872 1601 906 1663; x_wconf 94' lang='lat' dir='ltr'><strong>et</strong></span> <span class='ocrx_word' id='word_1_52' title='bbox 932 1590 1027 1664; x_wconf 83' lang='lat' dir='ltr'><strong>simrd</strong></span> <span class='ocrx_word' id='word_1_53' title='bbox 1055 1590 1279 1663; x_wconf 87' lang='lat' dir='ltr'><strong>sacrificemus</strong></span> <span class='ocrx_word' id='word_1_54' title='bbox 1306 1589 1365 1663; x_wconf 91' lang='lat' dir='ltr'><strong>tibi</strong></span> <span class='ocrx_word' id='word_1_55' title='bbox 1392 1590 1555 1662; x_wconf 84' lang='lat' dir='ltr'><strong>sacrificia</strong></span> <span class='ocrx_word' id='word_1_56' title='bbox 1588 1586 1824 1684; x_wconf 81' lang='lat' dir='ltr'><strong>acceptabilia,</strong></span> <span class='ocrx_word' id='word_1_57' title='bbox 1852 1600 1886 1661; x_wconf 91' lang='lat' dir='ltr'><strong>et</strong></span> <span class='ocrx_word' id='word_1_58' title='bbox 1911 1592 1969 1660; x_wconf 92' lang='lat' dir='ltr'><strong>in-</strong></span> 
     </span>
     <span class='ocr_line' id='line_1_8' title="bbox 603 1698 1659 1799; baseline 0.005 -28"><span class='ocrx_word' id='word_1_59' title='bbox 603 1698 794 1775; x_wconf 85' lang='lat' dir='ltr'><strong>desinenter</strong></span> <span class='ocrx_word' id='word_1_60' title='bbox 819 1709 946 1798; x_wconf 88' lang='lat' dir='ltr'><strong>gratias</strong></span> <span class='ocrx_word' id='word_1_61' title='bbox 974 1723 1111 1798; x_wconf 85' lang='lat' dir='ltr'><strong>agamus</strong></span> <span class='ocrx_word' id='word_1_62' title='bbox 1138 1705 1196 1779; x_wconf 92' lang='lat' dir='ltr'><strong>tibi</strong></span> <span class='ocrx_word' id='word_1_63' title='bbox 1223 1716 1258 1779; x_wconf 92' lang='lat' dir='ltr'><strong>et</strong></span> <span class='ocrx_word' id='word_1_64' title='bbox 1282 1709 1452 1799; x_wconf 88' lang='lat' dir='ltr'><strong>unigenito</strong></span> <span class='ocrx_word' id='word_1_65' title='bbox 1478 1704 1565 1778; x_wconf 90' lang='lat' dir='ltr'><strong>Filio</strong></span> <span class='ocrx_word' id='word_1_66' title='bbox 1593 1715 1659 1777; x_wconf 92' lang='lat' dir='ltr'><strong>tuo.</strong></span> 
     </span>
    </p>

    <p class='ocr_par' dir='ltr' id='par_1_3' title="bbox 705 1818 1389 1912">
     <span class='ocr_line' id='line_1_9' title="bbox 705 1818 1389 1912; baseline 0.007 -25"><span class='ocrx_word' id='word_1_67' title='bbox 705 1818 868 1912; x_wconf 80' lang='lat' dir='ltr'><strong>Populos.</strong></span> <span class='ocrx_word' id='word_1_68' title='bbox 919 1822 1038 1897; x_wconf 81' lang='lat' dir='ltr'><strong>Aurem</strong></span> <span class='ocrx_word' id='word_1_69' title='bbox 1387 1901 1389 1905; x_wconf 85' lang='lat'>.</span> 
     </span>
    </p>

    <p class='ocr_par' dir='ltr' id='par_1_4' title="bbox 601 1933 1970 2842">
     <span class='ocr_line' id='line_1_10' title="bbox 706 1933 1969 2036; baseline 0.002 -32"><span class='ocrx_word' id='word_1_70' title='bbox 706 1933 882 2009; x_wconf 74' lang='lat' dir='ltr'><strong>Sacerdos</strong></span> <span class='ocrx_word' id='word_1_71' title='bbox 912 1937 1104 2008; x_wconf 80' lang='lat' dir='ltr'><strong>inclinatas.</strong></span> <span class='ocrx_word' id='word_1_72' title='bbox 1164 1937 1332 2009; x_wconf 84' lang='lat' dir='ltr'><strong>Memento</strong></span> <span class='ocrx_word' id='word_1_73' title='bbox 1367 1938 1528 2027; x_wconf 91' lang='lat' dir='ltr'><strong>Domine,</strong></span> <span class='ocrx_word' id='word_1_74' title='bbox 1565 1938 1838 2036; x_wconf 84' lang='lat' dir='ltr'><strong>congregationis</strong></span> <span class='ocrx_word' id='word_1_75' title='bbox 1873 1935 1969 2027; x_wconf 90' lang='lat' dir='ltr'><strong>hujus</strong></span> 
     </span>
     <span class='ocr_line' id='line_1_11' title="bbox 601 2046 1969 2148; baseline 0 -25"><span class='ocrx_word' id='word_1_76' title='bbox 601 2046 798 2123; x_wconf 85' lang='lat' dir='ltr'><strong>benedictae</strong></span> <span class='ocrx_word' id='word_1_77' title='bbox 825 2051 1029 2125; x_wconf 89' lang='lat' dir='ltr'><strong>adorantium</strong></span> <span class='ocrx_word' id='word_1_78' title='bbox 1056 2062 1105 2139; x_wconf 90' lang='lat' dir='ltr'><strong>te,</strong></span> <span class='ocrx_word' id='word_1_79' title='bbox 1133 2075 1219 2148; x_wconf 86' lang='lat' dir='ltr'><strong>quae</strong></span> <span class='ocrx_word' id='word_1_80' title='bbox 1247 2076 1320 2126; x_wconf 92' lang='lat' dir='ltr'><strong>cum</strong></span> <span class='ocrx_word' id='word_1_81' title='bbox 1347 2056 1467 2125; x_wconf 90' lang='lat' dir='ltr'><strong>timore</strong></span> <span class='ocrx_word' id='word_1_82' title='bbox 1493 2064 1527 2125; x_wconf 91' lang='lat' dir='ltr'><strong>et</strong></span> <span class='ocrx_word' id='word_1_83' title='bbox 1552 2051 1617 2125; x_wconf 83' lang='lat' dir='ltr'><strong>fite</strong></span> <span class='ocrx_word' id='word_1_84' title='bbox 1642 2057 1676 2125; x_wconf 95' lang='lat' dir='ltr'><strong>in</strong></span> <span class='ocrx_word' id='word_1_85' title='bbox 1703 2064 1748 2146; x_wconf 90' lang='lat' dir='ltr'><strong>te,</strong></span> <span class='ocrx_word' id='word_1_86' title='bbox 1775 2060 1840 2124; x_wconf 90' lang='lat' dir='ltr'><strong>stet</strong></span> <span class='ocrx_word' id='word_1_87' title='bbox 1855 2073 1969 2125; x_wconf 92' lang='lat' dir='ltr'><strong>coram</strong></span> 
     </span>
     <span class='ocr_line' id='line_1_12' title="bbox 601 2166 1969 2265; baseline 0.002 -28"><span class='ocrx_word' id='word_1_88' title='bbox 601 2174 718 2258; x_wconf 77' lang='lat' dir='ltr'><strong>teret</strong></span> <span class='ocrx_word' id='word_1_89' title='bbox 742 2166 887 2256; x_wconf 89' lang='lat' dir='ltr'><strong>illorum,</strong></span> <span class='ocrx_word' id='word_1_90' title='bbox 915 2170 970 2263; x_wconf 88' lang='lat' dir='ltr'><strong>qui</strong></span> <span class='ocrx_word' id='word_1_91' title='bbox 996 2171 1164 2240; x_wconf 90' lang='lat' dir='ltr'><strong>orationes</strong></span> <span class='ocrx_word' id='word_1_92' title='bbox 1190 2168 1383 2242; x_wconf 86' lang='lat' dir='ltr'><strong>infirmitatis</strong></span> <span class='ocrx_word' id='word_1_93' title='bbox 1409 2180 1546 2243; x_wconf 89' lang='lat' dir='ltr'><strong>nostrae</strong></span> <span class='ocrx_word' id='word_1_94' title='bbox 1572 2168 1748 2265; x_wconf 90' lang='lat' dir='ltr'><strong>postulant.</strong></span> <span class='ocrx_word' id='word_1_95' title='bbox 1800 2166 1969 2240; x_wconf 83' lang='lat' dir='ltr'><strong>Memento</strong></span> 
     </span>
     <span class='ocr_line' id='line_1_13' title="bbox 602 2279 1969 2379; baseline 0.003 -28"><span class='ocrx_word' id='word_1_96' title='bbox 602 2279 745 2353; x_wconf 88' lang='lat' dir='ltr'><strong>Domine</strong></span> <span class='ocrx_word' id='word_1_97' title='bbox 770 2285 913 2354; x_wconf 89' lang='lat' dir='ltr'><strong>omnium</strong></span> <span class='ocrx_word' id='word_1_98' title='bbox 939 2284 1161 2376; x_wconf 77' lang='lat' dir='ltr'><strong>generaliter,</strong></span> <span class='ocrx_word' id='word_1_99' title='bbox 1187 2295 1221 2356; x_wconf 89' lang='lat' dir='ltr'><strong>et</strong></span> <span class='ocrx_word' id='word_1_100' title='bbox 1246 2289 1502 2379; x_wconf 89' lang='lat' dir='ltr'><strong>uniuscujusque</strong></span> <span class='ocrx_word' id='word_1_101' title='bbox 1524 2284 1749 2377; x_wconf 79' lang='lat' dir='ltr'><strong>singulariter,</strong></span> <span class='ocrx_word' id='word_1_102' title='bbox 1778 2282 1865 2378; x_wconf 91' lang='lat' dir='ltr'><strong>quod</strong></span> <span class='ocrx_word' id='word_1_103' title='bbox 1886 2285 1969 2379; x_wconf 87' lang='lat' dir='ltr'><strong>ipsis</strong></span> 
     </span>
     <span class='ocr_line' id='line_1_14' title="bbox 605 2394 1970 2496; baseline 0.003 -30"><span class='ocrx_word' id='word_1_104' title='bbox 605 2394 813 2488; x_wconf 88' lang='lat' dir='ltr'><strong>adjumento,</strong></span> <span class='ocrx_word' id='word_1_105' title='bbox 854 2403 1146 2495; x_wconf 89' lang='lat' dir='ltr'><strong>necessariumque</strong></span> <span class='ocrx_word' id='word_1_106' title='bbox 1180 2422 1258 2471; x_wconf 88' lang='lat' dir='ltr'><strong>esse</strong></span> <span class='ocrx_word' id='word_1_107' title='bbox 1293 2411 1422 2496; x_wconf 88' lang='lat' dir='ltr'><strong>potest,</strong></span> <span class='ocrx_word' id='word_1_108' title='bbox 1461 2400 1659 2472; x_wconf 87' lang='lat' dir='ltr'><strong>concedens.</strong></span> <span class='ocrx_word' id='word_1_109' title='bbox 1711 2398 1835 2473; x_wconf 84' lang='lat' dir='ltr'><strong>Eorum</strong></span> <span class='ocrx_word' id='word_1_110' title='bbox 1869 2403 1970 2471; x_wconf 90' lang='lat' dir='ltr'><strong>etiam</strong></span> 
     </span>
     <span class='ocr_line' id='line_1_15' title="bbox 604 2494 1968 2610; baseline 0.001 -25"><span class='ocrx_word' id='word_1_111' title='bbox 604 2514 659 2607; x_wconf 82' lang='lat' dir='ltr'><strong>qui</strong></span> <span class='ocrx_word' id='word_1_112' title='bbox 683 2514 857 2608; x_wconf 85' lang='lat' dir='ltr'><strong>praeclare</strong></span> <span class='ocrx_word' id='word_1_113' title='bbox 884 2525 1004 2607; x_wconf 88' lang='lat' dir='ltr'><strong>agunt,</strong></span> <span class='ocrx_word' id='word_1_114' title='bbox 1032 2526 1065 2586; x_wconf 91' lang='lat' dir='ltr'><strong>et</strong></span> <span class='ocrx_word' id='word_1_115' title='bbox 1091 2519 1145 2610; x_wconf 89' lang='lat' dir='ltr'><strong>qui</strong></span> <span class='ocrx_word' id='word_1_116' title='bbox 1171 2516 1355 2610; x_wconf 89' lang='lat' dir='ltr'><strong>producunt</strong></span> <span class='ocrx_word' id='word_1_117' title='bbox 1379 2515 1505 2588; x_wconf 91' lang='lat' dir='ltr'><strong>lructus</strong></span> <span class='ocrx_word' id='word_1_118' title='bbox 1518 2494 1695 2588; x_wconf 83' lang='lat' dir='ltr'><strong>Ecclesiae</strong></span> <span class='ocrx_word' id='word_1_119' title='bbox 1721 2527 1797 2589; x_wconf 90' lang='lat' dir='ltr'><strong>tuae</strong></span> <span class='ocrx_word' id='word_1_120' title='bbox 1817 2525 1968 2609; x_wconf 86' lang='lat' dir='ltr'><strong>sanctae;</strong></span> 
     </span>
     <span class='ocr_line' id='line_1_16' title="bbox 603 2629 1968 2725; baseline 0.001 -23"><span class='ocrx_word' id='word_1_121' title='bbox 603 2648 719 2702; x_wconf 87' lang='lat' dir='ltr'><strong>eorum</strong></span> <span class='ocrx_word' id='word_1_122' title='bbox 752 2633 850 2703; x_wconf 90' lang='lat' dir='ltr'><strong>etiam</strong></span> <span class='ocrx_word' id='word_1_123' title='bbox 886 2632 941 2725; x_wconf 90' lang='lat' dir='ltr'><strong>qui</strong></span> <span class='ocrx_word' id='word_1_124' title='bbox 968 2630 1153 2704; x_wconf 89' lang='lat' dir='ltr'><strong>oblationes</strong></span> <span class='ocrx_word' id='word_1_125' title='bbox 1187 2632 1376 2704; x_wconf 72' lang='lat' dir='ltr'><strong>obtuderunt</strong></span> <span class='ocrx_word' id='word_1_126' title='bbox 1407 2656 1475 2706; x_wconf 92' lang='lat' dir='ltr'><strong>uon</strong></span> <span class='ocrx_word' id='word_1_127' title='bbox 1501 2631 1720 2704; x_wconf 87' lang='lat' dir='ltr'><strong>obliviscere:</strong></span> <span class='ocrx_word' id='word_1_128' title='bbox 1760 2643 1794 2703; x_wconf 90' lang='lat' dir='ltr'><strong>et</strong></span> <span class='ocrx_word' id='word_1_129' title='bbox 1825 2629 1968 2724; x_wconf 90' lang='lat' dir='ltr'><strong>illorum,</strong></span> 
     </span>
     <span class='ocr_line' id='line_1_17' title="bbox 603 2743 1779 2842; baseline 0.004 -27"><span class='ocrx_word' id='word_1_130' title='bbox 603 2746 659 2841; x_wconf 79' lang='lat' dir='ltr'><strong>qui</strong></span> <span class='ocrx_word' id='word_1_131' title='bbox 686 2743 806 2817; x_wconf 81' lang='lat' dir='ltr'><strong>offerre</strong></span> <span class='ocrx_word' id='word_1_132' title='bbox 833 2746 1010 2818; x_wconf 86' lang='lat' dir='ltr'><strong>voluerunt</strong></span> <span class='ocrx_word' id='word_1_133' title='bbox 1036 2756 1069 2818; x_wconf 94' lang='lat' dir='ltr'><strong>et</strong></span> <span class='ocrx_word' id='word_1_134' title='bbox 1094 2769 1161 2818; x_wconf 89' lang='lat' dir='ltr'><strong>non</strong></span> <span class='ocrx_word' id='word_1_135' title='bbox 1188 2758 1382 2842; x_wconf 91' lang='lat' dir='ltr'><strong>potuerunt,</strong></span> <span class='ocrx_word' id='word_1_136' title='bbox 1408 2748 1600 2820; x_wconf 91' lang='lat' dir='ltr'><strong>recordare.</strong></span> <span class='ocrx_word' id='word_1_137' title='bbox 1772 2745 1779 2764; x_wconf 87' lang='lat'><strong><em>‘</em></strong></span> 
     </span>
    </p>

    <p class='ocr_par' dir='ltr' id='par_1_5' title="bbox 706 2861 1188 2957">
     <span class='ocr_line' id='line_1_18' title="bbox 706 2861 1188 2957; baseline -0.006 -22"><span class='ocrx_word' id='word_1_138' title='bbox 706 2861 867 2955; x_wconf 78' lang='lat' dir='ltr'><strong>Populos.</strong></span> <span class='ocrx_word' id='word_1_139' title='bbox 920 2862 1025 2957; x_wconf 74' lang='lat' dir='ltr'><strong>Kyrie</strong></span> <span class='ocrx_word' id='word_1_140' title='bbox 1051 2861 1188 2934; x_wconf 89' lang='lat' dir='ltr'><strong>eleison.</strong></span> 
     </span>
    </p>

    <p class='ocr_par' dir='ltr' id='par_1_6' title="bbox 601 2976 1968 3304">
     <span class='ocr_line' id='line_1_19' title="bbox 705 2976 1968 3074; baseline -0.003 -20"><span class='ocrx_word' id='word_1_141' title='bbox 705 2978 880 3054; x_wconf 75' lang='lat' dir='ltr'><strong>Sacerdos</strong></span> <span class='ocrx_word' id='word_1_142' title='bbox 905 2978 1042 3047; x_wconf 80' lang='lat' dir='ltr'><strong>elevans</strong></span> <span class='ocrx_word' id='word_1_143' title='bbox 1067 3000 1192 3048; x_wconf 84' lang='lat' dir='ltr'><strong>vocem.</strong></span> <span class='ocrx_word' id='word_1_144' title='bbox 1244 2978 1387 3074; x_wconf 86' lang='lat' dir='ltr'><strong>Suscipe</strong></span> <span class='ocrx_word' id='word_1_145' title='bbox 1414 2980 1556 3050; x_wconf 88' lang='lat' dir='ltr'><strong>Domine</strong></span> <span class='ocrx_word' id='word_1_146' title='bbox 1582 2977 1787 3065; x_wconf 91' lang='lat' dir='ltr'><strong>oblationes,</strong></span> <span class='ocrx_word' id='word_1_147' title='bbox 1822 2976 1968 3050; x_wconf 87' lang='lat' dir='ltr'><strong>decimus</strong></span> 
     </span>
     <span class='ocr_line' id='line_1_20' title="bbox 602 3090 1968 3190; baseline -0.002 -24"><span class='ocrx_word' id='word_1_148' title='bbox 602 3104 637 3166; x_wconf 91' lang='lat' dir='ltr'><strong>et</strong></span> <span class='ocrx_word' id='word_1_149' title='bbox 661 3096 839 3190; x_wconf 81' lang='lat' dir='ltr'><strong>primitiae,</strong></span> <span class='ocrx_word' id='word_1_150' title='bbox 865 3090 1057 3187; x_wconf 83' lang='lat' dir='ltr'><strong>fructusque</strong></span> <span class='ocrx_word' id='word_1_151' title='bbox 1083 3095 1194 3188; x_wconf 90' lang='lat' dir='ltr'><strong>pacis,</strong></span> <span class='ocrx_word' id='word_1_152' title='bbox 1221 3094 1458 3166; x_wconf 83' lang='lat' dir='ltr'><strong>sacrificiorum</strong></span> <span class='ocrx_word' id='word_1_153' title='bbox 1486 3116 1660 3167; x_wconf 91' lang='lat' dir='ltr'><strong>servorum</strong></span> <span class='ocrx_word' id='word_1_154' title='bbox 1676 3103 1806 3166; x_wconf 90' lang='lat' dir='ltr'><strong>tuorum</strong></span> <span class='ocrx_word' id='word_1_155' title='bbox 1824 3096 1856 3163; x_wconf 90' lang='lat' dir='ltr'><strong>in</strong></span> <span class='ocrx_word' id='word_1_156' title='bbox 1877 3092 1968 3164; x_wconf 93' lang='lat' dir='ltr'><strong>odo-</strong></span> 
     </span>
     <span class='ocr_line' id='line_1_21' title="bbox 601 3206 1967 3304; baseline -0.001 -25"><span class='ocrx_word' id='word_1_157' title='bbox 601 3230 673 3280; x_wconf 91' lang='lat' dir='ltr'><strong>rem</strong></span> <span class='ocrx_word' id='word_1_158' title='bbox 700 3210 893 3295; x_wconf 88' lang='lat' dir='ltr'><strong>suavitatis,</strong></span> <span class='ocrx_word' id='word_1_159' title='bbox 929 3218 963 3280; x_wconf 90' lang='lat' dir='ltr'><strong>et</strong></span> <span class='ocrx_word' id='word_1_160' title='bbox 1001 3209 1147 3281; x_wconf 88' lang='lat' dir='ltr'><strong>retribue</strong></span> <span class='ocrx_word' id='word_1_161' title='bbox 1190 3218 1288 3304; x_wconf 88' lang='lat' dir='ltr'><strong>atque</strong></span> <span class='ocrx_word' id='word_1_162' title='bbox 1321 3215 1413 3283; x_wconf 89' lang='lat' dir='ltr'><strong>mitte</strong></span> <span class='ocrx_word' id='word_1_163' title='bbox 1447 3209 1561 3297; x_wconf 91' lang='lat' dir='ltr'><strong>nobis,</strong></span> <span class='ocrx_word' id='word_1_164' title='bbox 1597 3235 1618 3284; x_wconf 93' lang='lat' dir='ltr'><strong>o</strong></span> <span class='ocrx_word' id='word_1_165' title='bbox 1654 3206 1834 3301; x_wconf 89' lang='lat' dir='ltr'><strong>retributor</strong></span> <span class='ocrx_word' id='word_1_166' title='bbox 1866 3207 1967 3297; x_wconf 90' lang='lat' dir='ltr'><strong>bone,</strong></span> 
     </span>
    </p>
   </div>
   <div class='ocr_carea' id='block_1_3' title="bbox 600 3322 2078 3421">
    <p class='ocr_par' dir='ltr' id='par_1_7' title="bbox 600 3322 2078 3421">
     <span class='ocr_line' id='line_1_22' title="bbox 600 3322 2078 3421; baseline -0.001 -25"><span class='ocrx_word' id='word_1_167' title='bbox 600 3326 743 3417; x_wconf 86' lang='lat' dir='ltr'><strong>gratiam</strong></span> <span class='ocrx_word' id='word_1_168' title='bbox 770 3323 951 3411; x_wconf 90' lang='lat' dir='ltr'><strong>donorum,</strong></span> <span class='ocrx_word' id='word_1_169' title='bbox 980 3323 1289 3419; x_wconf 89' lang='lat' dir='ltr'><strong>amplitudinemque</strong></span> <span class='ocrx_word' id='word_1_170' title='bbox 1315 3348 1486 3415; x_wconf 88' lang='lat' dir='ltr'><strong>munerum</strong></span> <span class='ocrx_word' id='word_1_171' title='bbox 1513 3348 1599 3421; x_wconf 89' lang='lat' dir='ltr'><strong>quse</strong></span> <span class='ocrx_word' id='word_1_172' title='bbox 1632 3325 1673 3395; x_wconf 92' lang='lat' dir='ltr'><strong>ad</strong></span> <span class='ocrx_word' id='word_1_173' title='bbox 1707 3322 1864 3394; x_wconf 84' lang='lat' dir='ltr'><strong>auxilium</strong></span> <span class='ocrx_word' id='word_1_174' title='bbox 1897 3345 1966 3395; x_wconf 93' lang='lat' dir='ltr'><strong>no·</strong></span> <span class='ocrx_word' id='word_1_175' title='bbox 2072 3334 2078 3341; x_wconf 84' lang='grc'><em>’</em></span> 
     </span>
    </p>
   </div>
   <div class='ocr_carea' id='block_1_4' title="bbox 597 3438 2024 5155">
    <p class='ocr_par' dir='ltr' id='par_1_8' title="bbox 600 3438 1967 4000">
     <span class='ocr_line' id='line_1_23' title="bbox 603 3438 1967 3535; baseline -0.004 -22"><span class='ocrx_word' id='word_1_176' title='bbox 603 3450 707 3513; x_wconf 69' lang='lat' dir='ltr'><strong>suum</strong></span> <span class='ocrx_word' id='word_1_177' title='bbox 739 3449 908 3534; x_wconf 88' lang='lat' dir='ltr'><strong>spectant,</strong></span> <span class='ocrx_word' id='word_1_178' title='bbox 942 3438 1241 3535; x_wconf 89' lang='lat' dir='ltr'><strong>abundantiamque</strong></span> <span class='ocrx_word' id='word_1_179' title='bbox 1281 3452 1492 3514; x_wconf 90' lang='lat' dir='ltr'><strong>aeternorum</strong></span> <span class='ocrx_word' id='word_1_180' title='bbox 1533 3442 1714 3526; x_wconf 92' lang='lat' dir='ltr'><strong>bonorum,</strong></span> <span class='ocrx_word' id='word_1_181' title='bbox 1748 3438 1868 3509; x_wconf 89' lang='lat' dir='ltr'><strong>divites</strong></span> <span class='ocrx_word' id='word_1_182' title='bbox 1903 3457 1967 3509; x_wconf 88' lang='lat' dir='ltr'><strong>nos</strong></span> 
     </span>
     <span class='ocr_line' id='line_1_24' title="bbox 601 3552 1967 3650; baseline -0.004 -23"><span class='ocrx_word' id='word_1_183' title='bbox 601 3563 637 3627; x_wconf 90' lang='lat' dir='ltr'><strong>et</strong></span> <span class='ocrx_word' id='word_1_184' title='bbox 660 3552 736 3627; x_wconf 92' lang='lat' dir='ltr'><strong>illos</strong></span> <span class='ocrx_word' id='word_1_185' title='bbox 763 3553 911 3644; x_wconf 82' lang='lat' dir='ltr'><strong>faciem,</strong></span> <span class='ocrx_word' id='word_1_186' title='bbox 938 3554 1095 3650; x_wconf 88' lang='lat' dir='ltr'><strong>operibus</strong></span> <span class='ocrx_word' id='word_1_187' title='bbox 1111 3559 1261 3650; x_wconf 89' lang='lat' dir='ltr'><strong>pietatis,</strong></span> <span class='ocrx_word' id='word_1_188' title='bbox 1290 3567 1323 3629; x_wconf 91' lang='lat' dir='ltr'><strong>et</strong></span> <span class='ocrx_word' id='word_1_189' title='bbox 1336 3561 1498 3650; x_wconf 88' lang='lat' dir='ltr'><strong>justitiae:</strong></span> <span class='ocrx_word' id='word_1_190' title='bbox 1525 3558 1752 3630; x_wconf 92' lang='lat' dir='ltr'><strong>communiens</strong></span> <span class='ocrx_word' id='word_1_191' title='bbox 1768 3574 1831 3625; x_wconf 86' lang='lat' dir='ltr'><strong>nos</strong></span> <span class='ocrx_word' id='word_1_192' title='bbox 1848 3561 1967 3623; x_wconf 90' lang='lat' dir='ltr'><strong>custo-</strong></span> 
     </span>
     <span class='ocr_line' id='line_1_25' title="bbox 601 3668 1966 3765; baseline -0.001 -21"><span class='ocrx_word' id='word_1_193' title='bbox 601 3669 664 3744; x_wconf 87' lang='lat' dir='ltr'><strong>tite</strong></span> <span class='ocrx_word' id='word_1_194' title='bbox 701 3669 891 3762; x_wconf 77' lang='lat' dir='ltr'><strong>Argolicis,</strong></span> <span class='ocrx_word' id='word_1_195' title='bbox 932 3680 966 3741; x_wconf 93' lang='lat' dir='ltr'><strong>et</strong></span> <span class='ocrx_word' id='word_1_196' title='bbox 997 3692 1058 3764; x_wconf 90' lang='lat' dir='ltr'><strong>per</strong></span> <span class='ocrx_word' id='word_1_197' title='bbox 1094 3670 1342 3745; x_wconf 86' lang='lat' dir='ltr'><strong>confessionem</strong></span> <span class='ocrx_word' id='word_1_198' title='bbox 1376 3672 1617 3745; x_wconf 89' lang='lat' dir='ltr'><strong>immaculatam</strong></span> <span class='ocrx_word' id='word_1_199' title='bbox 1651 3683 1686 3744; x_wconf 91' lang='lat' dir='ltr'><strong>et</strong></span> <span class='ocrx_word' id='word_1_200' title='bbox 1718 3668 1966 3765; x_wconf 86' lang='lat' dir='ltr'><strong>Apostolicam:</strong></span> 
     </span>
     <span class='ocr_line' id='line_1_26' title="bbox 601 3785 1966 3883; baseline -0.003 -24"><span class='ocrx_word' id='word_1_201' title='bbox 601 3788 679 3882; x_wconf 78' lang='lat' dir='ltr'><strong>quia</strong></span> <span class='ocrx_word' id='word_1_202' title='bbox 710 3794 746 3857; x_wconf 87' lang='lat' dir='ltr'><strong>tu</strong></span> <span class='ocrx_word' id='word_1_203' title='bbox 779 3785 971 3877; x_wconf 86' lang='lat' dir='ltr'><strong>magnificus</strong></span> <span class='ocrx_word' id='word_1_204' title='bbox 1007 3787 1040 3856; x_wconf 90' lang='lat' dir='ltr'><strong>in</strong></span> <span class='ocrx_word' id='word_1_205' title='bbox 1074 3786 1264 3860; x_wconf 89' lang='lat' dir='ltr'><strong>muneribus</strong></span> <span class='ocrx_word' id='word_1_206' title='bbox 1291 3809 1348 3877; x_wconf 91' lang='lat' dir='ltr'><strong>es,</strong></span> <span class='ocrx_word' id='word_1_207' title='bbox 1381 3788 1506 3883; x_wconf 87' lang='lat' dir='ltr'><strong>tibique</strong></span> <span class='ocrx_word' id='word_1_208' title='bbox 1546 3788 1688 3880; x_wconf 86' lang='lat' dir='ltr'><strong>gloriam</strong></span> <span class='ocrx_word' id='word_1_209' title='bbox 1722 3797 1756 3858; x_wconf 91' lang='lat' dir='ltr'><strong>et</strong></span> <span class='ocrx_word' id='word_1_210' title='bbox 1787 3788 1966 3877; x_wconf 82' lang='lat' dir='ltr'><strong>gratiarum</strong></span> 
     </span>
     <span class='ocr_line' id='line_1_27' title="bbox 600 3900 1914 4000; baseline 0.001 -28"><span class='ocrx_word' id='word_1_211' title='bbox 600 3904 766 3974; x_wconf 91' lang='lat' dir='ltr'><strong>actionem</strong></span> <span class='ocrx_word' id='word_1_212' title='bbox 792 3900 983 3988; x_wconf 87' lang='lat' dir='ltr'><strong>referimus,</strong></span> <span class='ocrx_word' id='word_1_213' title='bbox 1011 3910 1045 3972; x_wconf 93' lang='lat' dir='ltr'><strong>et</strong></span> <span class='ocrx_word' id='word_1_214' title='bbox 1070 3904 1241 3994; x_wconf 88' lang='lat' dir='ltr'><strong>unigenito</strong></span> <span class='ocrx_word' id='word_1_215' title='bbox 1267 3903 1352 3976; x_wconf 85' lang='lat' dir='ltr'><strong>Filio</strong></span> <span class='ocrx_word' id='word_1_216' title='bbox 1380 3915 1453 3994; x_wconf 94' lang='lat' dir='ltr'><strong>tuo,</strong></span> <span class='ocrx_word' id='word_1_217' title='bbox 1481 3914 1515 3976; x_wconf 89' lang='lat' dir='ltr'><strong>et</strong></span> <span class='ocrx_word' id='word_1_218' title='bbox 1541 3905 1676 4000; x_wconf 88' lang='lat' dir='ltr'><strong>Spiritui</strong></span> <span class='ocrx_word' id='word_1_219' title='bbox 1703 3912 1818 3976; x_wconf 89' lang='lat' dir='ltr'><strong>sancto</strong></span> <span class='ocrx_word' id='word_1_220' title='bbox 1847 3911 1914 3974; x_wconf 90' lang='lat' dir='ltr'><strong>tuo.</strong></span> 
     </span>
    </p>

    <p class='ocr_par' dir='ltr' id='par_1_9' title="bbox 705 4016 1039 4111">
     <span class='ocr_line' id='line_1_28' title="bbox 705 4016 1039 4111; baseline -0.003 -23"><span class='ocrx_word' id='word_1_221' title='bbox 705 4017 867 4111; x_wconf 81' lang='lat' dir='ltr'><strong>Populos.</strong></span> <span class='ocrx_word' id='word_1_222' title='bbox 919 4016 1039 4088; x_wconf 81' lang='lat' dir='ltr'><strong>Amen.</strong></span> 
     </span>
    </p>

    <p class='ocr_par' dir='ltr' id='par_1_10' title="bbox 598 4130 2024 4459">
     <span class='ocr_line' id='line_1_29' title="bbox 706 4130 2024 4223; baseline 0.002 -19"><span class='ocrx_word' id='word_1_223' title='bbox 706 4132 881 4205; x_wconf 80' lang='lat' dir='ltr'><strong>Sacerdos</strong></span> <span class='ocrx_word' id='word_1_224' title='bbox 907 4134 1098 4204; x_wconf 80' lang='lat' dir='ltr'><strong>inclinatas.</strong></span> <span class='ocrx_word' id='word_1_225' title='bbox 1150 4134 1319 4204; x_wconf 87' lang='lat' dir='ltr'><strong>Memento</strong></span> <span class='ocrx_word' id='word_1_226' title='bbox 1345 4130 1488 4203; x_wconf 90' lang='lat' dir='ltr'><strong>Domine</strong></span> <span class='ocrx_word' id='word_1_227' title='bbox 1514 4131 1644 4223; x_wconf 88' lang='lat' dir='ltr'><strong>Regum</strong></span> <span class='ocrx_word' id='word_1_228' title='bbox 1671 4130 1813 4205; x_wconf 87' lang='lat' dir='ltr'><strong>fidelium</strong></span> <span class='ocrx_word' id='word_1_229' title='bbox 1837 4130 1966 4206; x_wconf 90' lang='lat' dir='ltr'><strong>Ortho-</strong></span> <span class='ocrx_word' id='word_1_230' title='bbox 2022 4182 2024 4191; x_wconf 37' lang='grc' dir='ltr'>ι</span> 
     </span>
     <span class='ocr_line' id='line_1_30' title="bbox 599 4247 1969 4345; baseline -0.001 -23"><span class='ocrx_word' id='word_1_231' title='bbox 599 4249 787 4342; x_wconf 69' lang='lat' dir='ltr'><strong>doxomm,</strong></span> <span class='ocrx_word' id='word_1_232' title='bbox 815 4258 848 4320; x_wconf 93' lang='lat' dir='ltr'><strong>et</strong></span> <span class='ocrx_word' id='word_1_233' title='bbox 879 4247 1016 4343; x_wconf 90' lang='lat' dir='ltr'><strong>pacifica</strong></span> <span class='ocrx_word' id='word_1_234' title='bbox 1051 4252 1223 4345; x_wconf 90' lang='lat' dir='ltr'><strong>imperium</strong></span> <span class='ocrx_word' id='word_1_235' title='bbox 1250 4270 1384 4334; x_wconf 88' lang='lat' dir='ltr'><strong>eorum,</strong></span> <span class='ocrx_word' id='word_1_236' title='bbox 1425 4259 1459 4319; x_wconf 92' lang='lat' dir='ltr'><strong>et</strong></span> <span class='ocrx_word' id='word_1_237' title='bbox 1493 4247 1534 4318; x_wconf 91' lang='lat' dir='ltr'><strong>da</strong></span> <span class='ocrx_word' id='word_1_238' title='bbox 1568 4248 1631 4319; x_wconf 92' lang='lat' dir='ltr'><strong>illis</strong></span> <span class='ocrx_word' id='word_1_239' title='bbox 1668 4258 1704 4319; x_wconf 91' lang='lat' dir='ltr'><strong>ut</strong></span> <span class='ocrx_word' id='word_1_240' title='bbox 1730 4248 1877 4321; x_wconf 91' lang='lat' dir='ltr'><strong>subditos</strong></span> <span class='ocrx_word' id='word_1_241' title='bbox 1905 4247 1969 4321; x_wconf 91' lang='lat' dir='ltr'><strong>sibi</strong></span> 
     </span>
     <span class='ocr_line' id='line_1_31' title="bbox 598 4363 1089 4459; baseline -0.004 -22"><span class='ocrx_word' id='word_1_242' title='bbox 598 4363 788 4458; x_wconf 81' lang='lat' dir='ltr'><strong>gubernent</strong></span> <span class='ocrx_word' id='word_1_243' title='bbox 814 4387 887 4435; x_wconf 91' lang='lat' dir='ltr'><strong>cnm</strong></span> <span class='ocrx_word' id='word_1_244' title='bbox 916 4368 1089 4459; x_wconf 87' lang='lat' dir='ltr'><strong>aequitate.</strong></span> 
     </span>
    </p>

    <p class='ocr_par' dir='ltr' id='par_1_11' title="bbox 705 4480 1188 4576">
     <span class='ocr_line' id='line_1_32' title="bbox 705 4480 1188 4576; baseline -0.006 -23"><span class='ocrx_word' id='word_1_245' title='bbox 705 4481 865 4574; x_wconf 85' lang='lat' dir='ltr'><strong>Populos.</strong></span> <span class='ocrx_word' id='word_1_246' title='bbox 919 4481 1024 4576; x_wconf 78' lang='lat' dir='ltr'><strong>llyrie</strong></span> <span class='ocrx_word' id='word_1_247' title='bbox 1051 4480 1188 4554; x_wconf 91' lang='lat' dir='ltr'><strong>eleison.</strong></span> 
     </span>
    </p>

    <p class='ocr_par' dir='ltr' id='par_1_12' title="bbox 597 4593 1965 5155">
     <span class='ocr_line' id='line_1_33' title="bbox 705 4593 1963 4686; baseline -0.002 -17"><span class='ocrx_word' id='word_1_248' title='bbox 705 4597 879 4669; x_wconf 84' lang='lat' dir='ltr'><strong>Sacerdos</strong></span> <span class='ocrx_word' id='word_1_249' title='bbox 905 4597 1041 4668; x_wconf 77' lang='lat' dir='ltr'><strong>elevans</strong></span> <span class='ocrx_word' id='word_1_250' title='bbox 1066 4620 1190 4668; x_wconf 84' lang='lat' dir='ltr'><strong>vocem.</strong></span> <span class='ocrx_word' id='word_1_251' title='bbox 1243 4594 1433 4683; x_wconf 83' lang='lat' dir='ltr'><strong>Defensor,</strong></span> <span class='ocrx_word' id='word_1_252' title='bbox 1460 4603 1494 4664; x_wconf 89' lang='lat' dir='ltr'><strong>et</strong></span> <span class='ocrx_word' id='word_1_253' title='bbox 1520 4593 1669 4667; x_wconf 88' lang='lat' dir='ltr'><strong>salvator</strong></span> <span class='ocrx_word' id='word_1_254' title='bbox 1695 4605 1781 4686; x_wconf 90' lang='lat' dir='ltr'><strong>esto,</strong></span> <span class='ocrx_word' id='word_1_255' title='bbox 1808 4599 1963 4685; x_wconf 89' lang='lat' dir='ltr'><strong>Domine,</strong></span> 
     </span>
     <span class='ocr_line' id='line_1_34' title="bbox 597 4709 1965 4807; baseline -0.004 -21"><span class='ocrx_word' id='word_1_256' title='bbox 597 4711 776 4786; x_wconf 81' lang='lat' dir='ltr'><strong>Ecclesiae</strong></span> <span class='ocrx_word' id='word_1_257' title='bbox 815 4723 892 4784; x_wconf 90' lang='lat' dir='ltr'><strong>tuae</strong></span> <span class='ocrx_word' id='word_1_258' title='bbox 934 4722 1087 4801; x_wconf 91' lang='lat' dir='ltr'><strong>sanctae,</strong></span> <span class='ocrx_word' id='word_1_259' title='bbox 1128 4721 1161 4783; x_wconf 96' lang='lat' dir='ltr'><strong>et</strong></span> <span class='ocrx_word' id='word_1_260' title='bbox 1205 4711 1356 4784; x_wconf 91' lang='lat' dir='ltr'><strong>omnibus</strong></span> <span class='ocrx_word' id='word_1_261' title='bbox 1395 4709 1514 4782; x_wconf 91' lang='lat' dir='ltr'><strong>ovibus</strong></span> <span class='ocrx_word' id='word_1_262' title='bbox 1558 4710 1781 4805; x_wconf 91' lang='lat' dir='ltr'><strong>spiritualibus</strong></span> <span class='ocrx_word' id='word_1_263' title='bbox 1819 4734 1965 4807; x_wconf 87' lang='lat' dir='ltr'><strong>pascuae</strong></span> 
     </span>
     <span class='ocr_line' id='line_1_35' title="bbox 599 4824 1965 4923; baseline -0.004 -22"><span class='ocrx_word' id='word_1_264' title='bbox 599 4838 695 4901; x_wconf 87' lang='lat' dir='ltr'><strong>tune:</strong></span> <span class='ocrx_word' id='word_1_265' title='bbox 723 4838 758 4899; x_wconf 91' lang='lat' dir='ltr'><strong>et</strong></span> <span class='ocrx_word' id='word_1_266' title='bbox 783 4829 879 4901; x_wconf 89' lang='lat' dir='ltr'><strong>salva</strong></span> <span class='ocrx_word' id='word_1_267' title='bbox 905 4852 968 4902; x_wconf 90' lang='lat' dir='ltr'><strong>nos</strong></span> <span class='ocrx_word' id='word_1_268' title='bbox 993 4850 1054 4923; x_wconf 90' lang='lat' dir='ltr'><strong>per</strong></span> <span class='ocrx_word' id='word_1_269' title='bbox 1080 4827 1302 4899; x_wconf 87' lang='lat' dir='ltr'><strong>fortitudinem</strong></span> <span class='ocrx_word' id='word_1_270' title='bbox 1329 4837 1435 4913; x_wconf 91' lang='lat' dir='ltr'><strong>tuam,</strong></span> <span class='ocrx_word' id='word_1_271' title='bbox 1470 4828 1522 4897; x_wconf 88' lang='lat' dir='ltr'><strong>cui</strong></span> <span class='ocrx_word' id='word_1_272' title='bbox 1553 4826 1632 4897; x_wconf 91' lang='lat' dir='ltr'><strong>nihil</strong></span> <span class='ocrx_word' id='word_1_273' title='bbox 1666 4824 1868 4920; x_wconf 88' lang='lat' dir='ltr'><strong>impossibile</strong></span> <span class='ocrx_word' id='word_1_274' title='bbox 1902 4838 1965 4916; x_wconf 77' lang='lat' dir='ltr'><strong>est,</strong></span> 
     </span>
     <span class='ocr_line' id='line_1_36' title="bbox 599 4939 1963 5036; baseline -0.002 -20"><span class='ocrx_word' id='word_1_275' title='bbox 599 4941 645 5016; x_wconf 87' lang='lat' dir='ltr'><strong>ab</strong></span> <span class='ocrx_word' id='word_1_276' title='bbox 672 4946 760 5016; x_wconf 92' lang='lat' dir='ltr'><strong>omni</strong></span> <span class='ocrx_word' id='word_1_277' title='bbox 778 4943 874 5015; x_wconf 61' lang='lat' dir='ltr'><strong>xlanne</strong></span> <span class='ocrx_word' id='word_1_278' title='bbox 900 4943 1044 5032; x_wconf 87' lang='lat' dir='ltr'><strong>acerba,</strong></span> <span class='ocrx_word' id='word_1_279' title='bbox 1070 4942 1268 5014; x_wconf 87' lang='lat' dir='ltr'><strong>mortalitate</strong></span> <span class='ocrx_word' id='word_1_280' title='bbox 1294 4944 1501 5036; x_wconf 90' lang='lat' dir='ltr'><strong>perniciosa,</strong></span> <span class='ocrx_word' id='word_1_281' title='bbox 1534 4964 1553 5011; x_wconf 89' lang='lat' dir='ltr'><strong>a</strong></span> <span class='ocrx_word' id='word_1_282' title='bbox 1579 4941 1676 5013; x_wconf 89' lang='lat' dir='ltr'><strong>bellis</strong></span> <span class='ocrx_word' id='word_1_283' title='bbox 1704 4952 1737 5012; x_wconf 91' lang='lat' dir='ltr'><strong>et</strong></span> <span class='ocrx_word' id='word_1_284' title='bbox 1763 4939 1963 5029; x_wconf 88' lang='lat' dir='ltr'><strong>tumultibus,</strong></span> 
     </span>
     <span class='ocr_line' id='line_1_37' title="bbox 601 5053 1964 5155; baseline -0.003 -23"><span class='ocrx_word' id='word_1_285' title='bbox 601 5082 625 5132; x_wconf 86' lang='lat' dir='ltr'><strong>e</strong></span> <span class='ocrx_word' id='word_1_286' title='bbox 649 5060 937 5155; x_wconf 89' lang='lat' dir='ltr'><strong>persecutionibus</strong></span> <span class='ocrx_word' id='word_1_287' title='bbox 965 5059 1154 5131; x_wconf 87' lang='lat' dir='ltr'><strong>exitialibus</strong></span> <span class='ocrx_word' id='word_1_288' title='bbox 1182 5068 1215 5129; x_wconf 92' lang='lat' dir='ltr'><strong>et</strong></span> <span class='ocrx_word' id='word_1_289' title='bbox 1241 5062 1272 5129; x_wconf 90' lang='lat' dir='ltr'><strong>in</strong></span> <span class='ocrx_word' id='word_1_290' title='bbox 1300 5055 1531 5151; x_wconf 77' lang='lat' dir='ltr'><strong>banquillitate</strong></span> <span class='ocrx_word' id='word_1_291' title='bbox 1558 5068 1591 5129; x_wconf 92' lang='lat' dir='ltr'><strong>et</strong></span> <span class='ocrx_word' id='word_1_292' title='bbox 1617 5077 1701 5151; x_wconf 90' lang='lat' dir='ltr'><strong>pace</strong></span> <span class='ocrx_word' id='word_1_293' title='bbox 1727 5053 1875 5146; x_wconf 84' lang='lat' dir='ltr'><strong>guberrm</strong></span> <span class='ocrx_word' id='word_1_294' title='bbox 1901 5078 1964 5128; x_wconf 88' lang='lat' dir='ltr'><strong>nos</strong></span> 
     </span>
    </p>
   </div>
   <div class='ocr_carea' id='block_1_5' title="bbox 599 5168 1963 5272">
    <p class='ocr_par' dir='ltr' id='par_1_13' title="bbox 599 5168 1963 5272">
     <span class='ocr_line' id='line_1_38' title="bbox 599 5168 1963 5272; baseline -0.004 -24"><span class='ocrx_word' id='word_1_295' title='bbox 599 5198 675 5248; x_wconf 91' lang='lat' dir='ltr'><strong>cum</strong></span> <span class='ocrx_word' id='word_1_296' title='bbox 703 5198 799 5266; x_wconf 89' lang='lat' dir='ltr'><strong>cura,</strong></span> <span class='ocrx_word' id='word_1_297' title='bbox 827 5173 977 5248; x_wconf 87' lang='lat' dir='ltr'><strong>omnibns</strong></span> <span class='ocrx_word' id='word_1_298' title='bbox 1005 5173 1238 5272; x_wconf 88' lang='lat' dir='ltr'><strong>diebusvitae</strong></span> <span class='ocrx_word' id='word_1_299' title='bbox 1269 5184 1427 5259; x_wconf 92' lang='lat' dir='ltr'><strong>nostrae,</strong></span> <span class='ocrx_word' id='word_1_300' title='bbox 1459 5174 1535 5268; x_wconf 85' lang='lat' dir='ltr'><strong>qnia</strong></span> <span class='ocrx_word' id='word_1_301' title='bbox 1569 5195 1636 5244; x_wconf 91' lang='lat' dir='ltr'><strong>uon</strong></span> <span class='ocrx_word' id='word_1_302' title='bbox 1671 5181 1722 5241; x_wconf 93' lang='lat' dir='ltr'><strong>est</strong></span> <span class='ocrx_word' id='word_1_303' title='bbox 1754 5168 1851 5244; x_wconf 92' lang='lat' dir='ltr'><strong>nobis</strong></span> <span class='ocrx_word' id='word_1_304' title='bbox 1884 5192 1963 5266; x_wconf 88' lang='lat' dir='ltr'><strong>spes</strong></span> 
     </span>
    </p>
   </div>
   <div class='ocr_carea' id='block_1_6' title="bbox 599 5287 1964 5479">
    <p class='ocr_par' dir='ltr' id='par_1_14' title="bbox 599 5287 1964 5479">
     <span class='ocr_line' id='line_1_39' title="bbox 599 5287 1964 5387; baseline -0.006 -22"><span class='ocrx_word' id='word_1_305' title='bbox 599 5290 666 5365; x_wconf 86' lang='lat' dir='ltr'><strong>elia</strong></span> <span class='ocrx_word' id='word_1_306' title='bbox 693 5291 832 5364; x_wconf 88' lang='lat' dir='ltr'><strong>salutem</strong></span> <span class='ocrx_word' id='word_1_307' title='bbox 858 5291 1102 5387; x_wconf 87' lang='lat' dir='ltr'><strong>consequendi,</strong></span> <span class='ocrx_word' id='word_1_308' title='bbox 1136 5293 1199 5362; x_wconf 90' lang='lat' dir='ltr'><strong>nisi</strong></span> <span class='ocrx_word' id='word_1_309' title='bbox 1232 5294 1265 5362; x_wconf 93' lang='lat' dir='ltr'><strong>in</strong></span> <span class='ocrx_word' id='word_1_310' title='bbox 1302 5301 1355 5379; x_wconf 89' lang='lat' dir='ltr'><strong>te,</strong></span> <span class='ocrx_word' id='word_1_311' title='bbox 1388 5288 1540 5361; x_wconf 89' lang='lat' dir='ltr'><strong>Domine.</strong></span> <span class='ocrx_word' id='word_1_312' title='bbox 1591 5287 1737 5361; x_wconf 88' lang='lat' dir='ltr'><strong>Destrue</strong></span> <span class='ocrx_word' id='word_1_313' title='bbox 1770 5292 1868 5361; x_wconf 90' lang='lat' dir='ltr'><strong>etiam</strong></span> <span class='ocrx_word' id='word_1_314' title='bbox 1902 5308 1964 5383; x_wconf 91' lang='lat' dir='ltr'><strong>per</strong></span> 
     </span>
     <span class='ocr_line' id='line_1_40' title="bbox 652 5406 1763 5479; baseline 0.006 -7"><span class='ocrx_word' id='word_1_315' title='bbox 652 5430 775 5473; x_wconf 70' lang='lat' dir='ltr'><strong>roman</strong></span> <span class='ocrx_word' id='word_1_316' title='bbox 1717 5406 1763 5479; x_wconf 86' lang='lat'><strong>31</strong></span> 
     </span>
    </p>
   </div>
   <div class='ocr_carea' id='block_1_7' title="bbox 0 0 2580 6534">
    <p class='ocr_par' dir='ltr' id='par_1_15' title="bbox 0 0 2580 6534">
     <span class='ocr_line' id='line_1_41' title="bbox 0 0 2580 6534; baseline 0 0"><span class='ocrx_word' id='word_1_317' title='bbox 0 0 2580 6534; x_wconf 95' lang='lat' dir='ltr'><strong> </strong></span> 
     </span>
    </p>
   </div>
  </div>
 </body>
</html>
