5150 6534
1028 1236 1553 1418 titubant

700 1571 923 1690 IGNlllll
958 1572 1360 1690 Pulllllrllldlldll
1418 1597 1441 1660 ¹·
1484 1573 1862 1718 auditorium,

855 1797 919 1883 out
945 1795 1063 1870 ETldll
1089 1794 1226 1870 ordros
1253 1795 1323 1871 EST
1349 1794 1491 1870 ιΙΟὸΕΡΗ
1517 1795 1549 1870 F.
1577 1796 1706 1870 lellb.

1145 2067 1266 2138 Oratio
1294 2066 1410 2137 Pacis.

664 2263 780 2365 Dans
808 2288 981 2363 absondite
1009 2302 1042 2362 et
1069 2288 1423 2384 incomprehensibilis
1456 2287 1565 2359 abdite
1599 2299 1632 2359 et
1665 2289 1818 2376 excelse,
1855 2313 1966 2386 neque

595 2407 852 2499 investigabilisq
879 2406 1096 2501 tranquillitas
1113 2429 1350 2501 supernorum,
1378 2417 1410 2476 et
1426 2405 1631 2494 interiorum,
1658 2406 1758 2477 Pater
1771 2411 1878 2478 omnis
1896 2430 1965 2501 pa-

594 2526 755 2594 ternitatis
782 2533 815 2593 et
841 2523 1003 2594 Dominus
1015 2525 1156 2593 omnium
1172 2522 1445 2594 dominationum:
1473 2524 1528 2615 qui
1541 2544 1602 2615 per
1622 2520 1756 2592 cllusam
1776 2522 1965 2613 largitatem

595 2643 828 2718 immensorum
866 2639 1102 2710 beneficIorum
1140 2647 1269 2709 tuorum
1309 2641 1442 2708 seruisti
1475 2660 1592 2732 pacem
1629 2647 1662 2706 et
1698 2636 1964 2731 tranquillitatem

594 2758 679 2825 inter
706 2758 837 2850 spiritus
864 2764 897 2824 et
925 2757 1065 2842 animas,
1093 2764 1295 2846 naturasque
1323 2777 1342 2824 a
1370 2776 1408 2825 sa
1435 2754 1579 2824 invicem
1596 2752 1729 2824 dissitas
1751 2757 1964 2847 conjunxisti,

594 2873 703 2964 posito
730 2870 840 2966 lapide
867 2870 1016 2962 angulari
1043 2867 1213 2961 unigenito
1245 2869 1330 2942 Filio
1364 2881 1441 2940 tuo:
1474 2891 1591 2965 pacem
1624 2868 1774 2940 concede
1810 2874 1964 2943 societati
2077 2872 2087 2881 ”

594 2998 728 3059 nostrae
754 3010 816 3083 per
844 2989 1015 3058 caritatem
1043 2996 1145 3057 tuam:
1174 2985 1322 3057 accende
1348 2995 1475 3056 mentes
1502 2992 1636 3057 nostras
1664 3007 1779 3056 amore
1806 2994 1877 3057 tuo:
1906 2986 1963 3057 di—

593 3105 667 3194 rige
694 3106 917 3194 cogitationes
943 3111 1076 3173 nostras
1105 3100 1146 3171 ad
1174 3111 1223 3173 tc:
1250 3099 1306 3173 fac
1333 3123 1478 3192 regnare
1504 3103 1538 3171 in
1564 3101 1660 3172 nobis
1696 3101 1962 3196 tranquillitatem

593 3229 627 3288 et
652 3242 768 3314 pacem
796 3230 903 3307 tuam,
930 3230 1131 3313 praestaque
1156 3215 1274 3305 nobis,
1302 3226 1338 3288 ut
1364 3239 1427 3287 una
1455 3226 1574 3287 catena
1610 3216 1770 3311 spirituali
1803 3217 1963 3309 colligati,

591 3357 768 3430 precemur
794 3320 890 3406 nobis
916 3353 1034 3429 pacem
1060 3343 1202 3405 mutuam
1230 3336 1263 3403 in
1298 3332 1413 3404 osculo
1449 3343 1565 3403 sancto
1601 3341 1634 3402 et
1666 3332 1723 3404 tibi
1754 3327 1894 3426 placito,
1927 3345 1964 3406 ut

593 3454 695 3521 simus
722 3474 821 3522 unum
848 3473 970 3544 corpus
998 3452 1113 3543 capitis
1142 3448 1264 3521 Christi
1291 3451 1450 3539 unigeniti
1477 3447 1551 3518 Filii
1584 3451 1651 3536 tui,
1686 3447 1962 3542 quemadmodum

592 3576 625 3636 tu
653 3590 726 3637 cum
753 3566 809 3639 illo
837 3588 920 3637 unus
947 3587 1003 3655 οε,
1037 3564 1164 3659 absque
1195 3564 1360 3636 divisione
1393 3563 1574 3636 secundum
1607 3562 1822 3635 substantiam
1858 3572 1958 3637 tuam.

591 3681 658 3752 Pcr
685 3706 759 3753 oum
787 3694 919 3754 etcum
948 3705 989 3754 eo
1018 3689 1049 3750 to
1077 3680 1173 3750 decet
1198 3679 1326 3770 gloria,
1352 3678 1459 3751 lionor
1485 3688 1520 3750 ot
1544 3682 1716 3772 imperium
1726 3707 1741 3763 ,¹
1772 3701 1846 3748 cum
1873 3680 1959 3771 Spi-

592 3798 655 3866 ritu
683 3806 737 3867 tuo
756 3800 981 3882 sanctissimo,
1008 3793 1115 3881 bono,
1145 3795 1334 3883 adorando,
1362 3796 1565 3884 vivificante,
1592 3793 1717 3887 tibique
1733 3793 1961 3867 consubstan-

592 3912 661 3983 tiali
686 3934 788 3998 nunc,
815 3923 878 3982 etc.

695 4028 856 4122 Populus.
908 4030 1027 4100 Amen.

694 4143 877 4216 Sacerdos.
931 4143 1015 4216 Pax.

695 4260 856 4353 Populus.
909 4259 953 4331 Et
980 4284 1053 4332 cum
1081 4263 1195 4354 spiritu
1222 4270 1288 4331 tuo.

694 4377 881 4447 Diaconos.
934 4377 1001 4447 Det
1027 4379 1251 4472 unusquisque
1276 4399 1405 4472 pacem.

694 4490 878 4564 Sacerdos.
931 4493 1041 4588 Super
1067 4516 1138 4581 eos,
1165 4494 1320 4581 Domine,
1349 4496 1403 4585 qui
1420 4491 1630 4563 credidemnt
1655 4493 1830 4560 veritatem
1856 4497 1958 4578 tuam,

592 4607 734 4701 qui‘per
761 4611 929 4680 caritatem
957 4619 1045 4679 tuam
1072 4612 1169 4696 uniti,
1206 4619 1239 4679 et
1272 4610 1438 4698 conjuncti
1473 4618 1548 4678 sunt
1579 4629 1641 4703 per
1673 4627 1818 4676 amorem
1855 4614 1956 4692 tuum,

592 4726 711 4819 quique
738 4728 874 4796 cervice
902 4725 1046 4798 demissa
1072 4723 1325 4796 humiliaverunt
1351 4728 1459 4820 capita
1487 4746 1547 4794 sua
1569 4745 1682 4795 coram
1700 4725 1875 4814 majestate
1888 4729 1957 4807 tua,

590 4842 680 4910 mitte
708 4837 839 4910 divitias
865 4840 1129 4913 benedictionum
1162 4864 1181 4911 a
1210 4840 1291 4911 sede
1317 4840 1447 4933 gloriae
1473 4853 1566 4912 tuae:
1605 4837 1745 4909 benedic
1777 4859 1837 4909 eos
1864 4835 1957 4907 dex-

590 4966 661 5026 tera
689 4963 765 5039 rua,
793 4965 826 5025 et
853 4957 958 5028 adduc
985 4979 1045 5029 cos
1072 4956 1132 5028 sub
1160 4955 1307 5028 umbram
1334 4969 1438 5028 tuam:
1466 4956 1586 5051 lacque
1613 4977 1674 5026 eos
1701 4953 1819 5045 dignos
1846 4953 1957 5045 gloria

590 5069 769 5163 decuplioi‚
797 5084 830 5144 et
856 5071 953 5145 bonis
988 5075 1108 5146 novies
1140 5073 1376 5169 multiplicatis,
1411 5096 1497 5167 quae
1528 5073 1734 5167 praeparasti
1766 5067 1955 5141 timentibus

589 5206 709 5259 nomen
737 5197 840 5259 tuum:
869 5201 903 5260 et
929 5189 1112 5260 reseremus
1140 5187 1197 5258 tibi
1223 5189 1364 5280 gloriam
1393 5197 1426 5258 et
1452 5187 1601 5274 laudem,
1628 5189 1863 5279 unigenitoque
1889 5182 1954 5256 Fi-

586 5303 631 5376 lio
660 5313 730 5395 tuo,
761 5313 793 5374 et
820 5303 955 5400 Spiritui
982 5315 1038 5377 tuo
1066 5307 1283 5377 sanctissimo.
