5150 6534
594 831 667 906 182
1097 773 1455 908 urrurcrn

593 1027 855 1091 commorantes:
894 1029 930 1090 ut
963 1021 996 1090 in
1033 1018 1097 1092 hoc
1131 1021 1218 1091 sicut
1246 1019 1280 1089 in
1312 1016 1463 1090 omnibus
1499 1015 1671 1104 laudetur,
1705 999 1740 1088 et
1770 1011 1963 1088 celebretur

523 1159 528 1169 ·
591 1156 714 1207 nomen
741 1146 830 1207 tuum
845 1135 1002 1207 'mammo
1027 1132 1273 1228 honorandum,
1306 1144 1340 1205 et
1364 1131 1596 1242 benedictum,
1631 1129 1791 1226 simulque
1825 1128 1963 1204 Domini

591 1254 697 1324 nostri
723 1252 806 1324 lesu
833 1250 974 1338 Christi,
1001 1258 1035 1321 et
1060 1248 1202 1346 Spiritus
1229 1253 1275 1322 tui
1302 1253 1417 1322 scach.

693 1367 855 1460 Papulas.
878 1364 932 1437 Ut.

693 1482 878 1553 Sacerdos.
905 1483 989 1554 Pax.

695 1598 857 1690 Populos.
883 1594 928 1667 ur
954 1617 1028 1667 cum
1054 1598 1170 1690 spiritu
1197 1605 1263 1667 tuo.

696 1712 880 1783 Sacerdos.
909 1711 991 1782 Sint.

694 1825 855 1920 Populus.
881 1825 926 1897 Et
951 1849 1026 1898 cum
1053 1827 1168 1921 spiritu
1194 1834 1260 1897 tuo.

695 1944 742 2013 Et
770 1943 864 2013 dicit.
893 1940 1077 2013 Credimus.

696 2058 879 2129 Diaconos.
906 2058 1028 2130 Iterum
1056 2068 1156 2152 atque
1181 2060 1308 2128 iterum.

824 2380 1001 2452 Sacerdos
1028 2382 1113 2452 dicit
1141 2382 1339 2452 Orationem
1365 2388 1445 2453 cate
1471 2380 1573 2454 Pater
1597 2393 1721 2455 noster.

694 2587 787 2660 Deus
814 2587 916 2660 Pater
942 2591 1149 2674 misericors,
1178 2597 1211 2658 et
1237 2586 1402 2680 henigne,
1429 2586 1530 2678 bone,
1555 2588 1755 2680 longanimis
1771 2592 1960 2679 miserator,

591 2714 626 2775 et
650 2705 753 2774 mitis:
781 2726 877 2797 quem
905 2703 1059 2790 adorant,
1088 2711 1121 2773 et
1147 2701 1283 2774 laudant
1308 2702 1431 2795 Angeli
1467 2712 1502 2774 et
1525 2702 1748 2795 Archangeli,
1784 2715 1819 2778 et
1845 2728 1959 2781 omues

593 2818 735 2892 Ordines
761 2821 921 2911 materiae
948 2828 1123 2914 expertes:
1151 2822 1205 2912 qui
1236 2822 1451 2891 ministerium
1484 2816 1549 2892 hoc
1580 2817 1726 2890 divinum
1761 2821 1958 2911 sanctificus,

593 2944 628 3007 et
653 2932 785 3029 perficis
819 2932 987 3023 absolute,
1021 2933 1201 3007 secuudum
1234 2934 1478 3030 beneplacitum
1514 2944 1622 3021 tuum,
1659 2945 1694 3006 et
1728 2959 1791 3032 per
1821 2939 1959 3032 gratim

591 3053 751 3142 unigeniti
777 3049 853 3121 Filii
880 3054 945 3138 tui,
973 3061 1006 3121 et
1031 3072 1092 3143 per
1118 3049 1271 3144 illapsum
1298 3050 1439 3146 Spiritus
1466 3054 1512 3121 tui
1538 3052 1653 3122 sancti.
1706 3050 1803 3123 Nunc
1829 3073 1958 3148 proque

591 3188 655 3239 nos
691 3187 807 3239 omues
843 3166 1031 3253 sanctifica,
1066 3176 1101 3237 ut
1135 3169 1236 3237 simus
1271 3163 1329 3236 tihi
1356 3165 1430 3236 Filii
1456 3168 1554 3254 novi,
1581 3166 1782 3263 spirituales,
1807 3171 1901 3263 puri,
1926 3175 1979 3268 et·

594 3285 720 3367 saneti;
746 3291 782 3352 ιιι
808 3281 911 3352 corde
937 3304 1041 3376 puro,
1078 3290 1112 3352 et
1143 3283 1252 3352 anima
1283 3283 1418 3370 nitenti,
1444 3282 1623 3354 audeamus
1644 3287 1804 3355 invocare
1831 3294 1867 3356 te
1893 3307 1957 3380 pa·

593 3408 678 3470 trem
693 3396 903 3482 laudandum,
931 3408 965 3467 et
991 3407 1173 3469 amatorem
1186 3395 1364 3488 hominurn,
1391 3419 1590 3493 oremusque
1617 3410 1651 3472 et
1663 3400 1822 3473 dicamus.
1864 3398 1959 3472 Pater

594 3523 712 3587 noster
738 3517 793 3607 qui
821 3535 858 3583 es
885 3516 918 3583 in
945 3513 1058 3586 coelis.

698 3629 860 3721 Populus.
888 3628 1127 3701 Sanctificetur.

699 3743 883 3814 Sacerdos.
912 3743 1086 3816 Conserva
1112 3767 1175 3816 nos
1202 3743 1344 3815 Domine
1371 3747 1479 3835 Deus,
1514 3746 1554 3818 ab
1584 3746 1734 3819 omnibus
1768 3750 1958 3840 tentationi·

597 3859 660 3931 bus
689 3864 838 3948 animae,
866 3870 900 3930 et
927 3863 1096 3956 corporis:
1130 3859 1296 3956 deprime,
1324 3873 1357 3933 et
1391 3862 1496 3953 dejice
1530 3859 1707 3934 Diabolum
1738 3861 1868 3937 hostem
1893 3887 1959 3938 no-

597 3985 699 4046 strum
727 3973 787 4047 sub
814 3973 956 4070 pedibus
983 3979 1125 4048 nostris:
1152 3988 1186 4047 et
1212 3976 1362 4049 concede
1387 3977 1485 4050 nobis
1518 3979 1655 4050 uberem
1686 3977 1958 4066 misericordiam,

597 4115 684 4185 quae
711 4114 756 4162 ex
783 4101 816 4162 te
844 4102 915 4180 est,
943 4095 974 4163 in
1003 4091 1135 4165 Christo
1163 4092 1244 4164 lesu
1270 4094 1414 4166 Domino
1432 4103 1564 4177 nostro,
1591 4115 1663 4164 cum
1685 4117 1750 4188 quo
1768 4092 1961 4167 benedictus

599 4230 636 4277 es
664 4217 697 4278 et
722 4206 920 4295 laudandus,
948 4231 1021 4279 curn
1048 4208 1172 4304 Spiritu
1198 4219 1254 4280 tuo
1281 4212 1381 4296 vivo,
1408 4220 1442 4281 et
1467 4217 1604 4296 sancto,
1629 4231 1726 4281 nune.

702 4321 863 4414 Populus.
890 4326 1009 4396 Amen.

701 4435 889 4509 Diaconos.
903 4438 1084 4509 inclinate.

702 4551 865 4644 Papulas.
894 4552 1016 4624 Coram
1043 4563 1085 4624 te.

701 4665 876 4737 Sacerdos
903 4669 1039 4740 eleocns
1064 4692 1188 4740 cocera.
1215 4668 1361 4764 Respice
1379 4669 1523 4744 Domine
1541 4675 1574 4743 in
1600 4672 1837 4745 haereditatem
1862 4683 1967 4762 mam,

600 4804 686 4875 quae
713 4805 827 4855 coram
855 4792 888 4853 tc
915 4806 1000 4854 nunc
1027 4789 1263 4877 prosternitur,
1291 4793 1324 4856 et
1349 4787 1530 4859 inclinatur.
1584 4787 1702 4882 Dirige
1728 4810 1868 4884 gressus
1894 4810 1967 4862 no-

599 4906 688 4968 stros
715 4903 748 4970 in
775 4902 900 4972 semitis
927 4903 1027 4970 rectis
1054 4903 1132 4971 tuis:
1160 4909 1194 4971 et
1218 4912 1353 4995 praesta
1379 4912 1415 4973 ut
1440 4908 1719 4978 communicemus
1751 4904 1827 4990 huic
1852 4906 1968 4976 sacri-

600 5012 695 5101 ficio,
724 5014 812 5109 quod
839 5037 951 5085 coram
979 5025 1013 5084 te
1040 5024 1108 5104 est,
1136 5025 1169 5086 et
1184 5019 1228 5087 sit
1253 5016 1371 5107 nobis,
1398 5027 1432 5089 et
1457 5018 1608 5095 omnibus
1635 5044 1681 5093 cx
1706 5020 1762 5094 illo
1789 5022 1970 5117 accipien-

602 5124 708 5217 tibus,
743 5132 775 5199 in
812 5129 1104 5202 sanctificationem
1133 5134 1261 5203 animae
1288 5144 1323 5205 et
1353 5139 1525 5231 corporis,
1556 5160 1619 5232 per
1654 5137 1817 5211 Christum
1848 5137 1970 5211 lesum
