5150 6534
1052 824 1215 901 SEVERI
1242 821 1539 901 antiocneni.
1905 827 1979 948 321

611 1008 764 1083 ecoelio
791 1009 834 1083 ad
860 1030 936 1099 nos,
962 1019 998 1081 ut
1023 1031 1086 1082 nos
1113 1011 1146 1080 in
1172 1018 1262 1082 terra
1289 1012 1420 1106 positos
1446 1013 1480 1081 ln
1506 1009 1647 1083 sublime
1674 1009 1717 1082 ad
1744 1018 1778 1082 te
1793 1011 1981 1100 extuberet,

609 1122 731 1197 molina
764 1128 941 1197 etiamnum
968 1123 1071 1197 corda
1106 1135 1240 1216 nostra,
1276 1125 1318 1197 ad
1352 1124 1574 1198 obediendum
1607 1125 1770 1198 mandatis
1803 1128 1886 1213 tuis,
1915 1126 1982 1199 de-

610 1245 743 1311 struens
781 1238 982 1311 altitudinem
1024 1240 1235 1312 tenebrosam
1274 1263 1360 1335 quae
1399 1239 1569 1312 extollitur
1613 1244 1648 1312 in
1683 1241 1782 1314 nobis
1815 1240 1982 1315 adversus

610 1356 782 1425 scientiam
818 1356 882 1443 tui,
915 1364 949 1425 et
976 1357 1150 1449 captivans
1185 1375 1302 1426 omnes
1342 1357 1565 1446 cogitationes
1604 1367 1758 1445 nostras,
1800 1356 1981 1429 secundum

557 1463 558 1466 ’
607 1466 750 1541 formam
775 1466 1007 1543 bumiliationis
1034 1467 1109 1540 Filii
1136 1471 1193 1559 tui,
1220 1472 1274 1563 qui
1308 1467 1426 1542 lubens
1461 1468 1591 1544 humilis
1622 1468 1732 1543 factus
1766 1479 1819 1544 est
1844 1482 1982 1568 propter

607 1604 684 1671 nos,
709 1605 771 1680 per
796 1583 1039 1679 beneplacitum
1066 1594 1155 1656 tuum
1181 1581 1274 1656 Deus
1300 1585 1412 1675 Pater,
1446 1594 1480 1656 et
1506 1608 1580 1657 cum
1614 1608 1680 1681 quo
1714 1596 1748 1657 te
1774 1585 1872 1657 decet
1897 1586 1981 1679 glo-

607 1695 670 1787 ria,
697 1709 759 1771 ete.

710 1814 872 1907 Populus.
926 1816 1045 1887 Amen.

710 1928 895 2018 Sacerdos.
946 1931 1040 2002 Dens
1076 1929 1313 2024 mysteriorum
1347 1926 1578 2018 ineffabilium,
1622 1937 1656 1999 et
1690 1929 1979 2018 inaccessibilem,

606 2065 712 2140 penes
740 2066 838 2140 quern
863 2054 939 2116 sunt
965 2042 1111 2118 thesauri
1138 2041 1324 2115 absconditi
1351 2044 1511 2114 scientiae
1537 2054 1571 2115 et
1598 2045 1803 2140 sapientiae,
1830 2048 1886 2139 qui
1910 2049 1979 2118 mi-

606 2162 778 2232 nisterium
810 2159 905 2233 officii
932 2162 1027 2232 istius
1059 2157 1159 2231 nobis
1186 2156 1361 2247 revelasti,
1389 2179 1464 2228 enm
1502 2157 1608 2230 adbuc
1641 2157 1784 2231 infantes
1816 2181 1978 2249 essemus,

607 2284 643 2346 ut
667 2296 736 2345 non
762 2274 902 2371 amplius
929 2286 1083 2369 tanquam
1117 2273 1322 2345 Sacerdotes
1355 2271 1502 2361 Judaici‚
1530 2295 1631 2368 super
1665 2284 1782 2369 pectus
1814 2271 1978 2349 ferremus

604 2390 775 2487 pectorale
801 2391 1019 2463 revelationis
1046 2399 1085 2461 et
1105 2391 1254 2462 veritatis
1278 2387 1410 2481 Judicii,
1443 2391 1477 2458 in
1508 2400 1625 2461 sancta
1661 2388 1859 2461 Sanctomm
1891 2412 1978 2485 pro-

606 2500 796 2601 spicientes,
825 2505 885 2578 sed
913 2509 1087 2578 sanctitate
1113 2504 1215 2575 induti
1231 2501 1371 2575 verbum
1398 2513 1433 2574 et
1454 2525 1593 2601 germen
1620 2526 1666 2576 ex
1692 2506 1765 2575 sinu
1792 2514 1861 2594 tuo,
1880 2505 1978 2577 Pon-

604 2620 726 2693 tificem
752 2642 928 2713 magnnm3
947 2621 1105 2713 dignere,
1132 2628 1167 2691 ut
1195 2617 1460 2714 quandoquidem
1495 2620 1608 2711 ignem
1642 2618 1784 2690 ebenum
1815 2641 1884 2691 non
1909 2618 1977 2690 ha-

604 2733 737 2823 bemus,
765 2736 963 2808 accedamus
990 2735 1032 2807 ad
1066 2744 1113 2807 te:
1149 2734 1209 2808 sed
1242 2757 1304 2829 per
1335 2733 1490 2829 Spiritum
1523 2745 1611 2805 tuum
1646 2743 1794 2808 sanctum
1829 2724 1977 2807 liber'ans

604 2872 680 2938 nos,
707 2849 867 2923 combure
894 2872 1024 2923 omnem
1053 2858 1254 2922 vetustatem
1287 2858 1436 2920 nostram
1470 2849 1658 2938 sordidam,
1694 2860 1727 2921 et
1759 2847 1801 2919 ad
1835 2870 1977 2941 gregem

604 2975 695 3037 tuum
722 2964 919 3036 rationalem
946 2964 1115 3038 sanctifica
1143 2972 1177 3035 et
1202 2986 1370 3059 praepara
1401 2985 1477 3054 nos,
1514 2973 1549 3035 ιιι
1583 2974 1681 3036 extra
1718 2986 1854 3036 carnem
1887 2962 1977 3051 lacti,

604 3090 640 3152 et
670 3101 801 3153 omnem
836 3083 1073 3173 cogitationem
1106 3078 1354 3175 corruptibilem
1389 3103 1409 3151 a
1442 3079 1540 3153 nobis
1567 3079 1788 3176 depellentes,
1822 3088 1921 3174 atque
1956 3099 1976 3149 e

602 3203 694 3267 terra
722 3197 756 3267 in
782 3195 913 3268 coelum
938 3198 1193 3291 pervenienteS‚
1220 3205 1330 3266 tecum
1358 3197 1460 3266 simus
1475 3206 1586 3267 mente
1602 3198 1799 3291 purissima,
1833 3194 1974 3268 0Pater

602 3308 771 3399 Luminis,
805 3322 839 3383 et
869 3316 1036 3407 possimus
1070 3309 1162 3403 digni
1193 3309 1263 3381 fieri
1302 3307 1366 3382 hoc
1402 3308 1566 3383 sacrificio
1595 3310 1684 3405 quod
1710 3309 1769 3381 tibi
1795 3308 1975 3403 offerimus,

604 3424 647 3497 ad
674 3426 958 3499 confirmationem
985 3426 1209 3516 offerentium,
1236 3434 1270 3496 et
1297 3423 1498 3496 adveniam
1531 3434 1564 3497 et
1590 3428 1833 3497 recreationem
1860 3446 1975 3496 eorum

521 3601 523 3605 .
604 3544 660 3637 qui
686 3539 765 3613 olim
791 3539 1019 3627 decesserrmt,
1046 3542 1181 3612 Patrum
1208 3551 1241 3610 et
1267 3540 1421 3611 Fratrum
1447 3550 1659 3631 nostrorum,
1684 3562 1746 3636 per
1771 3542 1912 3631 gratiam
1941 3550 1979 3610 et

603 3655 866 3729 misericordiam
893 3658 1053 3748 unigeniti
1078 3655 1154 3725 Filii
1181 3656 1236 3742 tui,
1264 3658 1341 3749 quia
1368 3666 1401 3727 te
1428 3656 1525 3728 decet
1550 3657 1671 3749 gloria,
1698 3666 1762 3728 etc.

708 3769 895 3843 Diaconos.
948 3770 1081 3842 Stemus
1109 3770 1276 3843 decenter.

707 3887 892 3958 Sacerdos.
945 3887 1029 3958 Pax.
1251 3869 1253 3873 ⁸

707 4000 869 4094 Populus.
921 3998 1066 4073 Etcum
1092 3999 1216 4095 Spiritu
1243 4010 1310 4071 tuo.

707 4115 892 4190 Sacerdos.
944 4115 1084 4190 Sursum
1111 4116 1224 4188 corda.

706 4231 868 4326 Populus.
921 4231 1092 4305 Habemus
1119 4230 1162 4303 ιιι
1188 4230 1374 4303 Dominum.

706 4345 891 4419 Sacerdos.
946 4348 1079 4421 Gratias
1106 4367 1246 4438 agemus
1273 4345 1360 4418 Deo.

706 4458 867 4554 Populus.
921 4460 1066 4553 Dignum
1093 4472 1126 4532 ot
1148 4464 1273 4554 justum
1300 4472 1361 4532 est.

707 4573 882 4648 Socerdm
907 4577 1099 4648 inclinabo.
1153 4576 1261 4662 Quam
1290 4576 1527 4667 cogitationem
1552 4570 1677 4644 babere
1702 4592 1891 4667 possumus²
1918 4580 1975 4640 aut

603 4711 702 4785 mam
723 4694 792 4762 vim
809 4694 973 4766 sermonis
993 4690 1131 4786 adipisci
1150 4690 1192 4762 ad
1205 4689 1480 4783 glorificationem
1498 4710 1585 4783 quae
1596 4686 1654 4760 tibi
1665 4685 1805 4759 debetur
1814 4683 1973 4758 releren-

603 4804 691 4896 dam,
713 4803 791 4878 Rex
805 4828 924 4899 regum
939 4816 975 4878 et
989 4805 1081 4878 Deus
1095 4808 1254 4879 omnium:
1287 4807 1342 4900 qui
1356 4808 1498 4877 virtutes
1513 4802 1681 4875 intellectu
1696 4800 1864 4898 praeditas
1883 4820 1973 4871 con-

602 4921 726 5013 didisti,
752 4931 787 4993 et
811 4932 999 4993 creaturam
1026 4920 1216 4994 sensibilem
1242 4919 1362 5006 fecisti,
1390 4921 1445 5013 qui
1472 4940 1518 4990 ex
1543 4915 1665 4990 visibili
1692 4924 1792 5010 atque
1816 4911 1974 4988 invisibili

599 5035 712 5111 fecisti
737 5036 917 5126 hominem,
943 5036 1235 5133 capacemomnis
1262 5033 1499 5123 excellentiae,
1525 5042 1560 5105 et
1584 5029 1800 5106 similitudinis
1827 5028 1973 5119 divinae,

600 5162 638 5224 ut
662 5151 742 5224 nihil
768 5161 859 5226 esset
883 5150 1015 5225 illorum
1042 5173 1128 5246 quae
1154 5173 1174 5221 n
1202 5160 1235 5221 te
1259 5148 1348 5221 lacta
1376 5158 1468 5237 sunt,
1495 5146 1584 5243 quod
1616 5149 1749 5239 gratiae
1783 5152 1862 5218 tuae
1886 5166 1971 5241 par·
2048 5176 2057 5198 ·

600 5270 708 5363 ticeps
734 5288 802 5340 non
833 5278 940 5364 esset,
973 5269 1019 5339 ita
1052 5275 1089 5338 ut
1121 5269 1221 5338 etiam
1254 5264 1387 5360 pulvis,
1413 5259 1693 5359 contemplatione
1725 5258 1857 5355 gloriae
1893 5268 1971 5331 tuae
