5150 6534
756 822 780 895 c
930 798 932 803 ’
1137 814 1747 943 ouuooouuuu1s

755 997 919 1081 cntionem
945 1007 1129 1102 patiuntur:
1165 1024 1228 1100 pro
1260 1002 1397 1076 infirmis
1424 1014 1458 1075 et
1489 1007 1683 1099 oppressis3
1717 1026 1780 1099 pro
1814 1009 1855 1078 iis
1890 1006 2040 1080 omnibns
2075 1010 2131 1102 qui

754 1123 908 1194 dixerunt
934 1131 969 1192 et
994 1128 1237 1216 praeceperunt
1261 1117 1381 1209 nobis,
1413 1121 1508 1190 utin
1534 1122 1658 1192 nostris
1685 1120 1728 1191 ad
1760 1132 1793 1194 te
1821 1122 1987 1195 Christum
2021 1122 2130 1196 Deum

629 1309 631 1316 Α
752 1248 904 1312 nostrum
930 1235 1102 1333 precibus,
1130 1257 1245 1309 eorum
1272 1238 1555 1324 meminissemus;
1587 1236 1650 1332 pro
1683 1240 1773 1312 vivis
1809 1247 1843 1308 et
1876 1240 2030 1311 mortuis:
2066 1260 2129 1334 pro

754 1356 936 1426 animarum
973 1354 1124 1446 ipsorum
1157 1354 1268 1447 quiete
1300 1349 1502 1423 incoelesti
1536 1350 1740 1423 Jerusalem:
1773 1375 1836 1448 per
1869 1355 2128 1427 intercessiones

751 1468 862 1541 Patris
888 1470 994 1541 nostri
1020 1467 1164 1555 Adami,
1187 1475 1222 1538 et
1246 1465 1344 1538 Evae
1370 1469 1484 1540 matris
1510 1477 1665 1555 nostrae3
1691 1490 1753 1563 per
1770 1468 2024 1563 deprecationes
2042 1493 2129 1543 san-
2178 1511 2236 1621 ι

753 1594 828 1656 otae
855 1586 1025 1675 genitricis
1051 1584 1116 1655 Dei
1141 1581 1287 1654 Mariae:
1313 1605 1376 1677 per
1402 1586 1573 1656 orationes
1588 1582 1846 1678 Prophetarum,
1873 1585 2128 1679 Apostolorum,

752 1700 956 1795 Martyrum,
984 1695 1225 1771 confessorum
1252 1708 1287 1769 et
1314 1698 1449 1769 Patnrm
1468 1708 1679 1788 nostrorum,
1705 1699 1888 1772 Doctonrm
1909 1698 2127 1773 Orthodoxae

753 1814 847 1887 fidei:
883 1836 945 1909 per
983 1836 1104 1909 preces
1138 1814 1306 1906 virginum
1336 1816 1507 1908 utriusque
1541 1835 1666 1904 sexus,
1699 1824 1733 1885 et
1765 1818 1909 1889 omnium
1937 1827 2127 1889 sauctorum

754 1942 853 2025 utque
876 1933 1061 2022 justorum,
1090 1940 1123 2002 et
1148 1928 1335 2002 referemus
1362 1928 1420 2001 tibi
1446 1928 1604 2017 Domine,
1632 1930 1795 2023 gloriam,
1821 1930 1952 2004 laudem
1978 1940 2012 2004 et
2037 1932 2126 2004 ado-

752 2050 936 2137 rationem,
962 2056 997 2118 et
1021 2046 1112 2117 Patri
1139 2054 1195 2116 tuo
1223 2055 1257 2116 et
1283 2042 1419 2140 Spiritui
1446 2054 1503 2117 tuo
1531 2049 1612 2118 vivo
1640 2055 1675 2116 et
1700 2057 1816 2119 sancto
1830 2070 1918 2118 nunc
1932 2058 1966 2119 et
1981 2069 2126 2143 semper.

857 2162 922 2234 His
950 2184 1017 2255 pro
1053 2168 1205 2254 tempore
1236 2160 1294 2232 ael
1323 2159 1528 2232 Sacerdotis
1559 2160 1708 2232 arbitrio
1744 2162 1971 2256 wunpaatar
2004 2165 2128 2234 carias

755 2279 901 2370 sp'asdem
921 2280 1059 2371 perraris
1081 2277 1279 2365 Orationes,
1301 2278 1349 2347 ad
1367 2277 1568 2370 Deiparam,
1588 2277 1786 2366 Prooems'a,
1807 2275 1952 2366 Sedroe,
1973 2282 2129 2348 carmina

629 2429 637 2441 ·
754 2394 1016 2488 Eptraemtttca
1030 2392 1085 2463 oel
1096 2392 1305 2480 Jacobr‘tioa,
1334 2393 1517 2465 Orationes
1527 2396 1717 2486 precariis
1734 2393 2003 2483 necessitatibus,
2030 2417 2127 2464 corn-

753 2511 987 2581 meadattoaes
1010 2512 1164 2579 viceram
1190 2514 1225 2580 ct
1249 2511 1466 2580 mortuoram.
1518 2507 1694 2579 Sacerdos
1725 2507 1869 2579 inclinat
1900 2532 1938 2579 se
1970 2510 2129 2581 osculans

755 2627 868 2698 altare
895 2626 1111 2696 dextrorsum
1137 2630 1172 2694 et
1196 2627 1444 2713 sinistrorsus,
1471 2646 1552 2695 moa
1571 2624 1793 2716 Presbyterio
1821 2626 2019 2695 incircuitu
2045 2629 2128 2716 ejus

755 2748 790 2813 et
813 2741 940 2835 populo
968 2744 1026 2834 qui
1048 2762 1141 2833 porse
1168 2739 1259 2810 illum
1285 2745 1346 2810 est.
2089 2753 2090 2756 ’

860 2858 964 2929 Orate
989 2878 1052 2952 pro
1079 2879 1132 2926 me
1160 2862 1298 2950 propter
1323 2854 1510 2927 Dominum.
1564 2854 1679 2928 Gloria
1705 2855 1795 2928 Patri
1822 2867 1855 2928 et
1881 2856 1965 2929 Filio
1992 2866 2026 2926 et
2042 2855 2126 2951 Spi-

754 2976 830 3045 ritui
865 2981 1003 3062 sancto,
1038 2980 1105 3042 tam
1136 2974 1228 3042 initio
1264 2980 1406 3059 nostro,
1440 2994 1537 3066 quum
1569 2974 1603 3042 in
1637 2970 1712 3042 fine.
1772 2971 1883 3066 Super
1916 2993 1980 3046 nos
2018 2981 2127 3042 autem

753 3098 968 3186 peccatores,
996 3085 1245 3159 misericordiae
1270 3096 1304 3157 et
1329 3091 1499 3160 miseratio
1527 3084 1732 3159 effimdantur
1760 3090 1961 3182 inutraque
1988 3086 2126 3160 sacerdo

754 3226 861 3296 nunc,
889 3212 953 3275 etc.
1023 3186 1028 3195 ¹

857 3302 1044 3392 Diaconos.
1097 3320 1163 3391 Pro
1190 3341 1276 3414 pace
1304 3328 1338 3390 et
1363 3318 1613 3413 tranquillitate:
1640 3326 1815 3412 utsupra.

859 3433 1043 3506 Sacerdos.
1096 3435 1234 3506 Praesta
1261 3434 1404 3504 Domine
1436 3436 1528 3507 Deus
1561 3419 1754 3507 misericors
1787 3446 1821 3505 et
1855 3445 1983 3506 amator
2014 3434 2127 3508 homi-

755 3573 849 3638 num,
875 3561 911 3621 ut
937 3573 1011 3622 oum
1037 3551 1192 3637 scientia,
1225 3551 1362 3638 timore,
1397 3560 1431 3620 et
1463 3548 1632 3645 disciplina
1658 3550 1844 3646 spirituali,
1879 3572 1977 3643 pure,
2013 3571 2127 3623 eoram

756 3675 790 3737 te
817 3669 1058 3753 consistamus,
1085 3674 1200 3737 sanate
1226 3662 1286 3735 tibi
1313 3667 1556 3738 ministremus:
1591 3675 1691 3761 teque
1717 3667 1907 3756 laudemus,
1941 3677 1977 3738 ut
2001 3665 2127 3740 Domi-

755 3804 833 3853 num
860 3792 894 3853 et
921 3784 1065 3853 omnium
1091 3780 1259 3875 opificem:
1286 3785 1339 3852 cui
1368 3781 1518 3853 adoratio
1545 3791 1579 3853 et
1604 3780 1710 3854 honor
1737 3782 1899 3855 debentur
1932 3784 1973 3855 ab
2012 3787 2126 3856 omni-

754 3897 841 3987 bus3
867 3896 1011 3969 Domine
1036 3894 1129 3967 Deus
1155 3907 1269 3970 noster
1295 3895 1353 3968 tibi
1379 3898 1486 3989 gloria
1512 3900 1545 3968 in
1574 3897 1726 3989 saecula,
1752 3899 1872 3971 Amen.

861 4015 910 4085 Et
936 4017 989 4082 ter
1016 4014 1171 4082 incessat
1194 4016 1357 4104 mysteria
1383 4018 1420 4084 r'a
1446 4018 1559 4084 crucis
1581 4018 1744 4108 sormam,
1772 4021 1807 4085 ct
1832 4019 1868 4086 ia
1888 4013 2012 4085 orbem.
2040 4016 2127 4086 Mas

755 4130 882 4200 dicitur
908 4128 953 4199 ab
984 4126 1143 4198 amnites.
1950 4124 1952 4129 ’

860 4244 1026 4316 Miserere
1048 4246 1113 4315 mei
1134 4243 1227 4316 Deus
1246 4244 1426 4317 secundum
1442 4267 1598 4337 magnam
1618 4242 1880 4316 misericordiam
1898 4253 1996 4315 tuam.
2022 4267 2127 4339 usqae

757 4362 804 4431 ad
826 4365 927 4454 finem
954 4360 1092 4431 Psalmi.

861 4476 1046 4547 Sacerdos.
1081 4476 1246 4549 Miserere
1272 4478 1338 4548 mei
1363 4475 1506 4548 Domine
1533 4475 1713 4548 secundum
1738 4476 2000 4549 misericordiam
2025 4488 2125 4568 mam,
2236 4505 2239 4509 ¹

758 4603 792 4666 et
817 4581 946 4665 remitte
972 4602 1111 4688 peccatu
1138 4603 1252 4664 nostra
1278 4616 1340 4689 per
1366 4592 1573 4662 clementiam
1599 4601 1697 4663 tuam
1750 4591 1847 4663 Lava
1878 4595 2065 4686 iniquitates
2092 4603 2127 4666 et

756 4710 920 4805 nequitias
945 4718 1097 4799 nostras,
1122 4708 1325 4780 multitudine
1350 4708 1572 4780 miserationis
1598 4717 1686 4777 tuae.
1716 4705 1786 4779 Cor
1811 4707 1965 4779 mundum
1992 4732 2071 4780 crea
2092 4712 2126 4780 in

756 4824 875 4916 nobis,
902 4826 1115 4919 spiritumque
1140 4823 1344 4895 rectitudinis
1370 4833 1404 4894 et
1429 4823 1637 4911 humilitatis,
1672 4832 1706 4893 et
1731 4824 1914 4897 sanctificet
1940 4827 2125 4914 cogitatio-

756 4964 817 5014 nes
843 4952 987 5014 uostras.
1014 4938 1132 5010 Parius
1160 4947 1213 5012 est
1238 4941 1325 5010 enim
1352 4942 1479 5030 magis,
1506 4961 1604 5034 quam
1629 4938 1825 5011 holocausta
1851 4937 1989 5032 paoiiica
2015 4945 2050 5007 et
2066 4935 2124 5007 le-

757 5056 847 5148 galia
874 5056 1047 5128 sacrificia.
1076 5055 1172 5127 Doce
1198 5057 1327 5149 iniquos
1353 5056 1443 5127 viam
1470 5065 1558 5126 tuam
1585 5064 1619 5126 et
1645 5063 1794 5128 errantes
1821 5052 1864 5123 od
1889 5062 1923 5123 te
1949 5063 2123 5144 converte,

757 5181 794 5242 ut
827 5171 960 5265 linguae
995 5193 1110 5243 eorum
1142 5172 1300 5262 justitiam
1336 5180 1425 5242 tuam
1461 5168 1650 5262 celebrent,
1691 5180 1725 5242 et
1756 5168 2021 5243 miserationibus
2059 5173 2123 5244 tuis

759 5290 904 5362 aeternis
931 5287 1020 5381 digni
1047 5287 1256 5383 efficiuntur,
1271 5286 1387 5375 Pater,
1413 5284 1495 5377 Fili,
1523 5296 1587 5360 etc.
