5150 6534
593 833 666 908 174
1093 831 1453 912 LITURGIA

590 1032 692 1093 ctum:
719 1021 879 1117 simulque
904 1021 1038 1093 Domini
1065 1024 1172 1095 nostri
1197 1022 1280 1095 Jesu
1302 1018 1434 1109 Christi,
1461 1031 1495 1093 et
1509 1019 1652 1116 Spiritus
1679 1022 1752 1093 vivi
1778 1030 1812 1093 et
1837 1024 1960 1113 sancti.

588 1157 685 1208 nunc.
892 1138 1052 1231 Popatas.
1106 1138 1208 1210 Sicut.

693 1253 877 1325 Sacerdos.
929 1254 1014 1325 Pax.
1221 1253 1383 1346 Poputas.
1435 1253 1480 1325 Et
1506 1277 1582 1326 cum
1608 1256 1725 1350 spiritu
1750 1265 1818 1326 tuo

692 1368 876 1441 Sacerdos.
929 1368 1011 1442 Sint.
1218 1369 1382 1462 Populus.
1435 1369 1590 1442 Etcum.

691 1485 875 1559 Sacerdos.
930 1484 1104 1558 Credimus
1131 1494 1165 1556 et
1190 1485 1389 1558 accedimus.

692 1600 871 1673 Diaconos
896 1602 982 1671 dicit
1008 1601 1227 1673 Catholicam.

829 1876 1003 1948 Sacerdos
1029 1877 1115 1946 dicit
1142 1876 1340 1947 Orationem
1366 1883 1446 1947 ante
1472 1877 1572 1948 Pater
1598 1888 1722 1949 noster.

693 2066 835 2137 Domine
861 2068 1064 2157 misericors,
1091 2074 1125 2137 et
1149 2068 1248 2153 mitis,
1276 2069 1331 2161 qui
1358 2088 1458 2161 supra
1486 2069 1595 2139 omnia
1623 2066 1797 2139 extolleris
1823 2077 1856 2138 ct
1877 2067 1957 2141 lau-

589 2178 685 2252 dibus
713 2180 908 2271 celebraris,
936 2180 1109 2269 exaltaris,
1136 2191 1170 2252 et
1203 2180 1418 2273 glorificaris:
1453 2191 1487 2252 tu
1517 2183 1660 2254 Domine
1691 2193 1825 2277 praesta
1843 2188 1958 2281 eiiam

588 2295 684 2368 nobis
711 2297 912 2393 pauperibus
939 2309 973 2370 et
1005 2296 1122 2371 infimis
1152 2301 1262 2370 servis
1294 2300 1376 2385 turis,
1409 2306 1445 2368 ut
1479 2320 1561 2393 pure
1596 2307 1630 2368 et
1662 2310 1777 2371 sancte
1809 2321 1957 2390 oremus,

588 2410 767 2485 clamemus
796 2424 829 2486 et
856 2413 1013 2486 dicamus.
1066 2413 1166 2485 Pater
1192 2425 1308 2487 noster
1334 2417 1389 2507 qui
1416 2437 1455 2486 es
1481 2417 1515 2484 in
1541 2413 1657 2487 coelis.

547 2526 550 2537 '
690 2529 852 2622 Papulas.
906 2529 1146 2602 Sanctificetur.

691 2643 873 2716 Sacerdos.
933 2645 961 2718 0
992 2645 1156 2732 Domine,
1191 2669 1212 2717 o
1247 2644 1412 2736 henigne,
1444 2667 1488 2716 ne
1524 2643 1689 2741 despicias
1720 2668 1802 2733 nos,
1843 2649 1889 2719 ita
1920 2657 1959 2720 ut

586 2762 784 2857 praevaleat
811 2760 989 2834 adversum
1015 2784 1078 2833 nos
1106 2765 1259 2850 tentatio,
1286 2760 1347 2833 sed
1373 2759 1480 2833 libera
1506 2784 1569 2833 nos
1596 2785 1616 2832 a
1643 2761 1730 2833 malo
1758 2762 1894 2851 rebelli,
1923 2774 1959 2836 ct

588 2882 698 2951 aviis
726 2880 799 2970 ejus
826 2883 985 2952 tortuosis
1013 2890 1046 2949 et
1072 2880 1259 2975 perversis:
1288 2879 1364 2971 quia
1391 2886 1480 2947 tuum
1507 2885 1560 2948 est
1584 2899 1743 2969 regnum,
1772 2889 1805 2949 et
1830 2883 1957 2972 unige-

587 2997 646 3066 niti
672 2993 746 3066 Filii
773 2998 831 3082 tui,
858 3006 890 3066 et
905 2994 1047 3091 Spiritus
1075 2995 1272 3066 sanctissimi
1298 2995 1357 3082 tui,
1384 2992 1472 3078 boni,
1500 2990 1660 3065 adorandi
1686 3003 1720 3064 et
1745 2994 1957 3069 vivificantis.

690 3111 851 3204 Popaias.
910 3112 1030 3183 Amen.

690 3228 879 3298 Diaconos.
932 3226 1099 3298 Inclinate.

690 3332 874 3413 Sacerdos.
928 3342 1010 3413 Pax.

690 3458 852 3551 Popnins.
904 3456 1058 3541 Etcum.

690 3572 866 3645 Sacerdos
892 3574 1029 3644 etecans
1054 3596 1179 3645 ccccm.
1231 3572 1396 3655 Benedic.
1431 3573 1591 3659 Domine,
1618 3571 1742 3667 populo
1770 3584 1826 3646 tuo
1854 3572 1957 3666 fideli,

588 3694 643 3785 qui
671 3711 783 3760 coram
811 3700 844 3761 te
871 3689 1055 3791 inclinatus
1070 3700 1137 3762 est:
1165 3693 1325 3785 eripeque
1351 3710 1413 3761 nos
1442 3709 1558 3759 omnes
1586 3711 1605 3758 a
1633 3686 1776 3762 damnis:
1803 3700 1956 3786 etprae-

587 3814 640 3878 sta
666 3803 776 3894 nobis,
802 3811 839 3876 ut
863 3809 1032 3902 mysteriis
1060 3805 1179 3878 divinis
1205 3830 1289 3903 pure
1317 3817 1350 3878 et
1375 3816 1489 3879 sancte
1516 3808 1808 3897 communicemus,
1834 3817 1869 3879 et
1894 3831 1956 3903 per

587 3920 642 3992 illa
670 3924 844 4016 expiemur
870 3931 904 3993 et
930 3921 1187 3994 sanctificemur:
1215 3921 1465 4016 referemusque
1494 3918 1550 3992 tibi
1569 3918 1700 3992 laudem
1721 3933 1754 3995 et
1774 3926 1957 4015 gratiarum

588 4040 753 4109 actionem
779 4047 812 4110 et
838 4040 1008 4129 unigenito
1036 4035 1120 4110 Filio
1148 4049 1216 4112 tuo.

690 4153 851 4246 Popntns.
903 4155 1023 4226 Amen.

690 4267 874 4340 Sacerdos.
927 4271 1012 4341 Pax.

690 4384 851 4477 Populus.
904 4384 948 4456 Et
975 4408 1059 4457 cum.

689 4500 872 4571 Sacerdos.
927 4501 1008 4571 Sint.
1216 4504 1377 4596 Papulas.
1429 4503 1474 4575 Et
1500 4528 1583 4576 cum.

691 4616 879 4688 moeonas.
934 4616 1177 4713 Unusquisque.

690 4732 874 4804 Sacerdos.
927 4733 1053 4805 Sancta
1079 4737 1213 4806 sanctis.

856 5009 977 5079 Oratio
1002 5015 1081 5101 post
1108 5012 1355 5100 susceptionem
1381 5011 1688 5082 Sccranrentoram.

694 5180 827 5251 Gratias
856 5184 985 5272 agimus
1014 5178 1088 5268 tihi,
1120 5181 1261 5253 Domine
1285 5182 1397 5271 Deus,
1431 5185 1648 5258 obsecrantes
1675 5193 1709 5255 et
1735 5183 1954 5278 deprecantes

550 5370 554 5384 .
588 5303 638 5367 te:
666 5307 799 5391 praesta
816 5295 926 5387 nohis,
952 5306 988 5367 ut
1014 5298 1057 5369 sit
1082 5296 1181 5370 uobis
1208 5302 1391 5371 communio
1418 5298 1502 5371 haec
1521 5298 1644 5390 divina,
1672 5299 1714 5371 ad
1730 5301 1953 5393 expiationem
