5150 6534
596 773 674 849 144
840 735 845 742 ’
1165 774 1400 854 norun

594 958 976 1042 gmvaunuhncmqoe
1003 960 1267 1041 pneslitmncst.
1311 959 1451 1041 rugient
1478 956 1870 1041 quntnlibctiiraoei,
1899 978 1973 1025 c-

595 1057 1213 1141 l'hcologislicclcsiasticaediaciplinne
1238 1058 1973 1140 parnmpcritisuodoc-vatuillcclcsia

594 1158 796 1236 consentiant,
818 1158 902 1220 salva
931 1157 1050 1221 illorum
1079 1157 1218 1220 doctrim
1244 1167 1303 1224 cst.
1345 1159 1388 1220 Ar
1416 1158 1497 1220 illum
1523 1166 1677 1237 veteru,
1704 1175 1786 1239 quc
1811 1174 1882 1220 c-
1907 1156 1975 1222 ho-

594 1255 698 1317 dierna
720 1273 781 1317 una
802 1263 851 1318 cst
872 1264 904 1318 et
925 1257 1043 1336 eadem
1065 1275 1173 1320 orasse
1202 1275 1298 1337 super
1326 1256 1406 1319 dona
1430 1257 1494 1338 jam
1521 1264 1718 1333 cousoenta,
1745 1256 1799 1337 qai
1827 1256 1859 1318 in
1886 1263 1975 1320 nara

595 1352 750 1415 literarum
772 1371 927 1417 sacrarum
948 1355 1016 1418 lucc
1045 1373 1107 1417 uon
1135 1363 1295 1438 agnoscat,
1317 1357 1344 1418 is
1365 1354 1562 1417 Orienmlium
1583 1354 1703 1417 llituum
1721 1355 1819 1435 judex
1839 1353 1972 1418 idoneo

596 1469 666 1514 csse
693 1469 755 1514 non
785 1460 898 1533 potest.
944 1453 1004 1516 sau
1033 1454 1073 1517 tle
1100 1453 1148 1515 luis
1180 1461 1323 1535 quantum
1358 1472 1436 1535 opus
1467 1461 1536 1515 erat
1568 1454 1600 1515 in
1626 1452 1900 1518 Observationum
1930 1453 1974 1518 au

595 1548 699 1612 Basilii
721 1549 874 1632 Copticam
895 1551 1062 1636 Liturgiam
1083 1552 1192 1615 dictum
1215 1560 1272 1614 est

994 1845 1030 1915 3.
1069 1845 1251 1917 Incoeoiio
1276 1845 1431 1939 Spiritus
1453 1849 1578 1918 mcii.

695 2036 849 2115 Fanum
871 2047 950 2111 nnus
971 2049 1166 2133 negemus
1187 2058 1246 2127 ese
1268 2057 1301 2112 et
1322 2049 1389 2111 un
1410 2048 1501 2111 vnce
1522 2048 1646 2123 snum
1668 2048 1728 2110 uno
1748 2047 1780 2110 n
1801 2065 1869 2110 m
1890 2066 1976 2112 ωι-

596 2157 703 2234 gestae
724 2159 793 2214 sunt
813 2169 909 2214 voces
930 2170 1029 2233 propo
1050 2170 1167 2230 omnes,
1189 2170 1315 2233 quarum
1327 2152 1455 2214 adillam
1477 2150 1703 2230 exprimendam
1724 2168 1798 2213 usus
1820 2150 1976 2233 [requen-

597 2251 729 2312 tissimus
755 2257 818 2329 cst,
849 2260 881 2312 et
914 2239 1009 2330 quae',
1042 2269 1111 2313 cum
1146 2250 1281 2313 eamdem
1308 2252 1339 2312 in
1370 2250 1440 2313 stilo
1468 2248 1684 2312 Ecclesiastico
1717 2249 1976 2331 significationem

596 2347 737 2427 habeant,
764 2366 951 2430 synonymae
979 2349 1075 2412 uideri
1103 2352 1232 2431 possint.
1289 2350 1376 2412 Unde
1413 2349 1532 2428 aliquae
1562 2366 1656 2428 saepo
1686 2365 1748 2409 non
1778 2350 1975 2437 adhibentur,

597 2447 663 2510 cum
686 2449 723 2510 ab
744 2449 813 2511 nliis
835 2448 1232 2530 sufficienterexprimatur
1258 2450 1365 2512 efficax
1391 2448 1487 2510 sancti
1510 2447 1639 2528 Spiritus
1662 2447 1801 2527 operatio
1828 2450 1859 2511 in
1888 2448 1975 2513 dona

594 2549 762 2628 proposita.
807 2549 877 2612 Vox
896 2558 985 2615 'tum
1008 2540 1157 2628 perficiet
1183 2549 1350 2630 respondet
1377 2547 1512 2608 Graecae
1542 2532 1717 2631 τελειώσῃ,
1746 2565 1826 2627 quac
1855 2564 1977 2609 couse-

596 2648 762 2709 crationem
783 2665 844 2710 nou
866 2649 974 2724 minus,
996 2665 1086 2728 quam
1106 2648 1187 2710 illius
1215 2647 1468 2729 complementum
1495 2653 1527 2706 et
1555 2648 1843 2708 consummationem
1864 2646 1976 2727 signi-

595 2745 679 2809 licat:
702 2764 810 2829 nempe
831 2746 1039 2828 postulatura
1060 2746 1138 2826 Deo,
1168 2756 1200 2810 ut
1226 2747 1385 2828 proposita
1405 2744 1503 2822 dona,
1533 2744 1625 2824 plena
1653 2744 1910 2825 sanctificatione,
1939 2753 1975 2810 ct

595 2842 858 2908 transformatione
886 2846 1061 2925 confirmet,
1095 2855 1129 2908 ut
1151 2847 1263 2928 legitur
1292 2848 1324 2908 in
1353 2844 1563 2907 uetustissimis
1593 2844 1780 2907 orationibus
1807 2844 1975 2917 Hisnrum

596 2942 743 3021 Gotticae,
765 2942 972 3008 llosuralticuc
994 2952 1025 3008 ct
1047 2945 1229 3010 Gallicanae.
1257 2944 1430 3007 Atillerum
1451 2951 1586 3021 autores,
1609 2950 1642 3005 ct
1664 2945 1717 3024 qui
1737 2942 1797 3006 illis
1817 2944 1856 3006 ad
1878 2962 1974 3009 sacru

595 3041 777 3104 celebranda
800 3043 971 3121 utebantur,
993 3062 1054 3106 uon
1076 3047 1184 3127 magis,
1205 3064 1294 3126 quam
1317 3045 1386 3125 Syri
1408 3043 1558 3123 reliquiae
1581 3040 1753 3104 orientales
1774 3040 1814 3105 «le
1835 3050 1975 3107 contro-

594 3142 697 3204 versia
719 3161 786 3204 cum
809 3142 934 3206 Graccis
955 3151 1025 3207 nata
1047 3152 1119 3225 post
1140 3161 1235 3208 annos
1265 3143 1359 3218 mille,
1381 3141 1564 3224 cogitabant.
1608 3140 1716 3221 Neque
1739 3142 1974 3207 eristimnntlum

595 3247 644 3301 est
671 3240 815 3304 inculcari
842 3246 1120 3307 transmutationem
1151 3252 1183 3306 ct
1217 3243 1498 3317 consecrationem,
1526 3260 1564 3303 ea
1593 3241 1728 3317 ratione,
1762 3241 1846 3322 quod
1873 3244 1974 3307 verbu

595 3336 708 3401 Christi
729 3342 926 3421 pronunciata
947 3359 1008 3404 non
1029 3342 1156 3405 luerint:
1186 3360 1253 3404 cum
1276 3340 1392 3421 absque
1414 3339 1484 3417 illis,
1507 3357 1574 3416 seu,
1596 3347 1629 3400 ut
1651 3338 1799 3403 Barsalibi
1821 3340 1971 3422 loquitur,

594 3434 710 3520 absque
732 3438 915 3523 Evangelica
929 3443 1113 3519 narratione,
1135 3458 1214 3521 quae
1228 3439 1334 3503 cadem
1350 3437 1444 3501 verba
1461 3437 1682 3517 complectitur,
1704 3439 1972 3503 consecrationem

594 3554 655 3600 non
684 3537 761 3613 lieri,
791 3546 933 3601 constans
963 3537 1160 3602 Orientalium
1189 3539 1327 3602 doctrina
1360 3542 1410 3602 sit.
1460 3536 1579 3616 Quippe
1608 3536 1639 3596 in
1668 3535 1794 3616 reliquis
1822 3537 1972 3621 Liturgiis

594 3636 730 3716 quamvis
753 3635 804 3696 illa
825 3636 970 3717 religiose
987 3638 1235 3717 pronuncientur‚
1257 3637 1412 3699 invocatio
1427 3635 1520 3697 nihilo
1536 3635 1634 3696 minus
1646 3634 1847 3718 subjungitur
1858 3635 1972 3699 iisdem

595 3734 697 3797 verbis
720 3741 811 3814 atquc
833 3735 1001 3800 sententiis.

698 4016 734 4084 ll.
781 4015 847 4100 Qut
872 4039 896 4085 o
922 4022 956 4085 ie
979 3982 1140 4107 procedil
1173 4012 1217 4084 ol>
1245 4020 1387 4083 aeterno
1420 4020 1455 4082 cl
1481 4036 1505 4082 o
1534 4012 1608 4103 filio
1642 4016 1700 4080 luo
1732 4011 1863 4104 occipii

1138 4128 1417 4201 substantialiter.

703 4321 781 4399 luen
809 4334 904 4396 uerba
934 4349 1013 4415 quac
1041 4334 1270 4415 processionem
1298 4331 1395 4393 sancti
1421 4330 1550 4411 Spiritus
1578 4328 1708 4390 al’atre
1737 4334 1769 4388 ct
1797 4326 1873 4389 Filio
1903 4343 1971 4391 non

594 4435 726 4500 obscure
762 4435 936 4519 designant,
972 4435 1212 4516 interpolationis
1249 4436 1452 4515 suspicionem
1488 4450 1595 4494 creare
1630 4438 1776 4511 possent,
1805 4430 1833 4492 si
1860 4430 1970 4493 similis

594 4535 762 4616 Theologia
785 4536 816 4597 in
839 4534 904 4597 aliis
926 4535 1081 4617 liturgiis,
1103 4552 1229 4614 quamn
1252 4536 1409 4615 integritas
1432 4540 1516 4593 corta
1539 4538 1603 4608 cst,
1624 4548 1686 4592 non
1708 4536 1896 4593 occurreret.
1932 4528 1973 4593 ln

593 4632 731 4716 Liturqia
753 4634 862 4715 Ignatii
884 4633 1281 4707 l’atriarchaellutioclrcni,
1305 4641 1335 4694 et
1354 4635 1384 4694 in
1396 4630 1548 4694 nonnullis
1571 4629 1637 4692 uliis
1660 4628 1739 4691 idem
1761 4627 1873 4709 legitur
1895 4646 1969 4691 cum

592 4732 652 4795 hoc
674 4733 772 4795 solum
795 4733 967 4796 discrimine
988 4732 1070 4814 quod
1091 4732 1161 4795 alibi
1183 4732 1305 4814 legitur,
1328 4740 1358 4793 et
1379 4750 1400 4791 o
1419 4731 1487 4809 silio
1509 4734 1587 4809 quac
1608 4727 1796 4789 noscentiae
1816 4732 1888 4788 suat
1907 4744 1973 4790 cc·

594 4834 677 4911 cipit,
701 4840 751 4894 aut
773 4852 851 4914 quoe
873 4834 1047 4895 essentialia
1068 4840 1153 4894 nint:
1177 4839 1208 4893 et
1230 4834 1261 4894 in
1283 4832 1384 4892 verbis
1399 4829 1528 4891 divorsis
1551 4844 1610 4889 una
1632 4833 1680 4888 est
1702 4824 1868 4906 cademque
1889 4841 1973 4888 scu-

594 4932 696 4992 tcntia.
740 4931 817 4994 Hinc
839 4940 965 5012 apparet
988 4931 1059 4993 illud
1082 4931 1162 5013 quod
1186 4930 1224 4992 de
1252 4927 1364 5010 Spiritu
1387 4936 1492 4990 sancto
1517 4945 1534 4987 a
1557 4926 1679 4989 Christo
1701 4923 1813 4985 dictum
1835 4929 1895 4999 est,
1916 4923 1974 4987 itte

594 5029 633 5090 dc
654 5048 721 5091 meo
743 5032 883 5109 accipiet,
906 5048 967 5092 non
999 5030 1037 5091 de
1068 5028 1154 5091 donis
1185 5029 1343 5090 infideles
1366 5025 1578 5103 conserendis,
1611 5022 1669 5087 scd
1698 5021 1737 5084 do
1765 5021 1974 5104 processione

592 5145 651 5207 per
673 5128 788 5206 Filium,
812 5128 984 5190 Orientales
1007 5130 1222 5209 interpretatos
1245 5126 1350 5189 luisse.
1387 5126 1426 5187 lit
1447 5143 1522 5187 sune
1544 5143 1610 5187 curn
1634 5140 1757 5186 errores
1779 5121 1972 5183 Francorum

594 5234 780 5307 enumerant,
803 5228 910 5289 Petrus
931 5227 1103 5308 Episcopus
1131 5226 1297 5303 llelichac,
1324 5225 1433 5289 Paulus
1462 5224 1660 5303 sidoniensis,
1688 5220 1877 5299 Abulbircat,
1899 5216 1973 5280 Eb-
