5150 6534
578 810 654 884 136
1077 815 1439 893 tttutttll

678 995 863 1069 Sacerdos.
914 998 1073 1071 Similiter
1097 1012 1133 1072 et
1158 1005 1191 1071 in
1218 1000 1325 1073 calice
1350 1005 1406 1097 qni
1441 1000 1484 1074 ab
1517 1025 1562 1075 co
1587 1006 1759 1098 signatus,
1793 1010 1953 1083 sanctifi-

574 1120 681 1201 catus‚
708 1123 743 1183 et
768 1112 866 1184 datus
898 1113 1015 1186 iisdem
1045 1119 1172 1187 sanctis
1202 1116 1378 1211 Apostolis
1404 1116 1480 1198 luit,
1513 1123 1711 1212 sangninem
1736 1145 1833 1195 suum
1859 1148 1954 1221 pro-

573 1230 786 1321 pitiatorium,
812 1230 947 1301 dicens:
974 1235 1136 1326 accipite,
1167 1230 1272 1304 bibite
1305 1254 1352 1303 ex
1385 1255 1429 1305 eo
1463 1256 1531 1306 ros
1563 1256 1697 1308 omnes:
1727 1237 1791 1310 llic
1824 1261 1954 1338 nempe

574 1352 626 1412 est
652 1343 745 1416 calix
769 1349 943 1437 sangoinis
968 1351 1034 1418 mei
1059 1346 1150 1418 Novi
1175 1347 1393 1436 Testamenti,
1419 1353 1475 1443 qui
1502 1372 1566 1445 pro
1582 1349 1683 1423 vobis
1697 1362 1732 1423 et
1746 1375 1810 1449 pro
1835 1355 1953 1430 multis

574 1456 748 1529 elimrditur
773 1471 807 1530 et
833 1461 929 1531 datur
954 1461 998 1532 ed
1024 1466 1251 1556 expiationem
1276 1463 1496 1553 delictorum,
1528 1476 1563 1537 et
1595 1472 1829 1541 remissionem
1855 1492 1952 1566 pec-

574 1583 724 1644 catorum
750 1575 841 1647 dedit
866 1574 963 1646 uobis
991 1577 1033 1647 ad
1058 1580 1160 1648 vitam
1187 1590 1367 1650 aetenam.

677 1690 840 1782 Populus.
892 1695 1013 1763 Arnen.

676 1805 861 1877 Sacerdos.
911 1807 1074 1900 Adjunxit
1104 1808 1200 1879 simul
1230 1806 1316 1880 banc
1343 1809 1599 1882 admonitionem
1626 1810 1760 1884 decus:
1786 1815 1951 1909 quoties-

572 1938 713 2013 cumque
738 1926 815 2016 pani
841 1921 916 1993 buic
946 1924 1249 2012 communicabitis,
1284 1936 1426 1996 mortem
1457 1935 1492 1996 et
1523 1929 1803 1999 resurrectionen
1833 1952 1950 2005 nucum

572 2038 887 2127 commemorabilis,
914 2037 1023 2109 donec
1048 2043 1192 2111 ueniam.

676 2150 838 2243 Populus.
890 2153 1009 2225 llartis
1036 2166 1123 2227 tuae.

677 2265 853 2340 Sacerdos
886 2269 1023 2348 clerano
1054 2291 1179 2341 rocem.
1232 2269 1310 2344 Non
1347 2270 1507 2343 oblivioni
1541 2271 1702 2343 tradenda
1734 2284 1811 2347 suut
1842 2275 1950 2350 nobis

573 2381 730 2453 miracula
757 2384 918 2485 stupenda
953 2384 1208 2479 dispensationis
1242 2399 1320 2459 tuae
1345 2388 1518 2474 salum,
1552 2411 1628 2458 cum
1660 2390 1767 2478 siguis
1801 2391 1951 2463 terribi-

571 2496 657 2568 libus
691 2497 854 2570 adventus
885 2505 949 2590 tui,
981 2524 1047 2594 quo
1074 2503 1273 2574 retribuetur
1307 2505 1483 2597 uuicuique
1514 2502 1694 2574 secundum
1728 2524 1835 2600 opera
1868 2527 1951 2598 sua,

571 2611 730 2685 Domine:
766 2626 945 2711 eapropter
976 2614 1130 2689 Ecclesia
1163 2630 1219 2689 tua
1251 2627 1285 2688 et
1310 2639 1398 2709 grex
1425 2627 1500 2690 tuus
1522 2617 1722 2713 deprecatur
1747 2628 1791 2705 te,
1816 2628 1854 2691 et
1877 2642 1950 2715 per

570 2736 605 2798 te
631 2738 666 2799 et
691 2741 799 2802 ecum
825 2729 958 2802 Patrem
986 2742 1086 2821 tunm,
1114 2731 1237 2805 dicens.
1482 2726 1487 2735 ’

674 2844 836 2938 Populus.
888 2845 1053 2919 Miserere
1091 2851 1196 2920 nostri
1238 2850 1333 2920 Deus
1367 2849 1468 2921 Pater
1508 2852 1738 2943 omnipotens,
1775 2853 1948 2925 miserere

569 2962 686 3031 nostri.

670 3075 855 3146 Sacerdos.
908 3076 979 3149 Nos
1013 3100 1145 3173 quoqne
1179 3079 1343 3167 Domine,
1385 3077 1504 3149 infirmi
1541 3090 1576 3151 et
1609 3089 1808 3174 peccatores
1845 3084 1947 3154 servi

566 3194 631 3279 tui,
663 3194 790 3283 gratias
823 3195 952 3284 agimus
994 3192 1053 3264 tibi
1088 3202 1123 3264 et
1154 3193 1326 3265 laudamus
1362 3204 1396 3267 te
1425 3216 1488 3290 pro
1521 3191 1692 3283 omnibus,
1730 3203 1766 3265 et
1798 3203 1947 3292 propter

566 3309 687 3378 omnia.

668 3422 831 3514 Populus.
885 3424 937 3496 Te
963 3425 1199 3515 glorificamus.

668 3537 853 3609 Sacerdos.
905 3529 1203 3634 Praecipue'vero
1231 3550 1265 3610 et
1290 3540 1448 3634 primario
1475 3549 1626 3610 sanctam
1660 3548 1695 3609 et
1726 3536 1942 3613 benedictam

566 3670 700 3744 semper
725 3652 898 3742 Virginem
924 3654 962 3724 B.
989 3654 1129 3727 Mariam
1154 3657 1219 3727 Dei
1244 3657 1441 3746 genitricem
1473 3674 1782 3725 commemoramus.

484 3757 518 3852 0
669 3767 858 3838 Diaconos.
911 3768 1079 3840 Memento
1117 3771 1224 3858 illius,
1262 3771 1407 3842 Domine
1438 3769 1548 3841 Dens:
1587 3779 1623 3841 et
1661 3791 1725 3865 per
1765 3769 1942 3843 orationes

565 3875 651 3954 illius
678 3906 779 3978 puras
807 3894 1021 3975 cleobolus,
1056 3909 1159 3980 parce
1192 3886 1288 3958 nobis
1321 3897 1358 3958 et
1390 3889 1551 3958 miserere
1583 3882 1693 3957 nobis.
1747 3884 1853 3971 Quam
1887 3886 1940 3955 ti-

564 3998 685 4071 menda
712 4009 764 4073 est
789 3998 874 4072 baec
899 4000 1000 4073 hora:
1029 4024 1128 4097 qnam
1152 4003 1301 4075 terribile
1326 4015 1456 4095 tempus
1483 3998 1588 4087 istud,
1615 3999 1727 4072 dilecti
1756 4001 1840 4086 mei,
1869 4020 1940 4094 quo

565 4113 707 4209 Spiritus
735 4127 869 4189 sanctars
897 4117 940 4189 de
966 4118 1112 4191 excelsis
1140 4117 1331 4191 sublimibus
1358 4117 1462 4190 coelis
1489 4114 1640 4202 advolat,
1668 4113 1850 4202 descendit,
1878 4115 1941 4185 in-

563 4230 664 4302 cubat
695 4240 730 4301 et
765 4235 945 4325 requiescit
985 4256 1087 4328 snper
1126 4234 1367 4306 Eucharistiam
1406 4232 1491 4303 hauc
1529 4233 1751 4327 propositam,
1792 4240 1940 4324 musque

564 4345 755 4416 sanctificat.
808 4346 845 4417 ln
871 4346 1001 4419 silentio
1030 4359 1064 4419 et
1090 4352 1208 4420 timore
1243 4360 1329 4421 state
1362 4359 1396 4419 et
1423 4357 1527 4419 orate.
1580 4346 1684 4418 Orate
1716 4365 1836 4441 pacem
1861 4365 1938 4417 no·

561 4456 703 4547 bissum,
729 4473 763 4533 et
788 4461 1053 4555 tranquillitatem
1080 4462 1178 4535 nobis
1206 4464 1373 4537 omnibus:
1406 4461 1587 4534 clamemus
1619 4472 1654 4533 et
1683 4459 1833 4532 dicamus
1864 4470 1940 4531 ter:

561 4572 668 4671 llyrie
683 4569 832 4649 eleison.

665 4689 840 4762 Sacerdos
865 4692 1057 4766 inclinatus.
1110 4693 1277 4788 Propitius
1305 4704 1379 4765 esto
1406 4691 1496 4782 mihi,
1521 4694 1679 4781 Domine,
1705 4692 1939 4784 universoque

561 4811 659 4900 gregi
686 4816 742 4878 tuo
770 4814 803 4878 et
828 4806 1023 4878 haereditati
1050 4818 1144 4881 tuae:
1180 4808 1388 4904 placitusque
1423 4806 1529 4898 habe,
1562 4817 1597 4879 et
1632 4804 1802 4879 sanctifica
1828 4803 1940 4878 obla·

419 4932 422 4940 ‘
561 4925 671 4994 tiones
698 4924 791 5009 istas,
817 4942 878 5016 per
904 4919 1054 5016 illapsum
1081 4924 1225 5019 Spiritus
1251 4926 1298 4994 tui
1324 4926 1448 4995 sancti:
1474 4927 1530 5017 qtri
1563 4922 1679 4994 ate⁴
1705 4918 1859 5016 procedit
1890 4918 1940 4993 ab

562 5047 710 5124 aeterno,
738 5049 772 5109 et
798 5061 818 5108 a
844 5035 930 5107 Filio
957 5045 1013 5108 tuo
1040 5042 1162 5134 accipit
1188 5037 1457 5112 substantialiter.

664 5152 712 5220 Et
736 5173 849 5244 penca
871 5154 1022 5243 flectens,
1049 5153 1143 5222 dicit.
1194 5153 1329 5224 Exaudi
1355 5175 1409 5224 mo
1435 5155 1596 5225 Domine:
1623 5148 1825 5222 exaudime
1852 5148 1939 5222 Do-

560 5269 668 5338 miue:
695 5265 898 5339 exaudime
925 5269 1082 5340 Domine:
1110 5279 1144 5340 et
1169 5272 1330 5341 miserere
1355 5271 1430 5341 mei.
