5150 6534
901 837 1105 918 inomaus
1130 838 1394 918 ramnnonaa
1419 840 1660 921 morosane.
1885 795 1968 929 tao¹

661 1083 664 1088 .
703 1024 860 1097 umam
876 1048 1002 1099 uocem.
1054 1025 1127 1099 'l'ua
1160 1038 1212 1101 est
1245 1027 1388 1101 Domine
1422 1031 1529 1102 omnis
1565 1041 1736 1119 creatura,
1771 1031 1846 1104 sive
1879 1055 1964 1126 quae

601 1138 768 1214 intellecta
793 1143 942 1239 praedita
968 1150 1039 1232 est,
1071 1145 1146 1215 sive
1173 1165 1259 1238 qnae
1285 1143 1359 1215 solo
1386 1165 1496 1218 sensu.
1548 1145 1606 1217 'l'e
1633 1144 1797 1237 glorificat
1828 1157 1862 1218 et
1892 1168 1970 1219 ure-r

601 1268 736 1330 neratm
761 1257 891 1330 eoelum
917 1267 951 1330 et
977 1258 1205 1354 quodcumque
1231 1262 1264 1330 in
1291 1282 1333 1331 eo
1360 1270 1423 1349 est,
1448 1271 1537 1333 terra
1556 1272 1591 1333 et
1616 1261 1844 1357 quodcumque
1862 1285 1963 1359 super

601 1380 726 1444 terram
751 1378 935 1470 reperitur3
962 1384 1136 1447 creaturae
1162 1385 1290 1463 mutae,
1324 1378 1398 1470 ipso
1434 1374 1563 1448 silentio
1590 1400 1670 1450 suo:
1697 1400 1782 1473 quae
1807 1379 1963 1473 loquendi
2036 1379 2041 1392 '

600 1485 793 1583 facultatem
817 1489 951 1580 babent,
975 1490 1096 1583 linguis
1111 1493 1195 1563 suis:
1220 1489 1345 1582 Angeli
1366 1491 1593 1584 jubilis'suis:
1620 1494 1808 1567 Potestates
1835 1507 1868 1567 et
1893 1500 1972 1568 mi-.

601 1602 693 1677 litiae
723 1604 980 1679 exaltationibus
1012 1609 1097 1680 suis:
1132 1605 1343 1679 Sacerdotes
1366 1610 1400 1678 in
1436 1607 1604 1680 ordinibus
1637 1613 1721 1683 suis:
1752 1609 1897 1684 Diaconi
1929 1615 1962 1683 in

603 1718 919 1812 congregationibus
946 1722 1023 1793 suis.
1075 1720 1127 1793 tu
1161 1744 1245 1794 vero
1273 1714 1388 1818 sapra'
1407 1744 1537 1795 omnem
1571 1724 1714 1815 gloriam
1744 1729 1778 1797 in
1810 1725 1971 1800 abscon-.

603 1833 671 1926 dita
696 1846 812 1909 natura
839 1846 894 1909 tua
930 1858 990 1927 es;
1025 1840 1208 1932 suscipiens
1241 1848 1351 1909 tamen
1369 1860 1445 1934 per
1476 1861 1622 1912 amorem
1655 1851 1744 1912 tuum
1780 1862 1862 1933 erga
1892 1842 1968 1915 bo-,

602 1952 720 2041 mines,
746 1951 888 2049 hymnos
914 1951 1088 2026 Ecclesiae
1115 1962 1192 2026 tuae
1218 1963 1251 2023 et
1276 1956 1393 2046 gregis
1419 1956 1477 2042 tui,
1504 1954 1598 2026 simul
1624 1977 1698 2026 eum
1724 1960 1860 2030 canticis
1881 1959 1971 2031 An-.

602 2066 755 2159 gelorum
792 2077 826 2140 at
854 2068 1161 2162 Archangelorum,
1192 2080 1225 2142 et
1259 2069 1401 2143 vocibus
1436 2069 1627 2166 Seraphim,
1659 2074 1715 2167 qui
1748 2071 1962 2146 admiratione

604 2182 782 2258 dtumuas
808 2194 884 2257 tuae
915 2184 1109 2281 stupefacti,
1142 2184 1357 2259 concentibus
1391 2179 1613 2275 suavissimis,
1647 2188 1824 2260 secundum
1856 2211 1971 2286 prae-.

602 2297 734 2371 alaram.
755 2299 1006 2390 ordinationem,
1034 2309 1164 2390 canunt,
1191 2300 1417 2374 vociferantur
1442 2312 1477 2373 et
1502 2302 1620 2374 dicunt

706 2416 866 2510 Populus.
919 2416 1070 2490 Sanetus.

630 2569 632 2573 ·
705 2531 880 2606 Sacerdos
901 2533 1090 2606 inclinatae.
1117 2531 1260 2606 Sanetus
1286 2555 1325 2606 es
1351 2531 1445 2604 Deus
1470 2531 1581 2617 Pater,
1609 2535 1848 2628 sanctitateque
1874 2532 1971 2607 sub-.

600 2644 727 2719 limior:
753 2647 887 2741 largiris
912 2653 985 2744 ipse
1012 2652 1216 2721 sanctitatem
1244 2671 1318 2720 cum
1348 2647 1435 2720 Filio
1462 2630 1534 2738 turo,
1558 2659 1591 2719 et
1614 2647 1737 2743 Spiritu
1756 2660 1812 2721 tuo
1833 2660 1971 2739 sancto,

599 2760 749 2898 illis-ppei
774 2763 860 2836 illam
887 2765 1085 2860 suscipiendi
1117 2763 1207 2857 digni
1233 2773 1318 2835 sunt.
1369 2763 1421 2835 Tu
1455 2767 1541 2835 enim
1554 2775 1704 2836 naturam
1724 2787 1821 2859 quam
1839 2771 1962 2840 creasti

602 2888 636 2961 et
662 2876 844 2969 honorasti,
871 2880 986 2952 domus
1013 2879 1154 2976 quodam
1181 2881 1387 2972 magisterio,
1412 2888 1584 2976 postquam
1604 2879 1710 2952 libero
1738 2902 1799 2954 suo
1826 2881 1960 2955 arbitrio

601 2993 728 3066 excidit
760 3018 807 3066 ex
839 2993 1035 3068 sublimitate
1072 3019 1147 3081 sua,
1180 3017 1247 3068 non
1281 2994 1475 3085 deseruisti,
1513 3003 1549 3066 ut
1578 2999 1719 3091 periret,
1752 2996 1812 3068 sed
1844 2997 1961 3070 Filium

599 3118 692 3181 tuum
716 3113 919 3203 unigenitum
944 3114 1074 3200 misisti,
1101 3113 1155 3205 qui
1180 3110 1288 3182 factus
1316 3121 1369 3182 est
1393 3110 1511 3200 bomo,
1542 3121 1576 3181 et
1600 3113 1644 3181 in,
1660 3110 1812 3187 omnibus
1837 3118 1961 3187 nostris

601 3210 717 3299 similis
741 3224 848 3298 factus
875 3236 928 3300 est
952 3225 1062 3315 nobis,
1089 3236 1232 3321 excepto
1259 3237 1412 3323 peccato,
1439 3237 1474 3298 et
1500 3228 1646 3300 salvavit
1670 3248 1742 3300 nos.

706 3340 854 3412 Εὶευωιε
886 3364 1011 3413 uocem.
1065 3341 1418 3429 denuntiavisse,
1451 3354 1485 3415 et
1510 3351 1690 3438 conceptus
1718 3343 1827 3415 estin
1853 3352 1960 3434 utero,

602 3456 894 3553 configuratusque
926 3467 978 3547 est
1011 3480 1057 3529 ex
1089 3456 1214 3552 Spiritu
1246 3467 1363 3530 sancto
1402 3468 1435 3530 et
1477 3482 1523 3531 ex
1554 3459 1694 3550 Virgine
1729 3466 1862 3544 saneta,
1892 3479 1961 3530 non

601 3575 790 3646 exinanitus
821 3597 841 3646 a
872 3572 980 3666 gloria
1006 3596 1085 3665 sua,
1123 3596 1231 3668 neque
1263 3584 1405 3646 mutatus
1439 3598 1458 3646 a
1491 3584 1607 3647 natura
1633 3597 1711 3663 sua,
1746 3574 1807 3649 sed
1832 3576 1866 3644 in
1891 3594 1960 3645 na-

601 3698 676 3761 tura
700 3687 854 3779 bumana,
881 3688 1183 3785 supernaturaliter,
1210 3687 1318 3762 factus
1345 3699 1397 3762 est
1421 3688 1520 3762 bomo
1547 3689 1733 3785 perfectus,
1769 3699 1961 3764 comesset

601 3807 731 3898 interim
755 3804 847 3877 Deus
873 3828 997 3891 verus,
1012 3806 1123 3900 Atque
1148 3808 1194 3876 ita
1220 3804 1369 3889 salutem
1383 3816 1531 3878 nostram
1554 3805 1705 3901 perfecit,
1731 3830 1792 3904 per
1818 3807 1959 3901 dispen-

602 3923 764 3994 sationem
796 3943 889 3993 suam
922 3920 1088 4010 divinam,
1121 3932 1155 3993 et
1184 3923 1344 4017 mysteria
1376 3920 1460 3992 baec
1493 3922 1593 4018 plena
1634 3926 1725 3995 vitae
1759 3924 1972 4016 designavit,

602 4033 790 4131 complevit,
817 4036 1064 4124 demonstravit,
1093 4046 1126 4108 et
1152 4036 1274 4110 docuit:
1309 4037 1489 4133 decipiens
1521 4058 1640 4133 panem
1672 4040 1707 4109 in
1737 4060 1852 4110 manus
1879 4059 1958 4109 suas

602 4159 756 4240 sanetas,
788 4158 809 4234 †
839 4149 1009 4226 benedixit
1040 4175 1131 4242 eum,
1163 4159 1184 4235 †
1215 4152 1431 4225 sanctificavit
1463 4176 1557 4240 eum,
1589 4160 1610 4236 †
1650 4153 1771 4247 fregit,
1803 4153 1957 4249 deditque

601 4264 774 4363 Apostolis
801 4268 879 4355 suis,
906 4277 939 4339 et
964 4291 1026 4364 per
1052 4290 1167 4341 eorum
1193 4289 1309 4341 manus
1334 4271 1512 4340 universae
1525 4267 1701 4343 Ecclesiae
1726 4281 1874 4357 sanctae,
1901 4269 1958 4341 di-

602 4397 700 4457 cens:
725 4382 800 4454 Hoc
826 4391 877 4455 est
902 4406 1024 4480 corpus
1050 4407 1159 4456 meum
1186 4383 1274 4479 quod
1306 4404 1368 4479 pro
1393 4384 1493 4457 uobis
1519 4382 1701 4477 frangitur,
1735 4397 1769 4458 et
1794 4386 1889 4458 datur
1914 4385 1957 4457 ad
2045 4482 2047 4484 ‚

602 4500 826 4592 expiationem
852 4499 1054 4588 delictorum,
1081 4502 1375 4594 remissionemque
1400 4508 1625 4596 peccatorum,
1652 4512 1685 4574 et
1706 4504 1808 4576 vitam
1832 4524 1956 4575 novam

601 4622 786 4686 venturam.
1095 4615 1254 4709 Populus.
1307 4617 1426 4688 Amen.

706 4728 809 4802 Simul
836 4733 936 4804 etiam
962 4754 1035 4802 oum
1062 4753 1170 4826 pane,
1204 4731 1342 4803 calicem
1374 4734 1465 4826 prius
1498 4734 1578 4804 vino
1612 4742 1647 4804 et
1671 4756 1757 4828 aqua
1784 4743 1955 4830 tempera-

600 4852 683 4935 tum,
709 4849 839 4941 aceepit
864 4853 885 4929 †.
910 4846 1081 4920 benedixit
1106 4869 1181 4918 eum
1207 4853 1228 4929 i-
1253 4846 1471 4920 sanotilicavit
1497 4869 1571 4918 eum
1597 4854 1618 4930 †
1650 4858 1685 4920 et
1714 4849 1958 4923 commendavit

600 4980 665 5057 per
698 4982 814 5035 manus
848 4961 1088 5057 Apostolorum
1121 4960 1297 5034 Ecclesiae
1335 4984 1435 5053 suae,
1467 4960 1598 5037 dicens:
1637 4962 1713 5036 llicx
1738 4973 1791 5037 est
1821 4966 1972 5056 sanguis:

600 5097 696 5176 meus
722 5080 777 5171 qui
802 5100 864 5173 pro
891 5077 991 5151 vobis
1018 5076 1133 5167 datur,
1159 5077 1201 5149 ad
1227 5079 1452 5173 expiationem
1486 5078 1696 5171 delictorum,
1726 5084 1957 5157 remissionem

600 5200 826 5288 peccatorum,
851 5204 886 5266 et
910 5196 1012 5266 mum
1036 5213 1159 5266 novam
1184 5204 1368 5266 venturam.

705 5307 874 5402 Populea¹
915 5309 1033 5381 Arnen.
