5150 6534
820 855 933 931 Bile
957 854 1095 932 tatoni
1120 855 1361 933 tonantius
1387 854 1558 932 EPlSCOPl
1582 856 1771 934 EDESSENI.
1910 857 1987 931 377

609 1038 841 1128 involuntarie,
869 1043 1014 1112 scienter
1041 1050 1097 1113 aut
1122 1044 1319 1133 ignoranter
1345 1042 1580 1128 commisimus,
1606 1062 1716 1135 neque
1742 1042 1884 1133 rigidum
1911 1065 1984 1116 no-

609 1155 737 1229 biscum
764 1176 909 1228 examen
939 1158 1102 1244 instituas,
1136 1156 1455 1251 quando'stabimus
1482 1177 1597 1227 coram
1624 1155 1709 1228 solio
1743 1158 1914 1229 uenando
1951 1168 1987 1230 at

608 1270 754 1344 timendo
781 1274 965 1365 majestatis
992 1269 1122 1362 gloriae
1155 1282 1247 1359 tuae,
1282 1273 1443 1361 Domine,
1477 1270 1538 1343 sed
1571 1270 1751 1343 secundnm
1783 1275 1984 1345 misericor-

610 1385 707 1473 diam,
735 1383 891 1478 gratiam,
919 1396 953 1457 et
981 1386 1190 1458 clementiam
1216 1408 1282 1478 aga
1308 1387 1500 1459 nobiscum:
1529 1409 1639 1482 neque
1653 1385 1818 1458 laetentur
1845 1388 1887 1459 de
1913 1411 1984 1460 no-

610 1501 662 1575 bis
688 1504 811 1574 inimici
846 1506 972 1590 nostri,
1010 1512 1065 1573 aut
1098 1499 1248 1573 exultent
1283 1501 1325 1572 de
1358 1501 1544 1598 perditione
1575 1512 1707 1575 nostra:
1743 1522 1852 1596 neque
1885 1504 1986 1575 alieni

606 1618 714 1689 'simus
741 1640 762 1687 a
789 1615 915 1688 deliciis
949 1618 1163 1711 optatissimis
1197 1621 1294 1709 regni
1330 1621 1390 1689 tui:
1423 1640 1533 1712 neque
1566 1638 1741 1690 careamus
1775 1616 1892 1691 fiducia
1928 1618 1984 1691 illa

610 1727 752 1803 liliorum
779 1753 877 1825 quum
903 1726 1029 1802 habent
1060 1754 1175 1804 coram
1208 1742 1241 1803 te
1275 1754 1391 1805 omnes
1419 1735 1475 1826 qui
1500 1731 1624 1804 iaciunt
1650 1731 1855 1805 voluntatem
1883 1741 1983 1834 tuam,

611 1854 648 1915 ut
674 1847 708 1916 in
733 1844 811 1933 hoc,
839 1848 923 1917 sicut
949 1855 983 1917 at
1008 1849 1041 1916 in
1069 1846 1241 1937 omnibus,
1268 1847 1489 1940 glorificetur,
1515 1847 1686 1935 laudetur,
1719 1848 1919 1938 bonoretur,
1951 1861 1985 1921 et

611 1960 779 2032 exaltator
804 1982 926 2032 nomen
942 1971 1033 2032 tuum
1048 1960 1270 2050 benedictum,
1298 1962 1460 2058 simulque
1473 1963 1607 2034 Domini
1632 1966 1739 2035 nostri
1764 1943 1847 2035 lesu
1861 1963 1985 2036 Christi

610 2085 646 2145 et
671 2073 814 2170 Spiritus
842 2078 888 2147 tui
915 2079 1030 2147 sancti.

713 2190 875 2285 Populea.
930 2188 985 2280 Ut,
1011 2201 1073 2262 etc.

714 2302 898 2377 Sacerdos.
951 2305 1036 2377 Pax.

714 2419 877 2514 Populos.
916 2418 962 2491 Et
987 2443 1060 2492 curn
1089 2421 1205 2514 spiritu
1231 2429 1298 2490 tuo.

714 2532 898 2605 Sacerdos.
952 2519 1208 2607 Misericordiae*
1231 2535 1296 2605 Dei
1323 2535 1396 2606 sint.

714 2648 903 2721 Diaconos.
955 2650 1077 2722 Iterum
1104 2659 1202 2744 atque
1228 2651 1355 2720 iterum.

637 2937 812 3011 Sacerdos
824 2944 958 3035 frangit
980 2947 1015 3011 et
1031 2944 1153 3034 sipont.
1187 2940 1274 3011 Mon
1291 2939 1376 3010 dicit
1397 2939 1594 3010 Orationem
1613 2947 1694 3010 uota
1713 2941 1816 3013 Pater
1831 2953 1956 3016 noster.

714 3143 886 3233 Existens,
914 3153 1062 3234 aeterne,
1089 3147 1190 3217 Pater
1217 3156 1334 3218 sancte
1360 3144 1434 3215 Filii
1455 3147 1593 3233 aeterni,
1622 3155 1654 3215 et
1681 3149 1802 3217 sancti:
1829 3145 1982 3218 abscon-

613 3258 680 3331 dita
705 3281 769 3331 nec
805 3260 1062 3353 investigabilis:
1096 3257 1254 3348 excelse,
1286 3281 1355 3330 non
1388 3257 1712 3353 comprehensibilis:
1748 3260 1916 3352 gloriose,
1950 3272 1983 3333 et

612 3396 710 3467 quem
737 3378 872 3469 assequi
899 3379 1059 3468 cogitatio
1086 3397 1152 3447 non
1179 3384 1305 3470 potest:
1342 3385 1474 3447 secrete
1502 3377 1557 3468 qui
1583 3373 1746 3469 eprcari
1779 3396 1845 3445 non
1872 3385 1982 3468 potes,

612 3492 669 3584 qui
695 3492 728 3559 in
753 3488 873 3561 ultimis
900 3491 1016 3563 diebus
1044 3493 1217 3584 temporis,
1244 3489 1344 3562 modo
1360 3487 1599 3584 inexplicabili,
1625 3512 1687 3583 per
1702 3489 1983 3584 dispensationem

612 3603 726 3674 verbis
752 3604 1018 3692 inenarrabilem,
1046 3615 1080 3676 et
1106 3629 1167 3700 per
1194 3609 1425 3677 miserationes
1453 3604 1674 3676 essentialiter
1701 3605 1759 3677 tibi
1775 3610 2005 3699 congenitae,

612 3740 741 3790 summo
768 3721 801 3788 in
828 3719 979 3792 bomines
1007 3742 1123 3791 amore
1150 3723 1250 3811 egisti
1283 3741 1366 3812 erga
1393 3719 1585 3811 figmentum
1619 3730 1729 3809 tuum,
1764 3720 1851 3814 quod
1885 3743 1983 3791 mor-

594 3844 720 3922 ptnum,
754 3838 957 3931 corruptioni
991 3834 1204 3926 subjacebat:
1239 3838 1412 3929 ipsumque
1444 3834 1594 3906 Verbum
1619 3835 1739 3906 Filium
1767 3844 1876 3924 tuum,
1904 3837 1983 3907 Do-

610 3950 734 4019 minum
767 3959 801 4019 et
827 3948 1041 4023 Salvatorem
1074 3960 1223 4021 nostrum
1255 3951 1371 4022 lesum
1407 3949 1574 4022 Christum
1606 3953 1724 4021 misisti
1760 3949 1802 4019 ad
1834 3960 1983 4022 nostrum

613 4063 789 4151 auxilinm3
822 4069 878 4159 qui
909 4068 1018 4138 omnia
1051 4087 1278 4159 quaecumque
1315 4065 1357 4135 ad
1393 4064 1659 4136 emendationem
1701 4072 1847 4135 nostram
1888 4074 1985 4135 erant

611 4183 805 4251 necessaria
832 4177 984 4275 perfecit,
1011 4202 1140 4275 nosque
1166 4180 1251 4253 lilios
1279 4191 1367 4270 tuos¹
1383 4190 1417 4251 et
1442 4177 1563 4250 iratres
1591 4199 1672 4250 suos
1705 4183 1842 4268 vocari,
1875 4203 1983 4275 prae-

613 4302 704 4365 stare
731 4292 885 4385 dignatus
913 4303 984 4384 est,
1019 4304 1054 4366 et
1080 4298 1262 4369 orationem
1295 4294 1504 4368 Dominicam
1538 4292 1648 4364 docuit
1678 4315 1761 4379 nos,
1796 4313 1892 4387 quam
1928 4290 1985 4362 tibi

612 4429 688 4478 cum
715 4407 950 4503 deprecatione
978 4410 1190 4499 offerremus3
1218 4422 1252 4483 tu
1277 4433 1377 4501 nunc,
1404 4410 1559 4498 Domine,
1586 4420 1722 4503 praesta
1746 4405 1844 4481 nobis
1871 4409 1985 4478 omni-

611 4518 689 4609 bns,
715 4532 751 4594 ut
775 4522 872 4596 labiis
899 4523 1077 4619 impollutis
1104 4536 1239 4597 etcum
1271 4524 1411 4597 lervore
1438 4546 1544 4596 verae
1578 4523 1655 4595 fidei
1688 4534 1722 4595 et
1754 4522 1872 4594 fidncia
1907 4520 1986 4592 nulli

613 4632 800 4709 confusioni
831 4637 998 4728 obnoxia,
1034 4640 1141 4735 qualis
1176 4640 1260 4713 lilios
1295 4641 1407 4727 decet,
1443 4639 1624 4711 clamemus
1657 4637 1699 4709 ad
1731 4646 1782 4725 te,
1824 4658 1890 4709 uno
1925 4659 1986 4709 ore

614 4749 809 4844 aequaliter,
837 4774 971 4827 oramus
999 4764 1033 4825 at
1059 4754 1222 4830 dicamus:
1249 4755 1352 4827 Pater
1378 4766 1494 4828 noster
1521 4757 1576 4849 qui
1603 4777 1641 4827 es
1657 4755 1701 4840 ‚in
1728 4750 1842 4824 coelis.

717 4864 878 4959 Populos.
933 4867 1174 4956 Sanctificetur,
1202 4881 1265 4941 etc.

717 4980 901 5053 Sacerdos.
954 4983 1055 5055 Pater
1081 4996 1197 5057 sancte
1224 4994 1258 5057 et
1284 4988 1476 5059 misericors
1503 5007 1547 5057 ne
1573 4984 1718 5056 dimittas
1746 5001 1808 5052 nos
1835 5001 1881 5050 ex
1907 5001 1987 5050 ma-

612 5091 711 5167 nibus
744 5099 823 5184 tuis,
857 5119 901 5169 ne
932 5097 1115 5173 incidamus
1150 5102 1185 5171 in
1217 5105 1417 5174 tentationes
1453 5123 1591 5196 quarum
1624 5103 1693 5172 mm
1730 5097 1893 5170 sustinere
1920 5116 1987 5167 non

612 5212 791 5304 possimus.
844 5211 970 5285 Verum
1006 5224 1042 5285 ut
1073 5216 1175 5286 Pater
1215 5215 1379 5307 benignus
1414 5220 1514 5289 visita
1551 5215 1637 5287 lilios
1670 5210 1843 5298 imbelles,
1878 5232 1988 5304 neque

613 5327 731 5420 prives
762 5348 826 5400 uos
857 5330 966 5420 gratia
993 5338 1065 5419 tua,
1099 5340 1154 5402 aut
1188 5328 1367 5425 prohibeas
1402 5329 1552 5404 anobis
1584 5327 1743 5400 inlluxum
1773 5322 1987 5418 benignitatis
