5150 6534
764 1493 1212 1617 illuserit
1266 1501 1501 1619 PETRI
1554 1504 1612 1619 ll.

996 1768 1118 1841 Oratio
1144 1778 1226 1842 ante
1252 1771 1391 1841 Passa.

605 2058 789 2133 Sacerdos.
825 2036 922 2140 Tim
938 2070 970 2134 et
986 2086 1100 2136 coram
1115 2073 1160 2152 te,
1184 2062 1340 2150 Domine,
1358 2061 1553 2133 inclinamus
1571 2059 1657 2133 oolla
1678 2064 1871 2152 animamm,
1920 2081 1949 2132 n·
1959 2079 2007 2132 aa
2021 2081 2093 2138 aaut
2104 2101 2131 2152 p
2146 2082 2192 2136 aa.

502 2197 747 2272 corporumque
772 2188 979 2265 nostrorum,
1007 2189 1041 2249 ut
1067 2201 1088 2249 a
1113 2188 1147 2248 te
1173 2179 1373 2273 accipiamus
1398 2175 1680 2264 benedictionem,
1707 2188 1741 2249 et
1767 2182 1870 2250 auxi-
1885 2164 1944 2218 ⁰⁰³·
1961 2168 2018 2235 3‘9·
2037 2166 2067 2220 ⁰·
2087 2167 2129 2219 ¹¹·

501 2290 580 2364 lium
606 2292 782 2364 infirmitati
807 2306 961 2383 nostrae;
997 2298 1072 2388 quia
1101 2304 1134 2365 tu
1161 2293 1292 2384 adjutor
1318 2303 1351 2364 et
1377 2290 1542 2384 refugium
1569 2296 1712 2375 omnium
1748 2317 1803 2381 es,
1837 2305 1872 2367 et

502 2407 561 2480 tibi
587 2408 729 2500 gloriam
756 2419 789 2479 et
814 2410 945 2482 landem
972 2409 1148 2481 referimus
1175 2418 1208 2480 et
1240 2410 1410 2500 unigenito
1439 2407 1537 2486 nmo,
1559 2418 1634 2498 tuo,
1668 2418 1702 2478 et
1734 2409 1872 2504 Spiritui

504 2532 631 2595 sancto.

605 2638 781 2711 Sacerdos
807 2641 944 2712 elevans
969 2662 1093 2710 vacem.
1148 2639 1199 2710 Tu
1226 2641 1422 2728 etiamnum,
1454 2640 1616 2728 Domine,
1642 2639 1786 2711 illumina
1812 2639 1870 2712 la-

471 2815 474 2821 ,
503 2755 590 2825 ciem
614 2765 703 2825 tuam
731 2778 831 2850 snper
856 2777 938 2844 nos,
966 2765 1000 2826 et
1026 2754 1067 2826 ab
1095 2754 1246 2828 omnibus
1273 2758 1433 2843 inimicis,
1462 2755 1620 2850 quindiu
1647 2777 1710 2828 nos
1736 2754 1870 2845 babent,

502 2867 608 2943 bbera
633 2893 714 2944 nos:
743 2871 836 2960 dele,
863 2878 898 2941 et
924 2871 1048 2942 dimitte
1074 2874 1251 2943 universas
1278 2873 1466 2965 iniquitates
1493 2882 1643 2962 nostras,
1676 2880 1710 2943 et
1735 2869 1871 2943 relere-

503 3004 597 3074 mus,
624 2995 687 3057 etc.

607 3100 769 3192 Populos.
821 3102 938 3173 Arnen.

607 3214 791 3286 Sacerdos.
845 3214 938 3286 Dens
966 3217 1080 3309 pacis,
1112 3223 1144 3284 et
1177 3214 1339 3285 Dominus
1371 3211 1611 3306 tranquillitatis
1636 3211 1798 3304 Domine,
1831 3214 1872 3285 da

504 3325 603 3402 nobis
618 3329 797 3417 omnibns,
831 3329 1018 3424 dignosque
1044 3350 1106 3401 nos
1139 3327 1249 3417 ellice,
1279 3314 1320 3399 ‘ut
1351 3331 1468 3423 spiritu
1503 3349 1523 3397 a
1558 3328 1783 3399 misericordia
1816 3338 1872 3399 tna

503 3463 572 3516 nan
598 3445 727 3533 diviso,
755 3445 990 3541 amplectamur
1015 3446 1177 3532 invicem,
1208 3447 1242 3514 in
1269 3443 1387 3516 osculo
1415 3442 1482 3515 doli
1508 3453 1650 3538 experte
1677 3452 1711 3513 et
1736 3441 1872 3515 refere-

505 3581 578 3633 mus
605 3560 664 3634 tibi
689 3560 849 3654 gloriam,
877 3571 938 3633 etc.

609 3677 770 3771 Papulas.
821 3677 940 3766 Amen.

604 3795 792 3864 Diaconos.
845 3793 979 3864 Stemus
1007 3790 1173 3863 decenter.
1226 3789 1314 3860 Date
1339 3810 1467 3883 pacem.

604 3909 789 3980 Sacerdos.
844 3908 994 3996 Caritas,
1021 3916 1084 3977 etc.

605 4024 766 4117 Populea.
816 4022 939 4093 Amen.

604 4139 790 4210 Sacerdos.
844 4138 982 4211 Sursum
1009 4135 1121 4209 corda.

606 4254 767 4348 Populos.
821 4253 990 4326 Habemus
1018 4252 1060 4323 ad
1086 4252 1273 4325 Dominum.

605 4369 788 4441 Sacerdos.
844 4369 975 4442 Gratias
1003 4389 1141 4460 agamus
1167 4366 1323 4439 Domino.

606 4485 766 4578 Populos.
819 4484 963 4576 Dignum
992 4493 1026 4554 et
1046 4488 1171 4575 justum
1199 4489 1260 4554 est.

606 4598 781 4670 Sacerdos
807 4600 999 4671 inclinatus.
1053 4599 1144 4670 Vere
1171 4619 1334 4691 aequum,
1369 4607 1403 4667 et
1424 4600 1548 4689 justum
1576 4606 1645 4684 est,
1670 4604 1707 4666 ut
1733 4606 1765 4666 te
1791 4594 1872 4667 lan-

503 4711 631 4804 demus,
658 4724 692 4784 et
718 4713 930 4801 extollamus,
957 4714 1109 4809 opificem
1136 4716 1280 4784 omnium
1308 4723 1545 4800 creaturarum,
1572 4719 1638 4782 tam
1666 4713 1872 4805 superiorum

503 4840 601 4922 qnam
632 4828 834 4901 inleriornm.

606 4945 757 5018 Elcaaas
781 4967 906 5017 noceas.
959 4943 1148 5016 Laudamus
1174 4955 1226 5031 te,
1253 4943 1415 5032 Domine,
1443 4967 1517 5016 curn
1542 4940 1702 5034 Angelis,
1738 4951 1771 5012 et
1796 4941 1872 5013 Ar-

503 5059 739 5152 cbangelorum
765 5060 973 5153 legionibus,
1006 5062 1062 5153 qui
1093 5059 1233 5133 vocibus
1265 5061 1372 5133 laudis
1405 5060 1601 5146 inclamant,
1634 5055 1874 5147 vociferantur,

503 5185 538 5248 et
562 5177 682 5250 dsunt

607 5292 768 5386 Papulas.
821 5290 983 5384 Sanctus,
1009 5289 1163 5364 Sanctus.

530 5427 653 5474 ronan
1615 5408 1666 5483 23
