5150 6534
614 846 685 919 102
985 840 1606 919 absentationis

287 1040 353 1085 eam
369 1046 441 1085 auam
465 1045 597 1085 conmea-
609 1028 728 1091 Arabes
751 1027 965 1104 Baradomen,
988 1027 1055 1088 sive
1078 1023 1283 1103 Borodetam,
1313 1025 1365 1105 qui
1394 1042 1462 1088 cum
1485 1024 1567 1104 aliis,
1599 1023 1879 1106 lionophysitaram
1906 1026 1990 1089 bae-

288 1116 350 1170 ¹¹³¹⁰
366 1118 506 1170 assisinate
523 1125 570 1171 ⁰⁵⁸·
610 1129 700 1191 resim
722 1145 779 1208 per
800 1133 895 1189 totum
918 1124 1073 1188 Orientem
1096 1124 1311 1203 disseminavit,
1335 1131 1367 1186 et
1388 1124 1533 1205 plurimes
1555 1131 1619 1187 tota
1641 1124 1730 1205 Syria
1751 1131 1783 1186 et
1805 1123 1989 1207 Hmpota-

610 1228 668 1289 mia
690 1227 884 1308 praesertim,
907 1224 1090 1305 Episcopos,
1114 1223 1296 1287 Sacerdotes
1318 1230 1350 1285 et
1371 1222 1523 1285 Diaconos
1546 1223 1705 1287 ordinavit.
1749 1222 1791 1285 At
1818 1222 1896 1287 baec
1924 1224 1988 1287 da-

340 1323 403 1376 112'11·
425 1323 497 1375 Pmr.
523 1324 596 1377 Λὼτ·
609 1327 772 1389 nominatio
794 1324 851 1386 illis
874 1341 935 1385 non
949 1322 1074 1403 placuit:
1097 1340 1175 1399 nam,
1197 1329 1231 1383 ut
1242 1340 1282 1383 ex
1295 1322 1409 1403 aliquot
1424 1323 1575 1386 Historiae
1589 1321 1829 1385 Patriarcbarum
1843 1321 1987 1386 Alexan·

302 1428 329 1478 Ρ·
348 1408 409 1462 ¹²⁶·
428 1408 488 1463 ¹9⁵·
506 1411 568 1463 ²¹3·
610 1426 764 1489 drinorum
787 1419 863 1486 locis
885 1422 1068 1504 colligimus,
1093 1421 1317 1484 theodosiano:
1339 1440 1373 1483 se
1395 1423 1426 1483 in
1447 1423 1593 1503 Aegypto
1617 1420 1782 1485 vocabant:
1812 1421 1901 1501 quasi
1929 1440 1988 1484 re-

609 1525 730 1607 ligionis
765 1542 781 1584 a
811 1520 983 1584 Theodosio
1010 1521 1150 1601 juniore,
1186 1518 1242 1581 sub
1279 1538 1339 1598 quo
1370 1520 1554 1601 Ephesinum
1584 1520 1753 1584 Concilium
1782 1528 1985 1600 convenerat,
2100 1552 2106 1567 ·

609 1629 820 1705 propugnatne
848 1620 1038 1682 defensores.
1084 1618 1127 1680 lta
1150 1618 1228 1680 enim
1251 1617 1366 1699 aliquot
1387 1620 1520 1682 Antores
1532 1619 1690 1682 Jacobitae
1712 1611 1912 1700 scripserunt,
1934 1616 1986 1680 isa
2016 1693 2023 1707 ι

609 1721 687 1784 silius
710 1721 836 1798 Zaraae,
859 1717 1055 1795 libnassalus,
1078 1716 1250 1779 Elmaeinus
1273 1725 1305 1779 et
1327 1717 1377 1780 atii
1399 1718 1549 1797 nonnulli,
1581 1717 1700 1781 numid
1731 1733 1923 1801 cognomen,
1956 1716 1986 1778 si
2023 1722 2025 1725 ’

610 1819 770 1899 aliquando
792 1817 976 1891 habuerunt,
1000 1816 1140 1878 duxerint
1162 1835 1179 1877 a
1203 1815 1394 1894 Theodosio,
1422 1818 1473 1898 qui
1495 1816 1634 1881 xxxttt.
1659 1815 1844 1879 ¹Patriarcba
1872 1832 1986 1877 ιιιιωο-

610 1928 710 1995 ratur,
734 1916 881 1979 Timothei
902 1915 1010 1977 Aeluri
1036 1930 1235 1991 successore,
1272 1916 1384 1995 quique
1406 1916 1485 1978 inter
1506 1917 1660 1997 principes
1681 1911 1741 1999 τῆς
1761 1902 1985 1999 imaginun

612 2004 791 2102 ὀρχήστρας
813 2023 845 2076 ut
868 2014 947 2075 illam
974 2019 1079 2088 vocat,
1113 2020 1293 2075 recensetur
1322 2013 1359 2075 ab
1390 2006 1551 2078 Anastasio
1580 2013 1787 2088 Antiocheno,
1817 2020 1849 2075 et
1875 2029 1894 2075 a
1922 2028 1986 2093 quo

589 2110 857 2192 'Theodosian0s,
880 2114 1158 2195 Menophysitarum
1181 2114 1314 2194 aliquos,
1348 2130 1456 2175 nomen
1486 2112 1645 2191 habuisse,
1674 2112 1817 2175 scribitur
1844 2112 1876 2173 in
1905 2110 1985 2174 libro

612 2214 651 2276 dc
673 2213 856 2276 Haeresibus
880 2233 897 2275 a
918 2212 1073 2278 cotelerio
1097 2213 1188 2275 edito.
1233 2213 1277 2274 lta
1300 2230 1409 2274 nomen
1440 2211 1714 2274 Theodosionoram
1741 2210 1778 2273 ad
1808 2208 1986 2293 Aegyptios

322 2314 399 2369 Anat
418 2313 461 2369 or.
482 2316 507 2367 T·
531 2318 555 2368 ¹·
572 2314 694 2386 psolos
718 2312 905 2394 pertinebat,
928 2319 958 2374 et
982 2310 1215 2374 severianorum
1238 2311 1275 2373 ad
1298 2309 1506 2372 Antiochenos
1521 2308 1624 2390 Syros.
1663 2308 1987 2390 Tandemcumprae-

288 2401 355 2457 3⁰⁸:
612 2412 757 2475 valuisset
779 2411 890 2492 ubique
912 2410 1114 2473 Jacobitarum
1138 2411 1373 2491 cognominatio:
1397 2427 1457 2490 quo
1481 2411 1624 2489 majorem
1646 2407 1702 2470 sibi
1716 2407 1986 2491 dignitatemcon-

611 2510 762 2586 ciliarent,
786 2528 803 2571 a
824 2510 938 2572 Jacobo
961 2509 1056 2571 iratre
1083 2507 1216 2585 Domini,
1247 2510 1333 2588 quasi
1360 2508 1496 2570 traditam
1526 2507 1564 2568 ab
1593 2526 1632 2571 eo
1661 2506 1750 2569 iidem
1776 2508 1986 2587 incorruptam

611 2610 834 2687 servavissent,
858 2609 899 2669 ita
922 2627 956 2671 se
980 2608 1148 2688 appellatos
1171 2607 1265 2669 luisse
1288 2609 1498 2688 jactaverunt,
1532 2606 1613 2688 quod
1644 2613 1767 2686 praeter
1794 2604 1865 2667 flios
1894 2623 1985 2668 namo

609 2708 774 2770 memoriae
801 2707 940 2786 prodidit.
985 2707 1057 2769 Eam
1086 2724 1161 2768 vero
1191 2707 1320 2768 maxime
1349 2705 1535 2786 probabilem
1570 2721 1691 2766 causam
1721 2722 1791 2767 ease
1821 2704 1985 2767 additionis

609 2804 669 2867 hoc
698 2804 768 2867 loco
790 2805 946 2885 liturgiae
976 2824 993 2866 a
1021 2804 1093 2867 solis
1122 2803 1266 2867 Jacobitis
1298 2805 1413 2880 laetae,
1442 2823 1502 2868 non
1526 2812 1642 2867 temere
1673 2803 1859 2884 conjicimus.
1905 2802 1985 2865 llira

610 2905 689 2966 enim
712 2911 759 2965 est
785 2902 904 2966 illorum
933 2901 971 2965 de
999 2919 1149 2966 consensu
1178 2911 1315 2965 veterum
1349 2904 1467 2966 Patrum
1497 2921 1602 2966 secum
1631 2902 1792 2984 Jactantia,
1819 2919 1858 2964 eo
1886 2904 1986 2983 major

609 3001 689 3083 quod
713 3020 730 3063 a
753 3003 825 3063 viris
848 3019 909 3064 nou
931 3001 1075 3080 indoctis,
1099 3001 1205 3082 quales
1230 3002 1308 3083 apud
1332 3021 1387 3066 eos
1408 3003 1492 3064 multi
1515 3001 1636 3064 luerunt
1652 3001 1825 3063 intentione
1846 3001 1986 3082 scripto-

608 3120 674 3163 rum
698 3102 885 3180 antiquorum
909 3102 1122 3177 versatissimi,
1145 3103 1229 3163 varia
1252 3121 1292 3164 ex
1314 3101 1372 3163 illis
1396 3103 1566 3163 testimonia
1588 3099 1716 3163 collecta
1730 3105 1809 3174 sunt,
1831 3115 1984 3180 praeser-

608 3200 660 3261 tim
682 3219 722 3263 ex
744 3199 849 3263 Severi
872 3199 1052 3262 Antiocheni
1076 3200 1126 3279 qui
1148 3186 1449 3286 nolvypapairceog
1470 3200 1525 3263 luit
1554 3200 1713 3281 operibus,
1748 3215 1827 3279 quae
1855 3198 1986 3279 Syriaco

609 3296 717 3359 dudum
741 3306 772 3360 et
794 3297 925 3359 Arabica
949 3315 1114 3373 conversa,
1144 3297 1212 3359 illos
1242 3299 1269 3358 in
1300 3289 1442 3379 opinione
1475 3318 1530 3361 sua
1558 3298 1743 3362 confirmant.
1790 3295 1865 3360 Sunt
1893 3296 1986 3379 hujus

546 3453 550 3460 .
609 3398 734 3479 generis
758 3395 952 3459 Collectanea
975 3395 1081 3472 multa,
1106 3398 1302 3476 praecipuum
1324 3415 1399 3460 vero
1421 3398 1521 3460 locum
1549 3398 1628 3478 apud
1657 3414 1713 3459 eos
1743 3396 1875 3473 obtinet,
1903 3396 1987 3459 liber

610 3495 724 3568 dictus,
747 3495 837 3554 Fides
858 3494 1002 3572 Petram,
1026 3496 1076 3574 qui
1100 3501 1179 3555 totus
1202 3498 1381 3559 testimoniis
1403 3496 1572 3577 hujusmodi
1602 3503 1763 3559 contextas
1792 3504 1849 3559 est.
1896 3494 1986 3558 Con-

607 3592 755 3671 jecturam
779 3599 879 3653 autem
901 3590 997 3667 illam,
1021 3599 1134 3652 certam
1157 3591 1244 3667 iacit,
1267 3595 1297 3655 id
1320 3596 1401 3676 quod
1424 3595 1536 3678 legitur
1558 3597 1588 3658 in
1610 3594 1827 3657 Exhortatione
1857 3593 1895 3655 ad
1918 3594 1987 3657 Or·

612 3688 777 3763 dinandos‚
800 3688 979 3751 Pontificalis
1003 3690 1148 3765 Medicei,
1172 3692 1200 3751 in
1223 3710 1281 3772 qua
1305 3693 1457 3772 professio
1481 3693 1549 3755 hdei
1579 3694 1618 3755 de
1647 3693 1792 3755 Trinitate
1822 3699 1853 3755 et
1875 3692 1987 3756 locar-

611 3788 740 3848 nationis
765 3787 909 3867 mysterio
932 3788 1093 3850 secundum
1115 3789 1316 3851 Jacobitarum
1340 3794 1526 3872 opinionem,
1550 3794 1624 3873 ipsis
1646 3792 1843 3874 praelegitur.
1888 3790 1924 3853 ln
1947 3811 1988 3855 ea

612 3886 798 3958 continetur,
827 3887 909 3967 exigi
933 3886 969 3947 ab
1001 3887 1181 3950 Ordinandis
1211 3898 1244 3950 ot
1272 3893 1441 3969 suscipiant
1469 3895 1571 3953 omino
1597 3911 1675 3972 quae
1702 3892 1826 3970 definito
1854 3898 1927 3952 anat
1953 3894 1987 3953 ia

611 3983 742 4065 synodis
764 3982 917 4060 Nicaeae,
942 3984 1287 4065 Constantinopolitano,
1310 3997 1340 4049 et
1360 3990 1531 4069 Ephesiae:
1559 3991 1785 4070 doctrinamque
1806 4007 1912 4052 corana
1934 3994 1990 4071 gui

608 4081 697 4158 {idem
719 4083 750 4141 in
772 4077 832 4142 tttts
852 4082 984 4164 Spaaodia
1001 4088 1224 4164 promulgatum
1244 4098 1518 4167 propupaaaemmt,
1543 4098 1572 4152 et
1589 4091 1723 4168 posteris
1741 4089 1987 4165 transmiserant,

611 4177 650 4237 ob
671 4176 883 4256 Apostolorum
906 4191 1037 4262 tmepore
1059 4186 1102 4244 od
1122 4185 1202 4244 hunc
1222 4203 1316 4263 nsque
1338 4188 1435 4247 diem:
1455 4190 1621 4267 praecipue
1642 4188 1744 4248 sancti
1762 4184 1876 4247 Jocobi
1894 4185 1988 4267 Apo-

588 4276 681 4336 ·stoli
701 4275 774 4350 Dei,
796 4278 943 4358 Episcopi
963 4289 992 4341 et
1012 4282 1158 4362 Martyris
1179 4283 1328 4346 veritatis.

339 4372 410 4435 ouo·
442 4373 502 4426 auat
535 4391 597 4428 auae
699 4372 772 4435 Cum
796 4393 871 4438 vero
894 4394 954 4438 non
976 4380 1080 4441 inutile
1103 4382 1152 4455 sit,
1175 4380 1256 4441 scire
1280 4399 1357 4461 quos
1381 4381 1548 4445 traditionis
1571 4401 1644 4444 suae
1667 4390 1790 4444 autores
1817 4396 1889 4443 esse
1913 4383 1987 4444 exi-

306 4458 425 4556 ¹¹⁰0i⁰f⁰⁸
459 4472 599 4531 agnoscam
611 4470 742 4548 stimant,
766 4474 991 4538 recensebimus
1014 4495 1054 4538 ex
1076 4477 1181 4540 eadem
1204 4478 1424 4542 Exhortationc
1447 4480 1565 4543 illorum
1588 4481 1717 4542 nomina.
1761 4479 1871 4555 Linus,
1893 4478 1987 4543 Ana-

304 4541 443 4600 ¹¹¹⁰⁰b¹¹⁸²·
466 4594 470 4601 ¹
611 4568 718 4648 cletus,
744 4569 893 4650 Clemens,
916 4572 1042 4636 Romani
1064 4576 1223 4657 Episcopi:
1248 4579 1422 4641 Timotheus
1445 4579 1571 4658 Ephesi:
1596 4580 1680 4642 Titus
1697 4578 1823 4641 Cretae:
1845 4577 1985 4660 tgnaum

610 4666 806 4731 Antiochiae:
832 4669 1017 4753 Polycarpus
1042 4676 1203 4756 Smyrnae:
1228 4677 1390 4758 Dionysius
1420 4677 1620 4740 Athenarum:
1649 4676 1844 4758 Hippolytus,
1871 4675 1985 4757 Julius,

609 4765 780 4844 Anatolins,
804 4776 836 4829 ut
847 4768 941 4849 vulgo
954 4771 1067 4849 dicunt,
1089 4773 1217 4836 Romae:
1241 4775 1357 4851 Petrus,
1384 4775 1569 4853 Alexander,
1592 4775 1734 4848 Achillas,
1756 4774 1987 4840 Alexandriae:

609 4861 776 4947 Gregorius
799 4866 1048 4932 Neocaesareae:
1071 4871 1198 4934 Basilius
1222 4874 1409 4935 Caesareae:
1434 4875 1601 4956 Gregorius
1625 4873 1801 4956 Theologus
1821 4872 1989 4937 damna:

609 4960 778 5043 Gregorius
800 4964 940 5044 Nyssae:
964 4966 1128 5048 Dionysius
1151 4970 1370 5034 Alexandriae:
1394 4972 1567 5034 Eustathius
1590 4972 1786 5034 Antiochiae:
1811 4971 1991 5046 nmmum,

553 5139 557 5146 ,
607 5057 757 5139 loannes,
782 5061 1105 5145 Constantinopoleos:
1132 5067 1333 5150 Theophilus,
1363 5071 1550 5145 Timotheus,
1578 5070 1799 5133 Alexandriae:
1821 5067 1991 5150 Amphilo-

591 5157 693 5248 chius
715 5158 826 5223 lconii:
851 5160 1021 5244 Cyprianus
1046 5164 1252 5249 Carthaginis:
1268 5169 1408 5252 xCyrillus
1431 5169 1657 5232 Alexandriae:
1681 5165 1806 5231 Procius
1828 5166 1990 5231 Consua·

607 5255 796 5336 tinopoleos:
825 5259 991 5324 Dioscorus
1015 5263 1234 5330 Alexandriae:
1265 5267 1451 5349 Epiphanius
1475 5268 1586 5348 Cypri:
1617 5266 1793 5331 Theodotus
1821 5263 1990 5349 Ancyrae:

338 2076 403 2128 Hiat-
426 2064 498 2129 Patr.
522 2077 587 2130 Alea
