5150 6534
910 855 1678 935 uosrsrnu-csrnrn
1905 829 1980 931 ms

611 1042 792 1130 redemisti,
819 1051 853 1113 et
878 1065 966 1134 grex
993 1055 1066 1114 tuus
1094 1042 1321 1134 orthodoxus,
1354 1067 1451 1138 quern
1478 1048 1683 1140 acquisivisti
1710 1057 1744 1118 te
1771 1045 1980 1140 deprecatur,

611 1168 645 1230 et
669 1181 730 1255 per
756 1169 790 1230 te
816 1168 925 1230 tecum
952 1159 1083 1230 Patrem
1111 1169 1199 1230 tuum
1227 1159 1351 1231 dicens.

712 1275 874 1367 Populus.
928 1276 1099 1347 Miserere.

713 1390 897 1462 Sacerdos.
951 1391 1022 1462 Nos
1051 1412 1189 1484 quoque.

712 1507 900 1578 Diaconos.
956 1510 1061 1594 Quam
1090 1508 1232 1578 timenda
1260 1519 1312 1579 est
1338 1507 1421 1578 haec
1448 1508 1540 1578 hora.

848 1818 1025 1888 Sacerdos
1051 1818 1135 1888 utctt
1162 1817 1416 1888 invocationem
1442 1816 1593 1909 Spiritus
1618 1818 1740 1884 suncti.

712 2007 881 2101 Propitius
917 2016 991 2078 esto
1023 2006 1120 2077 nobis
1153 2007 1297 2078 Domine
1330 2006 1422 2076 Deus
1456 2014 1590 2076 creator
1629 2014 1759 2091 noster,
1800 2001 1980 2072 secundum

611 2126 866 2219 promissionem
894 2144 1008 2191 veram
1036 2124 1194 2213 unigeniti
1221 2122 1295 2192 Filii
1323 2123 1376 2207 tui,
1406 2132 1440 2191 et
1465 2126 1555 2191 mitte
1589 2117 1745 2213 Spiritum
1777 2129 1865 2189 tuum
1893 2140 1979 2189 san-

611 2249 698 2311 ctum
725 2259 825 2330 super
853 2236 1038 2309 oblationes
1064 2249 1214 2311 nostras:
1243 2236 1331 2307 illurn
1360 2240 1413 2330 qui
1437 2236 1494 2307 tibi
1520 2233 1668 2328 aequalis
1684 2245 1735 2305 cst
1761 2245 1828 2305 tam
1855 2256 1979 2305 csscn-

611 2358 669 2443 tia,
696 2377 792 2447 quam
820 2352 937 2424 throno
966 2363 999 2424 et
1026 2354 1149 2444 gloria„
1177 2364 1285 2423 tecum
1314 2364 1346 2423 et
1382 2375 1454 2422 cum
1483 2354 1651 2441 unigenito
1686 2348 1773 2421 Filio
1807 2358 1879 2420 tuo:
1906 2352 1980 2442 ipse

609 2472 742 2556 veniat,
769 2479 802 2538 et
836 2467 988 2539 illabatur
1022 2491 1122 2561 super
1158 2472 1319 2563 mysteria
1355 2467 1451 2557 hacc,
1488 2466 1608 2560 illaque
1643 2466 1826 2537 sanctificet
1859 2462 1978 2558 illapsu

609 2607 680 2658 suo.

713 2700 873 2792 Populus.
927 2699 1059 2772 Exaudi
1086 2724 1151 2788 nreq
1180 2710 1241 2770 etc.

713 2815 888 2887 Sacerdos
915 2817 1051 2886 clarnos
1077 2838 1201 2886 rocem.
1256 2817 1352 2910 lpse,
1381 2818 1526 2908 iuquam,
1561 2815 1633 2906 ipse
1666 2811 1807 2906 Spiritus
1841 2822 1976 2884 sanctus

609 2932 727 3027 illapsu
753 2953 827 3012 suoq
855 2932 1003 3027 perficiat
1029 2954 1146 3026 patrem
1175 2931 1271 3020 hunc,
1299 2953 1421 3025 corpus
1448 2934 1562 3000 vivum
1591 2937 1623 2998 et
1648 2929 1823 2999 vivificans
1851 2933 1977 2999 animas

531 3133 534 3138 Ι
609 3058 762 3120 nostras:
790 3070 912 3141 corpus
940 3057 1088 3118 sanctum
1117 3056 1150 3117 et
1176 3045 1351 3117 vivificans
1379 3067 1520 3140 corpora
1547 3054 1672 3115 nostra:
1706 3067 1829 3138 corpus
1857 3066 1974 3114 verum

510 5427 555 5594 p„

611 3162 733 3235 Christi
759 3163 822 3233 Dei
851 3167 956 3234 nostri
983 3164 1025 3234 ad
1052 3166 1276 3258 expiationem
1305 3162 1510 3250 delictorum,
1538 3172 1572 3231 et
1599 3163 1825 3232 remissionem
1847 3182 1976 3256 pecca-

608 3288 726 3364 torum,
754 3280 1007 3373 suscipientibus
1035 3278 1122 3349 illud.

713 3395 873 3487 Populus.
927 3396 1045 3465 Amen.

712 3508 895 3584 Sacerdos,
937 3510 979 3580 Et
1006 3515 1134 3581 mistum
1163 3509 1249 3603 quod
1278 3512 1383 3580 estin
1405 3508 1469 3581 hoc
1497 3508 1612 3594 calice,
1640 3508 1759 3579 efficiat
1784 3508 1977 3598 sanguinem

610 3633 759 3697 sanctum
786 3638 819 3698 et
846 3625 1102 3698 sanctificantem
1131 3629 1257 3697 animas
1284 3634 1433 3696 nostras:
1469 3627 1665 3715 sanguinem
1701 3648 1816 3718 purum
1850 3633 1883 3693 et
1908 3647 1977 3717 pu-

609 3741 790 3813 rificantem
818 3765 961 3837 corpora
989 3754 1115 3813 nostra:
1144 3746 1339 3833 sanguinem
1374 3741 1571 3813 dominicum
1604 3739 1723 3812 Christi
1756 3743 1820 3811 Dei
1853 3742 1977 3825 nostri3

611 3855 654 3927 ad
679 3859 903 3951 expiationem
932 3857 1136 3945 delictorum,
1164 3867 1197 3927 et
1224 3859 1454 3928 remissionem
1487 3866 1711 3950 peccatorum,
1740 3852 1977 3949 accipientibus

573 4011 579 4018 ·
610 3971 709 4043 illurn.

715 4089 875 4182 Populus.
929 4091 1046 4161 Amen.

713 4203 897 4275 Sacerdos.
951 4203 994 4275 Et
1034 4203 1098 4274 illis
1139 4204 1422 4276 sacramentaliter
1471 4203 1751 4272 communicantes
1794 4223 1869 4271 curn
1912 4200 1977 4271 hde

609 4343 706 4406 vera,
732 4320 860 4391 custodi
886 4343 958 4407 nos,
989 4331 1022 4390 et
1049 4321 1089 4391 ab
1120 4323 1207 4390 omni
1239 4317 1371 4389 haeresi
1407 4341 1491 4411 quae
1528 4318 1667 4387 animam
1705 4315 1844 4400 inficiat,
1878 4315 1976 4396 salva

608 4457 691 4524 n0s3
719 4459 739 4507 a
766 4445 860 4507 reatu
887 4445 1098 4530 peccatorum
1125 4447 1313 4507 nostrorum
1340 4434 1445 4504 libera
1473 4455 1547 4519 nos,
1576 4442 1608 4502 et
1636 4432 1676 4502 ab
1706 4433 1784 4520 igne
1802 4431 1976 4523 gehennae

609 4555 701 4647 eripe
727 4535 802 4636 nos,
830 4561 866 4622 ut
892 4550 1078 4622 referamus
1107 4553 1163 4623 tibi
1190 4552 1331 4642 gloriam
1358 4557 1392 4619 et
1418 4548 1556 4619 laudem.

720 4667 916 4737 Incltootus.
946 4666 1118 4738 Ollarimus
1136 4666 1192 4737 tibi
1210 4667 1406 4736 sacrificium
1421 4663 1483 4736 hoc
1497 4663 1685 4752 timendum,
1709 4672 1741 4732 et
1758 4664 1974 4745 incruentum,

607 4807 671 4879 pro
698 4782 851 4855 Ecclesia
879 4794 1012 4871 sancta
1041 4795 1073 4853 et
1100 4788 1171 4875 ejus
1200 4779 1414 4869 Pastoribus‚
1449 4778 1638 4850 Patriarcha
1677 4798 1795 4870 nempe
1830 4776 1972 4845 Domino

606 4899 649 4972 N.
675 4912 710 4971 et
734 4899 905 4995 Episcopo
932 4910 1047 4970 nostro
1075 4899 1115 4968 N.
1149 4901 1202 4991 qui
1230 4921 1303 4968 eam
1330 4906 1422 4966 recte
1438 4905 1590 4990 pascunt:
1617 4915 1746 4990 proque
1770 4892 1856 4961 omni
1872 4888 1973 4960 Clero

608 5018 724 5110 quiin
750 5016 805 5086 illa
833 5026 900 5106 est,
929 5026 962 5085 et
995 5038 1055 5107 pro
1071 4997 1074 5001 “
1092 5015 1165 5085 filiis
1193 5017 1281 5104 ojus
1316 5016 1370 5106 qui
1397 5016 1430 5082 in
1457 5014 1615 5082 universo
1643 5007 1726 5080 orbe
1754 5017 1847 5095 sunt,
1875 5009 1973 5077 etiarn

597 5152 670 5227 ‘pro
705 5130 889 5202 infirmitate
923 5134 988 5200 mei
1030 5133 1234 5223 peccatoris:
1271 5151 1332 5223 per
1369 5126 1628 5200 misericordiam
1668 5134 1776 5213 tuanm
1818 5123 1972 5213 Domine,

607 5249 761 5337 ignosce,
788 5256 821 5317 et
847 5247 972 5317 dimitte
998 5257 1139 5338 peccata
1166 5268 1241 5315 mea
1268 5255 1301 5315 et
1328 5245 1478 5315 delectus
1506 5264 1610 5328 meoS,
1638 5249 1672 5311 et
1698 5238 1848 5326 concede
1874 5249 1973 5311 tran-

610 5362 802 5458 quillitatem
827 5366 860 5433 in
886 5361 1081 5437 habitaculis
1108 5364 1180 5455 ejus
1205 5364 1372 5456 usquein
1399 5358 1576 5435 saeculum.
1639 5450 1641 5454 v
1714 5407 1717 5411 -
