5150 6534
850 810 1168 889 Jonnnls
1221 805 1693 885 BASORENSIS.
1875 801 1950 876 431

584 1023 685 1095 super
711 1008 833 1073 terram
858 1002 953 1073 visus
981 1008 1033 1071 est
1059 999 1210 1070 immunis
1238 1021 1258 1069 a
1284 1005 1440 1091 peceato:
1466 996 1628 1068 Dominus
1655 1005 1689 1067 et
1713 994 1806 1065 Deus
1839 1000 1954 1064 noster

581 1115 683 1190 ,lesus
710 1113 860 1188 Christus
887 1118 1074 1207 unigenitus
1101 1114 1204 1186 Filius
1230 1123 1323 1200 tuus,
1351 1133 1413 1207 per
1438 1133 1537 1206 quem
1562 1133 1627 1184 nos
1660 1132 1793 1205 quoque
1828 1130 1952 1204 spera-

582 1252 676 1321 mus,
704 1240 766 1303 etc.

686 1347 848 1441 Populus.
902 1347 1056 1434 Quietem
1082 1355 1227 1441 praesta.

688 1461 864 1534 Sacerdos
891 1464 1029 1535 elevans
1053 1484 1178 1533 ooaenr.
1230 1459 1275 1531 Et
1301 1459 1343 1531 ad
1370 1463 1472 1530 vitam
1486 1458 1644 1553 deinceps
1659 1467 1752 1530 recte
1771 1460 1952 1531 instituen-

583 1578 660 1650 dam
685 1577 846 1672 Domine,
872 1582 997 1652 instrue
1024 1601 1144 1651 servos
1171 1587 1265 1665 tuos,
1293 1585 1327 1646 et
1353 1575 1523 1647 oculorum
1546 1577 1792 1667 evagationem,
1817 1574 1952 1664 linguae

583 1697 855 1790 protervitatem,
883 1705 989 1768 tactus
1016 1716 1169 1767 manuum
1196 1690 1399 1788 impudicos,
1425 1689 1632 1786 voluptatem
1659 1696 1758 1764 etiam
1793 1714 1880 1786 quae
1907 1714 1954 1763 ex

545 1808 697 1886 ‚audim
723 1832 834 1908 rerum
860 1810 1018 1881 malarum
1045 1812 1245 1905 percipitur,
1280 1806 1375 1878 auier
1406 1831 1426 1878 a
1452 1804 1560 1878 nobis.
1617 1807 1677 1879 llla
1711 1811 1809 1879 etiam
1843 1831 1953 1903 quae-

584 1948 727 2020 cumque
760 1948 806 1997 ax
837 1930 953 2021 pravis
987 1904 1213 1998 allectionibus
1252 1927 1416 2010 oriuntur,
1451 1945 1575 1995 vanam
1609 1921 1769 2015 gloriam,
1802 1945 1955 2018 quaeque

585 2040 826 2114 similitudinem
853 2040 976 2114 hahent
1002 2065 1076 2114 cum
1102 2044 1196 2112 ruina
1222 2041 1278 2113 illa
1311 2043 1417 2135 prima
1451 2040 1586 2125 Adami,
1622 2062 1683 2134 per
1713 2038 1954 2112 fraudulentum
2008 2107 2010 2120 ,

586 2153 768 2228 diabolum:
797 2161 923 2231 ventris
954 2157 1249 2245 insatiabilitatem,
1291 2178 1389 2250 quem
1423 2154 1515 2226 multi
1547 2154 1655 2227 Deum
1688 2178 1782 2228 suum
1816 2155 1955 2229 faciunt:

586 2276 761 2344 avaritiam
789 2296 874 2366 quae
907 2284 960 2345 est
991 2273 1154 2345 idolorum
1188 2275 1349 2343 servitus:
1384 2281 1419 2341 ut
1451 2271 1493 2342 ab
1528 2269 1680 2344 omnihus
1714 2272 1778 2346 illis
1811 2277 1954 2367 purgati,

485 2415 488 2425 ·
586 2410 807 2483 appareamus
833 2393 866 2459 in
892 2388 1013 2461 mundo
1039 2399 1196 2481 tanquam
1219 2388 1411 2476 luminaria3
1443 2384 1583 2458 verbum
1616 2391 1707 2460 vitae
1740 2410 1954 2461 conservan-

584 2512 653 2591 tes3
680 2515 714 2577 et
739 2508 846 2577 onmis
875 2508 1070 2599 quicumque
1097 2525 1160 2575 nos
1187 2502 1322 2589 viderit,
1356 2506 1431 2576 sive
1457 2502 1563 2576 fidelis
1589 2507 1665 2576 sive
1694 2503 1847 2592 infidelis,
1874 2506 1955 2577 lau-

587 2619 643 2691 det
674 2630 708 2691 et
740 2630 920 2692 veneretur
954 2619 1125 2693 nobiscum
1159 2642 1280 2691 nornen
1312 2629 1401 2690 tuum
1427 2619 1644 2709 laudandum,
1676 2619 1954 2712 gloriosissimum

587 2745 623 2807 et
647 2735 873 2823 benedictum,
910 2736 1070 2831 simulque
1096 2735 1230 2809 Domini
1260 2738 1366 2809 nostri
1398 2736 1480 2808 Jesu
1512 2734 1652 2826 Christi,
1679 2746 1713 2807 et
1739 2737 1881 2832 Spiritus
1908 2741 1953 2809 tui

586 2855 701 2925 sancti.

690 2968 851 3061 Popalaa.
903 2967 965 3055 Ut,
993 2976 1055 3039 etc.

690 3083 873 3155 Sacerdos.
925 3085 1009 3156 Pax.

690 3199 851 3293 Papulas.
903 3199 1045 3272 Etcum
1073 3199 1188 3293 spiritu
1214 3208 1282 3269 tuo.

600 3389 602 3394 ,
690 3315 873 3387 Sacerdos.
926 3314 1177 3387 Misericordiae
1204 3313 1269 3384 Dei
1296 3316 1370 3385 sint.

692 3431 851 3523 Popalaa.
905 3432 1047 3503 Etcum
1074 3432 1190 3525 spiritu
1218 3440 1283 3501 tuo.

693 3545 868 3618 Sacerdos
890 3551 1024 3641 frangit
1050 3553 1084 3617 et
1109 3550 1230 3639 signat.

692 3660 879 3733 Diaconos.
933 3665 1054 3735 lterum
1081 3672 1180 3757 atque
1208 3665 1337 3735 iterum.

830 4021 1006 4095 Sacerdos
1032 4024 1117 4094 dicit
1144 4024 1342 4093 Orationem
1368 4030 1449 4095 acte
1475 4023 1575 4094 Pater
1600 4034 1725 4097 noster.

695 4222 818 4294 Sancta
846 4223 1042 4296 Sanctorum
1070 4226 1185 4319 quiin
1218 4228 1343 4296 sanctis
1376 4229 1559 4320 requiescis
1587 4235 1621 4297 et
1646 4238 1781 4301 sanctos
1809 4227 1959 4325 perficis3

592 4337 647 4432 qui
665 4359 728 4409 nos
751 4361 867 4411 omnes
885 4345 1019 4414 vocasti
1040 4344 1219 4413 vocatione
1242 4351 1370 4427 sancta,
1398 4341 1440 4411 ad
1459 4342 1568 4413 lumen
1590 4339 1741 4417 mirabile
1760 4349 1959 4436 cognitionis

591 4455 650 4539 tui,
678 4457 732 4548 qui
759 4459 898 4546 gratiam
927 4457 1133 4553 adoptionis,
1159 4479 1225 4527 non
1253 4455 1482 4551 exoperibus
1511 4462 1652 4546 nostris,
1680 4459 1740 4531 sed
1768 4484 1829 4557 per
1861 4462 1959 4533 iidem

591 4567 690 4641 nohis
717 4569 942 4664 adquisivisti3
969 4583 1116 4667 praesta,
1142 4580 1177 4643 ut
1202 4594 1390 4643 mereamur
1415 4595 1483 4645 non
1509 4574 1615 4665 ligura
1643 4584 1766 4646 tuntum
1788 4580 1958 4664 exteriori,

592 4682 653 4754 sed
680 4684 782 4756 corde
808 4709 911 4780 puro,
949 4699 983 4759 et
1017 4691 1242 4761 conscientiae
1275 4687 1411 4775 liducia,
1446 4700 1480 4760 et
1512 4688 1609 4763 labiis
1641 4711 1709 4762 non
1736 4689 1959 4763 deficientibus

592 4800 753 4872 invocare
780 4810 813 4872 te
839 4801 984 4891 Patrem,
1012 4805 1144 4875 Patrem
1171 4814 1331 4891 nostmm‚
1359 4813 1394 4875 ut
1419 4803 1656 4901 multiloquium
1675 4779 1806 4879 ,vanum
1834 4818 1868 4879 et
1900 4808 1958 4880 ln-

592 4913 650 4985 tile
675 4917 850 5011 impiomm
878 4919 1106 5009 Paganorum,
1142 4929 1175 4989 ct
1208 4920 1382 4991 Judaieam
1417 4921 1606 5016 superbiam
1633 4926 1845 5014 rejicientes,
1872 4947 1960 4997 voce

593 5028 716 5121 humili,
745 5041 778 5104 et
805 5033 909 5126 qualis
938 5032 1142 5106 Christianos
1170 5034 1284 5123 decet,
1316 5040 1483 5131 possimus
1510 5039 1632 5110 offerre
1659 5036 1717 5111 tihi
1743 5040 1959 5136 deprecatio-

592 5168 689 5235 nem,
723 5148 902 5221 secundum
929 5149 1039 5241 legem
1067 5151 1109 5223 ab
1136 5154 1307 5242 unigenito
1335 5151 1419 5225 Filio
1441 5164 1503 5226 =tuo
1529 5160 1685 5249 positam,
1713 5166 1846 5229 etcum
1873 5181 1959 5230 san-

593 5264 706 5352 clitote
747 5268 897 5359 corporis
930 5277 964 5336 et
1000 5270 1145 5377 animae,
1183 5268 1339 5363 bonaque
1377 5270 1567 5360 voluntate,
1599 5293 1685 5365 quae
1723 5272 1808 5346 lilios
1851 5273 1959 5366 decet,
