5150 6534
959 852 999 927 ut
1025 850 1232 927 Luuhotnh
1258 848 1394 927 JhCOBl
1419 851 1606 929 Eoussthl.
1892 853 1966 928 381

602 1035 702 1117 logos,
725 1033 871 1098 Seuerum
883 1034 1067 1115 Episcopum
1088 1034 1283 1113 Asehmonin,
1307 1036 1357 1116 qui
1380 1036 1459 1099 idem
1481 1035 1547 1098 luso
1570 1037 1704 1116 exponit,
1728 1044 1759 1099 ot
1781 1038 1866 1115 alios,
1890 1056 1970 1119 quo-

601 1153 668 1199 rum
690 1132 759 1196 alibi
781 1135 949 1218 testimonia
973 1134 1066 1196 relata
1089 1142 1168 1196 sunt.
1213 1134 1309 1195 Unum
1331 1142 1433 1196 autem
1453 1153 1565 1215 corpus
1587 1144 1722 1198 sanctum
1745 1136 1868 1201 dicitur:
1899 1140 1970 1219 quia

601 1232 1004 1296 utmultisdocetBarsalibi
1026 1241 1245 1296 sacramentum
1266 1252 1357 1295 unum
1380 1241 1438 1309 est,
1461 1234 1593 1313 quamvis
1617 1235 1648 1295 in
1669 1237 1829 1316 speciebus
1845 1237 1970 1313 duabus,

496 1373 500 1384 ·
601 1333 727 1396 atvasis
741 1330 874 1395 duobus:
897 1341 1088 1413 quapropter,
1111 1334 1214 1412 inquit,
1234 1334 1390 1411 porticulo
1412 1334 1502 1394 cuiioi
1523 1335 1699 1408 immittimr,
1721 1343 1754 1396 ut
1778 1337 1970 1417 aipnificctun
2018 1330 2085 1385 coin
2102 1336 2129 1385 ὑ·
2145 1333 2192 1385 ¹1⁸²·
2205 1335 2294 1387 Jacott

601 1433 660 1496 hoc
680 1450 747 1493 csse
768 1450 879 1511 corpus
899 1434 987 1493 istius
1006 1434 1179 1510 santonicis:
1202 1433 1336 1511 huncque
1358 1420 1532 1511 sorrpniuem
1553 1433 1641 1494 istius
1663 1436 1812 1512 corporis,
1835 1436 1971 1515 quodque
1983 1435 2040 1487 ΜΡ·
2061 1419 2102 1471 ¹⁶·

600 1531 881 1594 ucetiatmaasts
893 1531 1019 1607 dnobus,
1041 1550 1152 1609 corpus
1166 1540 1196 1593 et
1209 1534 1343 1611 sanquis,
1365 1552 1455 1593 unum
1476 1540 1574 1592 tarrten
1589 1540 1635 1593 est
1656 1551 1767 1614 corpus
1789 1536 1970 1598 dominicum

607 1627 695 1690 Verbi
713 1629 782 1693 Dei.

975 1908 1008 1977 3.
1044 1908 1243 1997 Benedicil,
1267 1911 1387 2000 saepit,
1414 1907 1495 1994 edil,
1522 1914 1585 1978 etc.

712 2098 768 2176 lrn
790 2108 821 2171 in
843 2108 985 2191 Liturgiis
1009 2108 1142 2190 Copticis
1166 2117 1197 2171 ot
1219 2109 1354 2189 Syriacis
1382 2112 1549 2189 nonnullis,
1580 2111 1634 2173 sed
1664 2112 1772 2176 rarius.
1819 2111 1968 2178 Constans

601 2220 700 2275 tamm
723 2212 868 2294 Syrorum
889 2213 1055 2275 Doctorum
1082 2215 1229 2275 sententia
1259 2223 1316 2278 ost.
1360 2213 1514 2277 Barsalibi.
1559 2214 1713 2277 Sacerdos
1732 2218 1861 2296 primam
1883 2238 1969 2280 com·
2016 2224 2052 2275 lc
2071 2243 2093 2276 c.
2115 2227 2158 2278 18.

599 2314 734 2375 manicat
754 2314 923 2393 mysteriis.-
952 2314 1031 2374 sicud
1058 2314 1147 2373 ctiam
1176 2312 1323 2374 Dominus
1350 2323 1453 2375 noster
1472 2315 1601 2392 primum
1622 2315 1740 2393 quidem
1762 2319 1969 2379 communica—

600 2412 646 2473 oit
667 2413 791 2491 corpori
811 2419 841 2473 et
861 2413 1002 2491 scnpnini
1022 2431 1077 2472 saio
1095 2413 1126 2471 in
1139 2413 1319 2473 coerthculo:
1342 2413 1450 2473 deiude
1472 2421 1626 2493 utrumque
1646 2411 1811 2493 Dissipatis
1833 2435 1968 2479 commn-

600 2512 725 2573 micavit.

668 2771 702 2840 i.
742 2769 822 2840 Non
849 2776 966 2861 luponi
988 2775 1137 2862 precenta
1164 2776 1282 2840 nostru
1309 2770 1453 2863 sipillunr
1480 2769 1679 2843 Chrismutis
1706 2776 1754 2842 tui
1780 2770 1900 2845 suncti.

692 2961 765 3039 Hoc
788 2971 855 3034 loco
869 2970 972 3057 μῦρον
993 2972 1058 3033 sive
1072 2971 1320 3035 chrismationem
1339 2972 1501 3054 significari
1522 2975 1715 3055 perspicuum
1738 2985 1800 3054 est,
1824 2985 1857 3038 ut
1879 2979 1968 3040 otiam

600 3076 706 3140 iisdem
728 3075 830 3138 verbis
861 3076 890 3136 in
913 3076 1048 3156 Liturgia
1076 3076 1230 3137 Philoxeni
1257 3075 1450 3157 hlabugonsis
1480 3078 1546 3138 sive
1575 3078 1807 3160 Hieropolitoni,
1842 3080 1967 3163 legitur:

600 3195 662 3238 non
680 3175 783 3254 facias
804 3194 861 3237 nos
878 3182 996 3253 purtem
1018 3177 1097 3254 ipnis
1118 3177 1197 3236 illius
1219 3177 1371 3250 arderetis,
1401 3177 1472 3255 pauiu
1495 3175 1635 3238 Chrtsrna
1662 3186 1743 3239 tuum
1764 3188 1900 3239 sanctum
1922 3182 1970 3240 si-

602 3280 727 3354 pnoturn
748 3275 780 3334 in
802 3273 890 3335 nobis
912 3282 965 3336 est.
1010 3274 1055 3335 Eo
1079 3274 1146 3335 loco
1169 3293 1224 3355 por
1247 3293 1354 3336 socom
1378 3274 1570 3350 Chrismatis,
1601 3275 1776 3357 intelligitur
1797 3295 1858 3339 non
1881 3279 1968 3341 modo

602 3379 820 3435 sacramentum
845 3371 1093 3450 Conhrrnationis,
1118 3376 1182 3435 sivo
1205 3374 1320 3455 Myron,
1344 3381 1376 3435 ut
1399 3372 1568 3454 appellatur
1590 3393 1608 3436 a
1631 3373 1806 3437 Christianis
1827 3374 1969 3439 Orienta-

602 3470 696 3548 libus,
724 3469 780 3533 sed
810 3471 898 3532 otiam
926 3470 1083 3552 Baptismi,
1116 3475 1165 3553 qui
1195 3473 1280 3535 simul
1311 3475 1340 3533 in
1372 3473 1495 3536 Oriente
1526 3473 1754 3536 administratur.
1799 3475 1839 3536 At
1861 3477 1890 3537 in
1912 3478 1968 3540 ista

602 3568 736 3651 Liturgia
759 3577 917 3650 utrumque
940 3579 1158 3633 sacramentum
1182 3572 1391 3652 distinguitur,
1415 3573 1605 3654 sigillumque
1628 3573 1820 3650 Chrismatis,
1844 3595 1860 3636 a
1883 3586 1968 3639 veste

602 3667 809 3749 Baptismatis,
838 3688 896 3749 qua
926 3669 1074 3732 Christum
1098 3672 1261 3746 induimuS,
1292 3671 1463 3734 aliudesse
1487 3671 1666 3734 declaratur.
1711 3673 1756 3736 Eo
1779 3675 1915 3751 nomine,
1939 3675 1968 3737 id

603 3768 684 3848 quod
707 3786 762 3831 nos
785 3766 930 3831 Catholici
954 3768 1158 3832 characterom
1183 3770 1367 3850 appellamus
1390 3770 1516 3853 intelligi
1539 3779 1656 3833 certum
1686 3781 1750 3847 est,
1782 3792 1870 3854 quem
1900 3775 1969 3836 dum

605 3883 702 3948 aeque
714 3885 772 3948 per
790 3865 926 3930 Chrisma
949 3870 1014 3930 sive
1028 3868 1287 3931 Conlimrationem
1309 3870 1436 3949 imprimi
1459 3879 1638 3951 agnoscunt,
1661 3871 1748 3933 simul
1771 3880 1873 3935 rectae
1895 3891 1969 3935 suae

604 3965 644 4028 de
666 3965 725 4030 hoo
746 3975 934 4030 sacramento
958 3968 1113 4029 doctrinae
1136 3969 1334 4029 testimonium
1358 3969 1468 4056 dicunt.

605 4244 641 4314 5.
682 4241 767 4313 Nos.
781 4245 808 4311 ii
834 4265 954 4329 siamus,
981 4243 1143 4329 Domine,
1178 4247 1236 4336 prii
1261 4249 1475 4315 sustinuimus
1501 4248 1743 4336 contumelium,
1772 4254 1806 4317 et
1833 4269 1967 4340 oppro-

1011 4358 1120 4427 hriurn
1143 4382 1210 4451 pro
1237 4364 1370 4432 nomine
1397 4369 1466 4450 tua,
1493 4369 1555 4435 etc.

702 4549 756 4628 Ao
773 4559 912 4624 miseram
928 4560 1165 4624 Christianorum
1188 4564 1389 4627 conditionem
1407 4565 1462 4626 suh
1476 4565 1690 4628 hluhamedana
1713 4568 1870 4649 tyrannide
1892 4567 1968 4630 hacc

604 4663 700 4727 verha
722 4663 885 4728 referenda
908 4673 992 4727 sunt:
1017 4683 1083 4726 cum
1102 4667 1162 4745 Jam
1183 4667 1346 4729 extinctum
1368 4676 1452 4731 esset
1471 4670 1629 4732 Persarum
1647 4669 1814 4750 Imperium.

707 4944 740 5017 6.
759 4949 768 4966 '
785 4941 829 5013 Ut
855 4946 1027 5012 commista
1053 4948 1087 5011 et
1113 4946 1209 5012 unita
1235 4947 1411 5019 unintuhus
1437 4953 1471 5017 et
1498 4945 1700 5039 corporibus
1725 4951 1862 5019 nostris.

692 5130 749 5214 Ex
770 5145 817 5208 his
839 5157 869 5210 ot
891 5147 1033 5210 similihus
1057 5148 1224 5223 sententiis,
1247 5166 1324 5228 quaa
1346 5151 1457 5230 passim
1479 5151 1510 5211 in
1525 5148 1635 5213 Officiis
1657 5151 1753 5213 sacris
1773 5149 1967 5214 Orientalium

604 5254 783 5324 occmmnt,
813 5250 886 5313 satis
916 5256 1050 5327 constat,
1080 5248 1151 5328 quid
1172 5248 1214 5311 illi
1237 5253 1367 5315 sentiant
1390 5251 1427 5316 do
1449 5271 1523 5315 vera
1546 5259 1576 5346 et
1596 5252 1671 5315 reali
1695 5256 1832 5334 corporis
1855 5253 1966 5317 Christi

602 5363 661 5428 per
672 5364 829 5412 sacrorum
843 5351 1053 5432 mysteriorum
1064 5348 1286 5433 susceptionem
1298 5351 1535 5433 manducatione,
1558 5351 1639 5433 quod
1656 5370 1717 5416 non
1739 5352 1828 5418 modo
1850 5353 1965 5418 auiuraa

1681 5454 1761 5532 51*
