<?xml version="1.0" encoding="UTF-8"?>
<!DOCTYPE html PUBLIC "-//W3C//DTD XHTML 1.0 Transitional//EN"
    "http://www.w3.org/TR/xhtml1/DTD/xhtml1-transitional.dtd">
<html xmlns="http://www.w3.org/1999/xhtml" xml:lang="en" lang="en">
 <head>
  <title>
</title>
<meta http-equiv="Content-Type" content="text/html;charset=utf-8" />
  <meta name='ocr-system' content='tesseract 3.04.00' />
  <meta name='ocr-capabilities' content='ocr_page ocr_carea ocr_par ocr_line ocrx_word'/>
</head>
<body>
  <div class='ocr_page' id='page_1' title='image "./liturgiarumorie00renagoog_0574.png"; bbox 0 0 5150 6534; ppageno 0'>
   <div class='ocr_carea' id='block_1_1' title="bbox 594 863 1462 942">
    <p class='ocr_par' dir='ltr' id='par_1_1' title="bbox 594 863 1462 942">
     <span class='ocr_line' id='line_1_1' title="bbox 594 863 1462 942; baseline -0.001 -1"><span class='ocrx_word' id='word_1_1' title='bbox 594 865 671 941; x_wconf 77' lang='lat'>536</span> <span class='ocrx_word' id='word_1_2' title='bbox 1099 863 1462 942; x_wconf 78' lang='lat' dir='ltr'>tltnttttlt</span> 
     </span>
    </p>
   </div>
   <div class='ocr_carea' id='block_1_2' title="bbox 454 1035 1971 1150">
    <p class='ocr_par' dir='ltr' id='par_1_2' title="bbox 454 1035 1971 1150">
     <span class='ocr_line' id='line_1_2' title="bbox 454 1035 1971 1150; baseline 0.003 -24"><span class='ocrx_word' id='word_1_3' title='bbox 454 1035 460 1046; x_wconf 79' lang='grc'>’</span> <span class='ocrx_word' id='word_1_4' title='bbox 592 1076 657 1128; x_wconf 91' lang='lat' dir='ltr'>nos</span> <span class='ocrx_word' id='word_1_5' title='bbox 689 1058 864 1128; x_wconf 69' lang='lat' dir='ltr'><strong>sanctitate</strong></span> <span class='ocrx_word' id='word_1_6' title='bbox 898 1063 973 1143; x_wconf 88' lang='lat' dir='ltr'>tua,</span> <span class='ocrx_word' id='word_1_7' title='bbox 1010 1063 1048 1125; x_wconf 91' lang='lat' dir='ltr'>ut</span> <span class='ocrx_word' id='word_1_8' title='bbox 1078 1051 1342 1125; x_wconf 79' lang='lat' dir='ltr'>sancdbcnretur</span> <span class='ocrx_word' id='word_1_9' title='bbox 1372 1073 1497 1124; x_wconf 78' lang='lat' dir='ltr'>maren</span> <span class='ocrx_word' id='word_1_10' title='bbox 1531 1063 1624 1126; x_wconf 88' lang='lat' dir='ltr'>tuum</span> <span class='ocrx_word' id='word_1_11' title='bbox 1657 1076 1680 1125; x_wconf 89' lang='lat' dir='ltr'>a</span> <span class='ocrx_word' id='word_1_12' title='bbox 1713 1051 1831 1150; x_wconf 84' lang='lat' dir='ltr'>nobis.</span> <span class='ocrx_word' id='word_1_13' title='bbox 1883 1054 1971 1131; x_wconf 83' lang='lat' dir='ltr'>llitta</span> 
     </span>
    </p>
   </div>
   <div class='ocr_carea' id='block_1_3' title="bbox 587 1165 1971 5424">
    <p class='ocr_par' dir='ltr' id='par_1_3' title="bbox 591 1165 1971 2287">
     <span class='ocr_line' id='line_1_3' title="bbox 593 1165 1971 1263; baseline 0.002 -21"><span class='ocrx_word' id='word_1_14' title='bbox 593 1174 693 1244; x_wconf 88' lang='lat' dir='ltr'>ctiam</span> <span class='ocrx_word' id='word_1_15' title='bbox 718 1193 859 1263; x_wconf 88' lang='lat' dir='ltr'>regnum</span> <span class='ocrx_word' id='word_1_16' title='bbox 886 1179 976 1242; x_wconf 80' lang='lat' dir='ltr'>mum</span> <span class='ocrx_word' id='word_1_17' title='bbox 1001 1179 1187 1259; x_wconf 88' lang='lat' dir='ltr'>aeternum,</span> <span class='ocrx_word' id='word_1_18' title='bbox 1211 1165 1386 1239; x_wconf 76' lang='lat' dir='ltr'>etbebitet</span> <span class='ocrx_word' id='word_1_19' title='bbox 1410 1170 1445 1239; x_wconf 95' lang='lat' dir='ltr'>in</span> <span class='ocrx_word' id='word_1_20' title='bbox 1471 1168 1645 1241; x_wconf 79' lang='lat' dir='ltr'>an&#39;nnabns</span> <span class='ocrx_word' id='word_1_21' title='bbox 1672 1172 1819 1260; x_wconf 74' lang='lat' dir='ltr'>nostris,</span> <span class='ocrx_word' id='word_1_22' title='bbox 1846 1181 1882 1245; x_wconf 84' lang='lat' dir='ltr'>et</span> <span class='ocrx_word' id='word_1_23' title='bbox 1905 1195 1971 1250; x_wconf 85' lang='lat' dir='ltr'>vo-</span> 
     </span>
     <span class='ocr_line' id='line_1_4' title="bbox 592 1283 1971 1384; baseline 0.004 -28"><span class='ocrx_word' id='word_1_24' title='bbox 592 1285 718 1358; x_wconf 88' lang='lat' dir='ltr'>luntate</span> <span class='ocrx_word' id='word_1_25' title='bbox 743 1310 809 1358; x_wconf 89' lang='lat' dir='ltr'>nna</span> <span class='ocrx_word' id='word_1_26' title='bbox 834 1296 902 1370; x_wconf 79' lang='lat' dir='ltr'>tua,</span> <span class='ocrx_word' id='word_1_27' title='bbox 927 1285 1003 1358; x_wconf 82' lang='lat' dir='ltr'>Filii</span> <span class='ocrx_word' id='word_1_28' title='bbox 1029 1288 1095 1374; x_wconf 88' lang='lat' dir='ltr'>tui,</span> <span class='ocrx_word' id='word_1_29' title='bbox 1127 1296 1161 1356; x_wconf 92' lang='lat' dir='ltr'>et</span> <span class='ocrx_word' id='word_1_30' title='bbox 1186 1283 1331 1378; x_wconf 81' lang='lat' dir='ltr'>Spiritus</span> <span class='ocrx_word' id='word_1_31' title='bbox 1358 1286 1405 1354; x_wconf 89' lang='lat' dir='ltr'>tui</span> <span class='ocrx_word' id='word_1_32' title='bbox 1430 1285 1536 1355; x_wconf 85' lang='lat' dir='ltr'>sancti</span> <span class='ocrx_word' id='word_1_33' title='bbox 1561 1283 1718 1378; x_wconf 58' lang='lat' dir='ltr'>muna</span> <span class='ocrx_word' id='word_1_34' title='bbox 1744 1307 1832 1359; x_wconf 88' lang='lat' dir='ltr'>nos:</span> <span class='ocrx_word' id='word_1_35' title='bbox 1864 1310 1971 1384; x_wconf 85' lang='lat' dir='ltr'>ponc-</span> 
     </span>
     <span class='ocr_line' id='line_1_5' title="bbox 594 1399 1969 1500; baseline -0.001 -26"><span class='ocrx_word' id='word_1_36' title='bbox 594 1425 660 1497; x_wconf 86' lang='lat' dir='ltr'>que</span> <span class='ocrx_word' id='word_1_37' title='bbox 685 1401 827 1476; x_wconf 87' lang='lat' dir='ltr'>coelesti</span> <span class='ocrx_word' id='word_1_38' title='bbox 853 1412 954 1496; x_wconf 84' lang='lat' dir='ltr'>atque</span> <span class='ocrx_word' id='word_1_39' title='bbox 977 1400 1188 1487; x_wconf 64' lang='lat' dir='ltr'>unificante,</span> <span class='ocrx_word' id='word_1_40' title='bbox 1224 1402 1280 1493; x_wconf 78' lang='lat' dir='ltr'>qni</span> <span class='ocrx_word' id='word_1_41' title='bbox 1307 1409 1361 1471; x_wconf 85' lang='lat' dir='ltr'>est</span> <span class='ocrx_word' id='word_1_42' title='bbox 1385 1403 1532 1471; x_wconf 89' lang='lat' dir='ltr'>omnium</span> <span class='ocrx_word' id='word_1_43' title='bbox 1565 1399 1781 1492; x_wconf 75' lang='lat' dir='ltr'><strong>alimentum,</strong></span> <span class='ocrx_word' id='word_1_44' title='bbox 1813 1413 1969 1500; x_wconf 78' lang='lat' dir='ltr'>perpetra</span> 
     </span>
     <span class='ocr_line' id='line_1_6' title="bbox 593 1514 1969 1613; baseline 0.002 -24"><span class='ocrx_word' id='word_1_45' title='bbox 593 1520 678 1590; x_wconf 87' lang='lat' dir='ltr'>satia</span> <span class='ocrx_word' id='word_1_46' title='bbox 705 1540 780 1591; x_wconf 86' lang='lat' dir='ltr'>nos.</span> <span class='ocrx_word' id='word_1_47' title='bbox 806 1518 944 1589; x_wconf 82' lang='lat' dir='ltr'>Dimitte</span> <span class='ocrx_word' id='word_1_48' title='bbox 968 1539 1031 1613; x_wconf 90' lang='lat' dir='ltr'>per</span> <span class='ocrx_word' id='word_1_49' title='bbox 1056 1514 1318 1589; x_wconf 87' lang='lat' dir='ltr'>misericordiam</span> <span class='ocrx_word' id='word_1_50' title='bbox 1353 1525 1442 1585; x_wconf 86' lang='lat' dir='ltr'>tuam</span> <span class='ocrx_word' id='word_1_51' title='bbox 1469 1537 1605 1589; x_wconf 87' lang='lat' dir='ltr'>errores</span> <span class='ocrx_word' id='word_1_52' title='bbox 1633 1526 1669 1587; x_wconf 88' lang='lat' dir='ltr'>et</span> <span class='ocrx_word' id='word_1_53' title='bbox 1695 1515 1882 1590; x_wconf 79' lang='lat' dir='ltr'>malefacta</span> <span class='ocrx_word' id='word_1_54' title='bbox 1907 1540 1969 1592; x_wconf 90' lang='lat' dir='ltr'>no-</span> 
     </span>
     <span class='ocr_line' id='line_1_7' title="bbox 593 1629 1968 1719; baseline -0.001 -12"><span class='ocrx_word' id='word_1_55' title='bbox 593 1644 683 1707; x_wconf 87' lang='lat' dir='ltr'>stra:</span> <span class='ocrx_word' id='word_1_56' title='bbox 710 1635 753 1707; x_wconf 91' lang='lat' dir='ltr'>da</span> <span class='ocrx_word' id='word_1_57' title='bbox 780 1635 879 1707; x_wconf 94' lang='lat' dir='ltr'>nobis</span> <span class='ocrx_word' id='word_1_58' title='bbox 904 1655 967 1705; x_wconf 93' lang='lat' dir='ltr'>cor</span> <span class='ocrx_word' id='word_1_59' title='bbox 992 1637 1167 1706; x_wconf 83' lang='lat' dir='ltr'>contritum</span> <span class='ocrx_word' id='word_1_60' title='bbox 1190 1642 1225 1702; x_wconf 90' lang='lat' dir='ltr'>et</span> <span class='ocrx_word' id='word_1_61' title='bbox 1244 1629 1458 1719; x_wconf 84' lang='lat' dir='ltr'>humiliatum,</span> <span class='ocrx_word' id='word_1_62' title='bbox 1483 1642 1519 1703; x_wconf 87' lang='lat' dir='ltr'>ut</span> <span class='ocrx_word' id='word_1_63' title='bbox 1543 1629 1748 1705; x_wconf 77' lang='lat' dir='ltr'>dimittamus</span> <span class='ocrx_word' id='word_1_64' title='bbox 1777 1636 1882 1706; x_wconf 89' lang='lat' dir='ltr'>otiam</span> <span class='ocrx_word' id='word_1_65' title='bbox 1907 1631 1968 1706; x_wconf 88' lang='lat' dir='ltr'>de-</span> 
     </span>
     <span class='ocr_line' id='line_1_8' title="bbox 592 1746 1969 1844; baseline -0.001 -21"><span class='ocrx_word' id='word_1_66' title='bbox 592 1750 756 1824; x_wconf 85' lang='lat' dir='ltr'>bitoribus</span> <span class='ocrx_word' id='word_1_67' title='bbox 783 1752 923 1822; x_wconf 85' lang='lat' dir='ltr'>nostris:</span> <span class='ocrx_word' id='word_1_68' title='bbox 949 1760 983 1820; x_wconf 87' lang='lat' dir='ltr'>et</span> <span class='ocrx_word' id='word_1_69' title='bbox 1008 1773 1029 1820; x_wconf 91' lang='lat' dir='ltr'>a</span> <span class='ocrx_word' id='word_1_70' title='bbox 1055 1746 1291 1822; x_wconf 88' lang='lat' dir='ltr'>tentationibus</span> <span class='ocrx_word' id='word_1_71' title='bbox 1323 1746 1597 1836; x_wconf 75' lang='lat' dir='ltr'>intolerabilibus,</span> <span class='ocrx_word' id='word_1_72' title='bbox 1624 1771 1715 1844; x_wconf 80' lang='lat' dir='ltr'>quae</span> <span class='ocrx_word' id='word_1_73' title='bbox 1741 1748 1848 1823; x_wconf 90' lang='lat' dir='ltr'>nobis</span> <span class='ocrx_word' id='word_1_74' title='bbox 1879 1749 1969 1821; x_wconf 85' lang='lat' dir='ltr'>acci-</span> 
     </span>
     <span class='ocr_line' id='line_1_9' title="bbox 593 1863 1967 1958; baseline 0.001 -20"><span class='ocrx_word' id='word_1_75' title='bbox 593 1866 685 1958; x_wconf 89' lang='lat' dir='ltr'>dunt,</span> <span class='ocrx_word' id='word_1_76' title='bbox 709 1889 813 1938; x_wconf 81' lang='lat' dir='ltr'>serva</span> <span class='ocrx_word' id='word_1_77' title='bbox 838 1887 912 1938; x_wconf 89' lang='lat' dir='ltr'>nos.</span> <span class='ocrx_word' id='word_1_78' title='bbox 962 1867 1016 1938; x_wconf 86' lang='lat' dir='ltr'>Da</span> <span class='ocrx_word' id='word_1_79' title='bbox 1042 1867 1140 1939; x_wconf 86' lang='lat' dir='ltr'>nobis</span> <span class='ocrx_word' id='word_1_80' title='bbox 1171 1869 1338 1952; x_wconf 71' lang='lat' dir='ltr'>uirtutem,</span> <span class='ocrx_word' id='word_1_81' title='bbox 1365 1866 1555 1953; x_wconf 80' lang='lat' dir='ltr'>victoriam,</span> <span class='ocrx_word' id='word_1_82' title='bbox 1580 1873 1615 1936; x_wconf 87' lang='lat' dir='ltr'>et</span> <span class='ocrx_word' id='word_1_83' title='bbox 1645 1863 1847 1938; x_wconf 84' lang='lat' dir='ltr'>facultatem</span> <span class='ocrx_word' id='word_1_84' title='bbox 1880 1866 1967 1938; x_wconf 86' lang='lat' dir='ltr'>resi-</span> 
     </span>
     <span class='ocr_line' id='line_1_10' title="bbox 593 1980 1967 2079; baseline -0.003 -22"><span class='ocrx_word' id='word_1_85' title='bbox 593 1983 701 2058; x_wconf 86' lang='lat' dir='ltr'>stendi</span> <span class='ocrx_word' id='word_1_86' title='bbox 728 1980 893 2055; x_wconf 85' lang='lat' dir='ltr'>adversus</span> <span class='ocrx_word' id='word_1_87' title='bbox 918 1985 1083 2054; x_wconf 89' lang='lat' dir='ltr'>inimicum</span> <span class='ocrx_word' id='word_1_88' title='bbox 1109 1981 1313 2079; x_wconf 90' lang='lat' dir='ltr'>spiritualem</span> <span class='ocrx_word' id='word_1_89' title='bbox 1338 1992 1505 2068; x_wconf 87' lang='lat' dir='ltr'>nostrum,</span> <span class='ocrx_word' id='word_1_90' title='bbox 1541 1983 1618 2077; x_wconf 85' lang='lat' dir='ltr'>quia</span> <span class='ocrx_word' id='word_1_91' title='bbox 1650 1989 1793 2055; x_wconf 88' lang='lat' dir='ltr'>tuaest</span> <span class='ocrx_word' id='word_1_92' title='bbox 1818 1985 1967 2072; x_wconf 82' lang='lat' dir='ltr'>victoria,</span> 
     </span>
     <span class='ocr_line' id='line_1_11' title="bbox 591 2096 1967 2196; baseline 0.001 -26"><span class='ocrx_word' id='word_1_93' title='bbox 591 2097 786 2195; x_wconf 89' lang='lat' dir='ltr'>trimnpbos,</span> <span class='ocrx_word' id='word_1_94' title='bbox 812 2119 952 2190; x_wconf 88' lang='lat' dir='ltr'>regnum</span> <span class='ocrx_word' id='word_1_95' title='bbox 979 2110 1014 2170; x_wconf 90' lang='lat' dir='ltr'>et</span> <span class='ocrx_word' id='word_1_96' title='bbox 1039 2098 1161 2191; x_wconf 87' lang='lat' dir='ltr'>gloria,</span> <span class='ocrx_word' id='word_1_97' title='bbox 1193 2097 1355 2192; x_wconf 83' lang='lat' dir='ltr'>simtdqne</span> <span class='ocrx_word' id='word_1_98' title='bbox 1381 2099 1542 2189; x_wconf 82' lang='lat' dir='ltr'>unigeniti</span> <span class='ocrx_word' id='word_1_99' title='bbox 1566 2096 1645 2169; x_wconf 85' lang='lat' dir='ltr'>Filii</span> <span class='ocrx_word' id='word_1_100' title='bbox 1669 2100 1734 2185; x_wconf 91' lang='lat' dir='ltr'>tui,</span> <span class='ocrx_word' id='word_1_101' title='bbox 1768 2106 1806 2170; x_wconf 88' lang='lat' dir='ltr'>et</span> <span class='ocrx_word' id='word_1_102' title='bbox 1832 2097 1967 2196; x_wconf 80' lang='lat' dir='ltr'>Spiritus</span> 
     </span>
     <span class='ocr_line' id='line_1_12' title="bbox 591 2218 781 2287; baseline -0.011 0"><span class='ocrx_word' id='word_1_103' title='bbox 591 2218 638 2287; x_wconf 87' lang='lat' dir='ltr'>tui</span> <span class='ocrx_word' id='word_1_104' title='bbox 664 2218 781 2287; x_wconf 87' lang='lat' dir='ltr'>sancti.</span> 
     </span>
    </p>

    <p class='ocr_par' dir='ltr' id='par_1_4' title="bbox 695 2330 1030 2424">
     <span class='ocr_line' id='line_1_13' title="bbox 695 2330 1030 2424; baseline 0 -23"><span class='ocrx_word' id='word_1_105' title='bbox 695 2330 859 2424; x_wconf 76' lang='lat' dir='ltr'>Populus.</span> <span class='ocrx_word' id='word_1_106' title='bbox 908 2330 1030 2402; x_wconf 83' lang='lat' dir='ltr'>Amen.</span> 
     </span>
    </p>

    <p class='ocr_par' dir='ltr' id='par_1_5' title="bbox 696 2445 1019 2519">
     <span class='ocr_line' id='line_1_14' title="bbox 696 2445 1019 2519; baseline 0.003 -2"><span class='ocrx_word' id='word_1_107' title='bbox 696 2445 882 2519; x_wconf 75' lang='lat' dir='ltr'>Sacerdos.</span> <span class='ocrx_word' id='word_1_108' title='bbox 933 2447 1019 2518; x_wconf 86' lang='lat' dir='ltr'>Pax.</span> 
     </span>
    </p>

    <p class='ocr_par' dir='ltr' id='par_1_6' title="bbox 697 2562 1294 2660">
     <span class='ocr_line' id='line_1_15' title="bbox 697 2562 1294 2660; baseline 0.003 -27"><span class='ocrx_word' id='word_1_109' title='bbox 697 2562 859 2655; x_wconf 75' lang='lat' dir='ltr'>Populus.</span> <span class='ocrx_word' id='word_1_110' title='bbox 910 2562 955 2633; x_wconf 85' lang='lat' dir='ltr'>Et</span> <span class='ocrx_word' id='word_1_111' title='bbox 981 2585 1056 2635; x_wconf 89' lang='lat' dir='ltr'>cum</span> <span class='ocrx_word' id='word_1_112' title='bbox 1082 2567 1199 2660; x_wconf 89' lang='lat' dir='ltr'>spiritu</span> <span class='ocrx_word' id='word_1_113' title='bbox 1225 2574 1294 2635; x_wconf 86' lang='lat' dir='ltr'>too.</span> 
     </span>
    </p>

    <p class='ocr_par' dir='ltr' id='par_1_7' title="bbox 694 2678 1428 2775">
     <span class='ocr_line' id='line_1_16' title="bbox 694 2678 1428 2775; baseline 0.007 -26"><span class='ocrx_word' id='word_1_114' title='bbox 694 2679 883 2750; x_wconf 79' lang='lat' dir='ltr'>Diacoaar.</span> <span class='ocrx_word' id='word_1_115' title='bbox 937 2678 1055 2775; x_wconf 86' lang='lat' dir='ltr'>Capita</span> <span class='ocrx_word' id='word_1_116' title='bbox 1080 2690 1195 2751; x_wconf 90' lang='lat' dir='ltr'>nostra</span> <span class='ocrx_word' id='word_1_117' title='bbox 1221 2680 1428 2754; x_wconf 81' lang='lat' dir='ltr'>inclinemus.</span> 
     </span>
    </p>

    <p class='ocr_par' dir='ltr' id='par_1_8' title="bbox 587 2792 1963 4628">
     <span class='ocr_line' id='line_1_17' title="bbox 695 2792 1962 2887; baseline 0.002 -21"><span class='ocrx_word' id='word_1_118' title='bbox 695 2794 872 2866; x_wconf 77' lang='lat' dir='ltr'>Sacerdos</span> <span class='ocrx_word' id='word_1_119' title='bbox 896 2795 1089 2865; x_wconf 74' lang='lat' dir='ltr'>inclinatae.</span> <span class='ocrx_word' id='word_1_120' title='bbox 1148 2793 1272 2869; x_wconf 83' lang='lat' dir='ltr'>Coram</span> <span class='ocrx_word' id='word_1_121' title='bbox 1298 2809 1333 2869; x_wconf 90' lang='lat' dir='ltr'>te</span> <span class='ocrx_word' id='word_1_122' title='bbox 1358 2797 1467 2886; x_wconf 90' lang='lat' dir='ltr'>Dens,</span> <span class='ocrx_word' id='word_1_123' title='bbox 1492 2801 1615 2868; x_wconf 78' lang='lat' dir='ltr'>uirens</span> <span class='ocrx_word' id='word_1_124' title='bbox 1643 2798 1677 2867; x_wconf 91' lang='lat' dir='ltr'>in</span> <span class='ocrx_word' id='word_1_125' title='bbox 1705 2795 1869 2887; x_wconf 90' lang='lat' dir='ltr'>saecula,</span> <span class='ocrx_word' id='word_1_126' title='bbox 1901 2792 1962 2868; x_wconf 92' lang='lat' dir='ltr'>do-</span> 
     </span>
     <span class='ocr_line' id='line_1_18' title="bbox 591 2912 1962 3005; baseline -0.002 -21"><span class='ocrx_word' id='word_1_127' title='bbox 591 2915 734 2984; x_wconf 89' lang='lat' dir='ltr'>minator</span> <span class='ocrx_word' id='word_1_128' title='bbox 761 2915 918 3002; x_wconf 89' lang='lat' dir='ltr'>omnium,</span> <span class='ocrx_word' id='word_1_129' title='bbox 944 2914 998 2984; x_wconf 89' lang='lat' dir='ltr'>cni</span> <span class='ocrx_word' id='word_1_130' title='bbox 1024 2916 1240 2983; x_wconf 72' lang='lat' dir='ltr'>incurvantur</span> <span class='ocrx_word' id='word_1_131' title='bbox 1266 2916 1379 2985; x_wconf 88' lang='lat' dir='ltr'>omnia</span> <span class='ocrx_word' id='word_1_132' title='bbox 1404 2934 1528 3005; x_wconf 90' lang='lat' dir='ltr'>genua,</span> <span class='ocrx_word' id='word_1_133' title='bbox 1555 2912 1764 3003; x_wconf 89' lang='lat' dir='ltr'>coelestium,</span> <span class='ocrx_word' id='word_1_134' title='bbox 1794 2923 1829 2985; x_wconf 89' lang='lat' dir='ltr'>et</span> <span class='ocrx_word' id='word_1_135' title='bbox 1855 2922 1962 2983; x_wconf 85' lang='lat' dir='ltr'>terre-</span> 
     </span>
     <span class='ocr_line' id='line_1_19' title="bbox 592 3028 1963 3125; baseline -0.002 -25"><span class='ocrx_word' id='word_1_136' title='bbox 592 3031 717 3114; x_wconf 87' lang='lat' dir='ltr'>strium,</span> <span class='ocrx_word' id='word_1_137' title='bbox 745 3031 838 3099; x_wconf 77' lang='lat' dir='ltr'>serti</span> <span class='ocrx_word' id='word_1_138' title='bbox 864 3031 911 3099; x_wconf 91' lang='lat' dir='ltr'>tui</span> <span class='ocrx_word' id='word_1_139' title='bbox 937 3036 1026 3099; x_wconf 89' lang='lat' dir='ltr'>stant</span> <span class='ocrx_word' id='word_1_140' title='bbox 1051 3051 1126 3099; x_wconf 89' lang='lat' dir='ltr'>cnm</span> <span class='ocrx_word' id='word_1_141' title='bbox 1151 3028 1364 3101; x_wconf 81' lang='lat' dir='ltr'>inclinatione</span> <span class='ocrx_word' id='word_1_142' title='bbox 1379 3032 1549 3100; x_wconf 85' lang='lat' dir='ltr'>cervicum</span> <span class='ocrx_word' id='word_1_143' title='bbox 1577 3032 1733 3125; x_wconf 84' lang='lat' dir='ltr'>corporis</span> <span class='ocrx_word' id='word_1_144' title='bbox 1760 3039 1797 3101; x_wconf 88' lang='lat' dir='ltr'>et</span> <span class='ocrx_word' id='word_1_145' title='bbox 1824 3031 1963 3100; x_wconf 86' lang='lat' dir='ltr'>animae:</span> 
     </span>
     <span class='ocr_line' id='line_1_20' title="bbox 592 3142 1962 3241; baseline -0.001 -25"><span class='ocrx_word' id='word_1_146' title='bbox 592 3167 668 3216; x_wconf 87' lang='lat' dir='ltr'>cnm</span> <span class='ocrx_word' id='word_1_147' title='bbox 701 3143 821 3217; x_wconf 88' lang='lat' dir='ltr'>dolore</span> <span class='ocrx_word' id='word_1_148' title='bbox 854 3154 889 3215; x_wconf 88' lang='lat' dir='ltr'>et</span> <span class='ocrx_word' id='word_1_149' title='bbox 919 3143 1078 3241; x_wconf 78' lang='lat' dir='ltr'>lacrymis</span> <span class='ocrx_word' id='word_1_150' title='bbox 1113 3145 1269 3218; x_wconf 81' lang='lat' dir='ltr'>ardenter</span> <span class='ocrx_word' id='word_1_151' title='bbox 1308 3155 1386 3216; x_wconf 89' lang='lat' dir='ltr'>ante</span> <span class='ocrx_word' id='word_1_152' title='bbox 1423 3147 1559 3236; x_wconf 87' lang='lat' dir='ltr'>januam</span> <span class='ocrx_word' id='word_1_153' title='bbox 1592 3142 1849 3217; x_wconf 80' lang='lat' dir='ltr'>misericordiae</span> <span class='ocrx_word' id='word_1_154' title='bbox 1880 3155 1962 3234; x_wconf 89' lang='lat' dir='ltr'>tuae,</span> 
     </span>
     <span class='ocr_line' id='line_1_21' title="bbox 592 3259 1961 3357; baseline 0 -25"><span class='ocrx_word' id='word_1_155' title='bbox 592 3272 778 3352; x_wconf 78' lang='lat' dir='ltr'>gementes,</span> <span class='ocrx_word' id='word_1_156' title='bbox 806 3270 840 3331; x_wconf 84' lang='lat' dir='ltr'>et</span> <span class='ocrx_word' id='word_1_157' title='bbox 866 3271 1085 3357; x_wconf 85' lang='lat' dir='ltr'>expectantes</span> <span class='ocrx_word' id='word_1_158' title='bbox 1101 3271 1274 3355; x_wconf 85' lang='lat' dir='ltr'>paternam</span> <span class='ocrx_word' id='word_1_159' title='bbox 1291 3272 1325 3332; x_wconf 91' lang='lat' dir='ltr'>et</span> <span class='ocrx_word' id='word_1_160' title='bbox 1339 3259 1561 3333; x_wconf 83' lang='lat' dir='ltr'>abundantem</span> <span class='ocrx_word' id='word_1_161' title='bbox 1573 3260 1843 3333; x_wconf 89' lang='lat' dir='ltr'>misericordiam</span> <span class='ocrx_word' id='word_1_162' title='bbox 1868 3270 1961 3332; x_wconf 87' lang='lat' dir='ltr'>tuum</span> 
     </span>
     <span class='ocr_line' id='line_1_22' title="bbox 591 3374 1961 3474; baseline 0.001 -27"><span class='ocrx_word' id='word_1_163' title='bbox 591 3376 733 3450; x_wconf 86' lang='lat' dir='ltr'>Ellnnde</span> <span class='ocrx_word' id='word_1_164' title='bbox 760 3399 863 3474; x_wconf 87' lang='lat' dir='ltr'>super</span> <span class='ocrx_word' id='word_1_165' title='bbox 890 3400 951 3450; x_wconf 90' lang='lat' dir='ltr'>eos</span> <span class='ocrx_word' id='word_1_166' title='bbox 977 3375 1227 3449; x_wconf 88' lang='lat' dir='ltr'>benedictiones</span> <span class='ocrx_word' id='word_1_167' title='bbox 1255 3378 1297 3449; x_wconf 90' lang='lat' dir='ltr'>de</span> <span class='ocrx_word' id='word_1_168' title='bbox 1324 3377 1429 3450; x_wconf 90' lang='lat' dir='ltr'>coelis</span> <span class='ocrx_word' id='word_1_169' title='bbox 1456 3380 1520 3449; x_wconf 88' lang='lat' dir='ltr'>tuis</span> <span class='ocrx_word' id='word_1_170' title='bbox 1547 3374 1761 3467; x_wconf 78' lang='lat' dir='ltr'>sublimibus,</span> <span class='ocrx_word' id='word_1_171' title='bbox 1795 3386 1830 3448; x_wconf 88' lang='lat' dir='ltr'>et</span> <span class='ocrx_word' id='word_1_172' title='bbox 1854 3375 1961 3449; x_wconf 90' lang='lat' dir='ltr'>bene-</span> 
     </span>
     <span class='ocr_line' id='line_1_23' title="bbox 593 3481 1961 3589; baseline -0.001 -27"><span class='ocrx_word' id='word_1_173' title='bbox 593 3492 647 3563; x_wconf 86' lang='lat' dir='ltr'>dic</span> <span class='ocrx_word' id='word_1_174' title='bbox 673 3493 759 3567; x_wconf 90' lang='lat' dir='ltr'>illos.</span> <span class='ocrx_word' id='word_1_175' title='bbox 811 3492 966 3563; x_wconf 84' lang='lat' dir='ltr'>Extende</span> <span class='ocrx_word' id='word_1_176' title='bbox 993 3515 1094 3589; x_wconf 88' lang='lat' dir='ltr'>snper</span> <span class='ocrx_word' id='word_1_177' title='bbox 1120 3493 1195 3564; x_wconf 90' lang='lat' dir='ltr'>illos</span> <span class='ocrx_word' id='word_1_178' title='bbox 1223 3492 1396 3566; x_wconf 81' lang='lat' dir='ltr'>dexteram</span> <span class='ocrx_word' id='word_1_179' title='bbox 1424 3504 1511 3565; x_wconf 75' lang='lat' dir='ltr'>mam</span> <span class='ocrx_word' id='word_1_180' title='bbox 1538 3492 1748 3583; x_wconf 82' lang='lat' dir='ltr'>beneficam,</span> <span class='ocrx_word' id='word_1_181' title='bbox 1782 3501 1818 3563; x_wconf 86' lang='lat' dir='ltr'>et</span> <span class='ocrx_word' id='word_1_182' title='bbox 1844 3481 1961 3586; x_wconf 79' lang='lat' dir='ltr'>adjuva</span> 
     </span>
     <span class='ocr_line' id='line_1_24' title="bbox 592 3607 1960 3705; baseline 0 -27"><span class='ocrx_word' id='word_1_183' title='bbox 592 3607 678 3680; x_wconf 90' lang='lat' dir='ltr'>illos.</span> <span class='ocrx_word' id='word_1_184' title='bbox 730 3608 914 3703; x_wconf 89' lang='lat' dir='ltr'>Locupleta</span> <span class='ocrx_word' id='word_1_185' title='bbox 941 3608 1017 3680; x_wconf 92' lang='lat' dir='ltr'>illos</span> <span class='ocrx_word' id='word_1_186' title='bbox 1044 3608 1233 3680; x_wconf 89' lang='lat' dir='ltr'>muneribus</span> <span class='ocrx_word' id='word_1_187' title='bbox 1268 3613 1332 3682; x_wconf 87' lang='lat' dir='ltr'>tuis</span> <span class='ocrx_word' id='word_1_188' title='bbox 1360 3609 1482 3681; x_wconf 89' lang='lat' dir='ltr'>divinis</span> <span class='ocrx_word' id='word_1_189' title='bbox 1509 3620 1543 3681; x_wconf 88' lang='lat' dir='ltr'>et</span> <span class='ocrx_word' id='word_1_190' title='bbox 1574 3608 1699 3705; x_wconf 87' lang='lat' dir='ltr'>perfice</span> <span class='ocrx_word' id='word_1_191' title='bbox 1740 3608 1830 3682; x_wconf 88' lang='lat' dir='ltr'>illos.</span> <span class='ocrx_word' id='word_1_192' title='bbox 1888 3607 1960 3679; x_wconf 87' lang='lat' dir='ltr'>Re-</span> 
     </span>
     <span class='ocr_line' id='line_1_25' title="bbox 591 3722 1959 3820; baseline 0 -25"><span class='ocrx_word' id='word_1_193' title='bbox 591 3724 722 3819; x_wconf 89' lang='lat' dir='ltr'>sponde</span> <span class='ocrx_word' id='word_1_194' title='bbox 749 3722 1036 3795; x_wconf 86' lang='lat' dir='ltr'>obsecrationibus</span> <span class='ocrx_word' id='word_1_195' title='bbox 1065 3747 1192 3813; x_wconf 88' lang='lat' dir='ltr'>eorum,</span> <span class='ocrx_word' id='word_1_196' title='bbox 1219 3747 1280 3820; x_wconf 89' lang='lat' dir='ltr'>per</span> <span class='ocrx_word' id='word_1_197' title='bbox 1308 3725 1516 3797; x_wconf 87' lang='lat' dir='ltr'>clementiam</span> <span class='ocrx_word' id='word_1_198' title='bbox 1543 3734 1631 3797; x_wconf 80' lang='lat' dir='ltr'>mam</span> <span class='ocrx_word' id='word_1_199' title='bbox 1659 3734 1693 3795; x_wconf 90' lang='lat' dir='ltr'>et</span> <span class='ocrx_word' id='word_1_200' title='bbox 1719 3722 1854 3797; x_wconf 90' lang='lat' dir='ltr'>custodi</span> <span class='ocrx_word' id='word_1_201' title='bbox 1879 3722 1959 3795; x_wconf 85' lang='lat' dir='ltr'>illos</span> 
     </span>
     <span class='ocr_line' id='line_1_26' title="bbox 594 3838 1960 3931; baseline 0.001 -21"><span class='ocrx_word' id='word_1_202' title='bbox 594 3838 771 3911; x_wconf 87' lang='lat' dir='ltr'>Circumda</span> <span class='ocrx_word' id='word_1_203' title='bbox 798 3838 873 3910; x_wconf 90' lang='lat' dir='ltr'>illos</span> <span class='ocrx_word' id='word_1_204' title='bbox 900 3860 994 3910; x_wconf 90' lang='lat' dir='ltr'>muro</span> <span class='ocrx_word' id='word_1_205' title='bbox 1020 3841 1212 3931; x_wconf 83' lang='lat' dir='ltr'>vigilantiae</span> <span class='ocrx_word' id='word_1_206' title='bbox 1248 3850 1336 3931; x_wconf 88' lang='lat' dir='ltr'>tuae,</span> <span class='ocrx_word' id='word_1_207' title='bbox 1364 3852 1397 3913; x_wconf 91' lang='lat' dir='ltr'>et</span> <span class='ocrx_word' id='word_1_208' title='bbox 1423 3840 1595 3913; x_wconf 88' lang='lat' dir='ltr'>absconde</span> <span class='ocrx_word' id='word_1_209' title='bbox 1622 3839 1708 3911; x_wconf 93' lang='lat' dir='ltr'>illos.</span> <span class='ocrx_word' id='word_1_210' title='bbox 1768 3838 1855 3913; x_wconf 85' lang='lat' dir='ltr'>ciba</span> <span class='ocrx_word' id='word_1_211' title='bbox 1890 3839 1960 3911; x_wconf 86' lang='lat' dir='ltr'>illos</span> 
     </span>
     <span class='ocr_line' id='line_1_27' title="bbox 592 3954 1960 4051; baseline 0 -26"><span class='ocrx_word' id='word_1_212' title='bbox 592 3955 794 4050; x_wconf 84' lang='lat' dir='ltr'>pinguedine</span> <span class='ocrx_word' id='word_1_213' title='bbox 821 3955 938 4026; x_wconf 89' lang='lat' dir='ltr'>domus</span> <span class='ocrx_word' id='word_1_214' title='bbox 965 3965 1052 4042; x_wconf 88' lang='lat' dir='ltr'>tuoe,</span> <span class='ocrx_word' id='word_1_215' title='bbox 1081 3967 1114 4027; x_wconf 89' lang='lat' dir='ltr'>et</span> <span class='ocrx_word' id='word_1_216' title='bbox 1140 3961 1222 4029; x_wconf 90' lang='lat' dir='ltr'>satia</span> <span class='ocrx_word' id='word_1_217' title='bbox 1249 3958 1335 4030; x_wconf 92' lang='lat' dir='ltr'>illos.</span> <span class='ocrx_word' id='word_1_218' title='bbox 1397 3959 1481 4030; x_wconf 91' lang='lat' dir='ltr'>Pota</span> <span class='ocrx_word' id='word_1_219' title='bbox 1507 3955 1582 4028; x_wconf 92' lang='lat' dir='ltr'>illos</span> <span class='ocrx_word' id='word_1_220' title='bbox 1609 3966 1759 4027; x_wconf 87' lang='lat' dir='ltr'>torrento</span> <span class='ocrx_word' id='word_1_221' title='bbox 1786 3954 1960 4051; x_wconf 84' lang='lat' dir='ltr'>voluptatis</span> 
     </span>
     <span class='ocr_line' id='line_1_28' title="bbox 593 4070 1960 4160; baseline -0.001 -18"><span class='ocrx_word' id='word_1_222' title='bbox 593 4082 663 4160; x_wconf 88' lang='lat' dir='ltr'>tuo,</span> <span class='ocrx_word' id='word_1_223' title='bbox 691 4083 726 4145; x_wconf 86' lang='lat' dir='ltr'>et</span> <span class='ocrx_word' id='word_1_224' title='bbox 750 4070 879 4144; x_wconf 88' lang='lat' dir='ltr'>inebria</span> <span class='ocrx_word' id='word_1_225' title='bbox 906 4070 1000 4143; x_wconf 88' lang='lat' dir='ltr'>illos:</span> <span class='ocrx_word' id='word_1_226' title='bbox 1035 4081 1071 4142; x_wconf 89' lang='lat' dir='ltr'>ut</span> <span class='ocrx_word' id='word_1_227' title='bbox 1096 4095 1159 4145; x_wconf 87' lang='lat' dir='ltr'>nos</span> <span class='ocrx_word' id='word_1_228' title='bbox 1187 4096 1303 4146; x_wconf 90' lang='lat' dir='ltr'>omnes</span> <span class='ocrx_word' id='word_1_229' title='bbox 1330 4072 1432 4144; x_wconf 86' lang='lat' dir='ltr'>induti</span> <span class='ocrx_word' id='word_1_230' title='bbox 1459 4070 1609 4144; x_wconf 89' lang='lat' dir='ltr'>vestibus</span> <span class='ocrx_word' id='word_1_231' title='bbox 1636 4070 1742 4160; x_wconf 89' lang='lat' dir='ltr'>albis,</span> <span class='ocrx_word' id='word_1_232' title='bbox 1770 4081 1806 4143; x_wconf 90' lang='lat' dir='ltr'>et</span> <span class='ocrx_word' id='word_1_233' title='bbox 1832 4093 1960 4142; x_wconf 91' lang='lat' dir='ltr'>conve-</span> 
     </span>
     <span class='ocr_line' id='line_1_29' title="bbox 592 4185 1961 4283; baseline -0.001 -26"><span class='ocrx_word' id='word_1_234' title='bbox 592 4185 758 4259; x_wconf 88' lang='lat' dir='ltr'>nientibus</span> <span class='ocrx_word' id='word_1_235' title='bbox 786 4186 901 4283; x_wconf 88' lang='lat' dir='ltr'>quales</span> <span class='ocrx_word' id='word_1_236' title='bbox 928 4185 1048 4259; x_wconf 81' lang='lat' dir='ltr'>allecte</span> <span class='ocrx_word' id='word_1_237' title='bbox 1074 4188 1171 4260; x_wconf 90' lang='lat' dir='ltr'>decet</span> <span class='ocrx_word' id='word_1_238' title='bbox 1197 4189 1240 4260; x_wconf 88' lang='lat' dir='ltr'>ad</span> <span class='ocrx_word' id='word_1_239' title='bbox 1267 4191 1460 4261; x_wconf 88' lang='lat' dir='ltr'>convivium</span> <span class='ocrx_word' id='word_1_240' title='bbox 1485 4186 1606 4260; x_wconf 86' lang='lat' dir='ltr'>Christi</span> <span class='ocrx_word' id='word_1_241' title='bbox 1632 4190 1690 4277; x_wconf 90' lang='lat' dir='ltr'>tui,</span> <span class='ocrx_word' id='word_1_242' title='bbox 1717 4189 1763 4256; x_wconf 87' lang='lat' dir='ltr'>ita</span> <span class='ocrx_word' id='word_1_243' title='bbox 1791 4185 1882 4279; x_wconf 88' lang='lat' dir='ltr'>digni</span> <span class='ocrx_word' id='word_1_244' title='bbox 1908 4185 1961 4258; x_wconf 86' lang='lat' dir='ltr'>el-</span> 
     </span>
     <span class='ocr_line' id='line_1_30' title="bbox 592 4303 1962 4399; baseline -0.001 -23"><span class='ocrx_word' id='word_1_245' title='bbox 592 4303 740 4376; x_wconf 84' lang='lat' dir='ltr'>ficiamor</span> <span class='ocrx_word' id='word_1_246' title='bbox 766 4303 968 4397; x_wconf 85' lang='lat' dir='ltr'>suscipiendi</span> <span class='ocrx_word' id='word_1_247' title='bbox 994 4326 1117 4399; x_wconf 91' lang='lat' dir='ltr'>corpus</span> <span class='ocrx_word' id='word_1_248' title='bbox 1153 4309 1225 4397; x_wconf 81' lang='lat' dir='ltr'>eJus</span> <span class='ocrx_word' id='word_1_249' title='bbox 1259 4317 1407 4378; x_wconf 89' lang='lat' dir='ltr'>sanctum</span> <span class='ocrx_word' id='word_1_250' title='bbox 1435 4314 1469 4377; x_wconf 90' lang='lat' dir='ltr'>et</span> <span class='ocrx_word' id='word_1_251' title='bbox 1495 4306 1691 4397; x_wconf 89' lang='lat' dir='ltr'>sanguinem</span> <span class='ocrx_word' id='word_1_252' title='bbox 1724 4304 1799 4396; x_wconf 91' lang='lat' dir='ltr'>ejus</span> <span class='ocrx_word' id='word_1_253' title='bbox 1833 4306 1962 4398; x_wconf 85' lang='lat' dir='ltr'>pretio·</span> 
     </span>
     <span class='ocr_line' id='line_1_31' title="bbox 593 4416 1960 4516; baseline -0.002 -24"><span class='ocrx_word' id='word_1_254' title='bbox 593 4443 677 4508; x_wconf 88' lang='lat' dir='ltr'>snm,</span> <span class='ocrx_word' id='word_1_255' title='bbox 705 4427 887 4513; x_wconf 86' lang='lat' dir='ltr'>sanctaque</span> <span class='ocrx_word' id='word_1_256' title='bbox 912 4416 1007 4509; x_wconf 83' lang='lat' dir='ltr'>baec,</span> <span class='ocrx_word' id='word_1_257' title='bbox 1034 4424 1099 4491; x_wconf 91' lang='lat' dir='ltr'>sint</span> <span class='ocrx_word' id='word_1_258' title='bbox 1114 4419 1212 4494; x_wconf 92' lang='lat' dir='ltr'>nobis</span> <span class='ocrx_word' id='word_1_259' title='bbox 1231 4421 1497 4512; x_wconf 83' lang='lat' dir='ltr'>sanctificatoria,</span> <span class='ocrx_word' id='word_1_260' title='bbox 1524 4430 1559 4492; x_wconf 89' lang='lat' dir='ltr'>et</span> <span class='ocrx_word' id='word_1_261' title='bbox 1584 4423 1704 4516; x_wconf 85' lang='lat' dir='ltr'>pignus</span> <span class='ocrx_word' id='word_1_262' title='bbox 1732 4423 1825 4491; x_wconf 89' lang='lat' dir='ltr'>vitae</span> <span class='ocrx_word' id='word_1_263' title='bbox 1851 4423 1884 4490; x_wconf 90' lang='lat' dir='ltr'>in</span> <span class='ocrx_word' id='word_1_264' title='bbox 1910 4416 1960 4489; x_wconf 91' lang='lat' dir='ltr'>dio</span> 
     </span>
     <span class='ocr_line' id='line_1_32' title="bbox 587 4534 1163 4628; baseline 0.007 -23"><span class='ocrx_word' id='word_1_265' title='bbox 587 4535 717 4628; x_wconf 85' lang='lat' dir='ltr'>judicii,</span> <span class='ocrx_word' id='word_1_266' title='bbox 745 4544 779 4607; x_wconf 87' lang='lat' dir='ltr'>et</span> <span class='ocrx_word' id='word_1_267' title='bbox 804 4534 988 4608; x_wconf 80' lang='lat' dir='ltr'>referemus</span> <span class='ocrx_word' id='word_1_268' title='bbox 1015 4534 1072 4606; x_wconf 89' lang='lat' dir='ltr'>tibi</span> <span class='ocrx_word' id='word_1_269' title='bbox 1100 4548 1163 4609; x_wconf 88' lang='lat' dir='ltr'>etc.</span> 
     </span>
    </p>

    <p class='ocr_par' dir='ltr' id='par_1_9' title="bbox 697 4650 1030 4744">
     <span class='ocr_line' id='line_1_33' title="bbox 697 4650 1030 4744; baseline 0 -23"><span class='ocrx_word' id='word_1_270' title='bbox 697 4650 858 4744; x_wconf 77' lang='lat' dir='ltr'>Populus.</span> <span class='ocrx_word' id='word_1_271' title='bbox 910 4651 1030 4723; x_wconf 85' lang='lat' dir='ltr'>Arnen.</span> 
     </span>
    </p>

    <p class='ocr_par' dir='ltr' id='par_1_10' title="bbox 697 4766 1019 4841">
     <span class='ocr_line' id='line_1_34' title="bbox 697 4766 1019 4841; baseline 0.003 -3"><span class='ocrx_word' id='word_1_272' title='bbox 697 4766 883 4840; x_wconf 69' lang='lat' dir='ltr'>Sacerdos.</span> <span class='ocrx_word' id='word_1_273' title='bbox 934 4767 1019 4841; x_wconf 84' lang='lat' dir='ltr'>Pax.</span> 
     </span>
    </p>

    <p class='ocr_par' dir='ltr' id='par_1_11' title="bbox 697 4882 1287 4980">
     <span class='ocr_line' id='line_1_35' title="bbox 697 4882 1287 4980; baseline 0.002 -25"><span class='ocrx_word' id='word_1_274' title='bbox 697 4884 857 4977; x_wconf 74' lang='lat' dir='ltr'>Populus.</span> <span class='ocrx_word' id='word_1_275' title='bbox 908 4882 1052 4957; x_wconf 86' lang='lat' dir='ltr'>Etcum</span> <span class='ocrx_word' id='word_1_276' title='bbox 1079 4887 1193 4980; x_wconf 88' lang='lat' dir='ltr'>spiritu</span> <span class='ocrx_word' id='word_1_277' title='bbox 1219 4896 1287 4958; x_wconf 90' lang='lat' dir='ltr'>tuo.</span> 
     </span>
    </p>

    <p class='ocr_par' dir='ltr' id='par_1_12' title="bbox 696 4998 1377 5073">
     <span class='ocr_line' id='line_1_36' title="bbox 696 4998 1377 5073; baseline 0 -2"><span class='ocrx_word' id='word_1_278' title='bbox 696 4998 881 5073; x_wconf 73' lang='lat' dir='ltr'>Sacerdos.</span> <span class='ocrx_word' id='word_1_279' title='bbox 933 5000 1186 5073; x_wconf 81' lang='lat' dir='ltr'>Misericordiae</span> <span class='ocrx_word' id='word_1_280' title='bbox 1210 5001 1276 5073; x_wconf 90' lang='lat' dir='ltr'>Dei</span> <span class='ocrx_word' id='word_1_281' title='bbox 1303 5004 1377 5073; x_wconf 89' lang='lat' dir='ltr'>sint</span> 
     </span>
    </p>

    <p class='ocr_par' dir='ltr' id='par_1_13' title="bbox 697 5115 1287 5213">
     <span class='ocr_line' id='line_1_37' title="bbox 697 5115 1287 5213; baseline 0.002 -27"><span class='ocrx_word' id='word_1_282' title='bbox 697 5115 858 5209; x_wconf 79' lang='lat' dir='ltr'>Papulae.</span> <span class='ocrx_word' id='word_1_283' title='bbox 909 5115 953 5188; x_wconf 81' lang='lat' dir='ltr'>tn</span> <span class='ocrx_word' id='word_1_284' title='bbox 979 5140 1052 5189; x_wconf 88' lang='lat' dir='ltr'>cnm</span> <span class='ocrx_word' id='word_1_285' title='bbox 1080 5119 1196 5213; x_wconf 90' lang='lat' dir='ltr'>spiritu</span> <span class='ocrx_word' id='word_1_286' title='bbox 1221 5126 1287 5190; x_wconf 89' lang='lat' dir='ltr'>tuo.</span> 
     </span>
    </p>

    <p class='ocr_par' dir='ltr' id='par_1_14' title="bbox 697 5231 1178 5306">
     <span class='ocr_line' id='line_1_38' title="bbox 697 5231 1178 5306; baseline -0.006 -2"><span class='ocrx_word' id='word_1_287' title='bbox 697 5233 885 5304; x_wconf 71' lang='lat' dir='ltr'>naccam.</span> <span class='ocrx_word' id='word_1_288' title='bbox 939 5231 1023 5306; x_wconf 83' lang='lat' dir='ltr'>Cum</span> <span class='ocrx_word' id='word_1_289' title='bbox 1050 5235 1178 5303; x_wconf 89' lang='lat' dir='ltr'>timore.</span> 
     </span>
    </p>

    <p class='ocr_par' dir='ltr' id='par_1_15' title="bbox 698 5348 1219 5424">
     <span class='ocr_line' id='line_1_39' title="bbox 698 5348 1219 5424; baseline -0.006 -4"><span class='ocrx_word' id='word_1_290' title='bbox 698 5348 883 5424; x_wconf 74' lang='lat' dir='ltr'>Sacerdos.</span> <span class='ocrx_word' id='word_1_291' title='bbox 935 5348 1060 5421; x_wconf 86' lang='lat' dir='ltr'>Sancta</span> <span class='ocrx_word' id='word_1_292' title='bbox 1086 5349 1219 5420; x_wconf 86' lang='lat' dir='ltr'>sanctis.</span> 
     </span>
    </p>
   </div>
   <div class='ocr_carea' id='block_1_4' title="bbox 0 0 2580 6534">
    <p class='ocr_par' dir='ltr' id='par_1_16' title="bbox 0 0 2580 6534">
     <span class='ocr_line' id='line_1_40' title="bbox 0 0 2580 6534; baseline 0 0"><span class='ocrx_word' id='word_1_293' title='bbox 0 0 2580 6534; x_wconf 95' lang='lat' dir='ltr'> </span> 
     </span>
    </p>
   </div>
  </div>
 </body>
</html>
