5150 6534
1145 847 1323 925 ORDO
1378 848 1756 929 tostttonls

995 1350 1209 1427 ALIUS
1263 1349 1440 1426 ORDO
1494 1348 1993 1426 GENERALIS.

1151 1555 1748 1676 LITURGIAE.

761 1794 835 1865 Per
861 1797 1019 1865 uirtutem
1050 1796 1230 1867 Trinitatis
1256 1800 1399 1865 surrctoc
1425 1793 1603 1865 scribimus
1638 1793 1798 1864 Ordinem
1824 1795 1884 1888 qui
1910 1792 2143 1865 observandus

1253 1917 1305 1982 cst
1330 1917 1411 1981 onte
1439 1909 1659 1980 Obie-tionem.

867 2125 1011 2225 Primo
1038 2148 1214 2220 Sacerdos
1240 2151 1326 2220 dicit
1351 2149 1440 2220 irunc
1465 2148 1626 2241 dymnum.

867 2263 983 2339 Gloria
1010 2265 1100 2337 Patri
1128 2275 1162 2336 et
1186 2263 1285 2355 Filio,
1312 2276 1346 2337 et
1372 2265 1509 2361 Spiritui
1536 2275 1673 2336 sancto:
1711 2274 1745 2337 et
1771 2287 1873 2360 super
1899 2285 1962 2336 nos
1989 2259 2139 2380 imbetles

762 2392 796 2454 et
822 2392 1030 2477 peccatores,
1057 2384 1288 2455 miserationes
1315 2392 1350 2452 et
1375 2381 1564 2473 benignitas
1592 2380 1798 2451 effundantur
1824 2385 1858 2451 in
1880 2389 2021 2474 utroque
2046 2399 2132 2451 sae-

762 2496 852 2570 culo:
878 2520 965 2569 nunc
992 2508 1026 2570 et
1052 2521 1186 2594 semper
1212 2509 1246 2570 et
1271 2501 1306 2568 iu
1332 2497 1468 2570 saecuta
1494 2496 1715 2568 saeculorum.
1768 2496 1886 2569 Amen.

1391 2749 1520 2821 Oratio.

866 2955 995 3027 Perfice
1021 2953 1119 3025 nobis
1145 2953 1289 3025 Domine
1321 2957 1413 3028 Deus
1440 2959 1617 3027 miserator
1650 2966 1684 3027 et
1719 2965 1848 3027 amator
1879 2952 2064 3041 hominum,
2102 2959 2140 3022 ut

762 3094 837 3143 cum
865 3074 1069 3162 cognitione,
1096 3074 1214 3141 timore
1242 3080 1275 3141 et
1302 3070 1473 3166 disciplina
1500 3071 1678 3167 spirituali,
1705 3078 1830 3141 stemus
1855 3090 1967 3140 coram
1995 3074 2029 3137 te
2055 3086 2139 3159 pure

763 3198 796 3259 et
823 3197 950 3276 sancte,
978 3196 1012 3257 et
1037 3188 1258 3260 ministremus
1298 3187 1354 3259 tibi
1388 3199 1541 3282 tanquam
1569 3190 1714 3261 Domino
1749 3196 1784 3258 et
1808 3185 1948 3275 factori,
1984 3184 2037 3255 cui
2070 3179 2137 3250 de-

761 3301 858 3374 betur
884 3302 1036 3374 adoratio
1065 3299 1106 3372 ah
1135 3303 1301 3391 omnibus,
1328 3303 1437 3390 Pater,
1465 3301 1542 3391 Fili,
1568 3315 1603 3376 et
1622 3303 1766 3400 Spiritus
1793 3312 2041 3387 sanctonum,
2072 3305 2137 3367 etc.

867 3419 1031 3488 Psoi-mus.
1059 3416 1190 3487 Posito.
1218 3417 1384 3488 Miserere
1410 3421 1476 3489 mei
1502 3418 1605 3490 Deus.

866 3532 1041 3602 Sacerdos
1064 3535 1153 3622 pet-it
1179 3534 1410 3602 rescissionem
1437 3540 1472 3603 et
1498 3535 1591 3604 dicit.

866 3645 1013 3716 Benedic
1040 3646 1183 3716 Domine
1210 3650 1411 3735 remissioni,
1439 3671 1499 3736 seu
1526 3649 1738 3722 absolutioni.

867 3761 1035 3830 Ascendit
1060 3760 1108 3829 nd
1133 3761 1246 3831 altore
1274 3767 1308 3831 ct
1335 3762 1428 3833 dicit.

868 3875 923 3945 Ad
950 3874 1100 3946 thronum
1128 3884 1216 3947 tuum
1244 3877 1382 3948 ascendi
1407 3880 1563 3966 Domine,
1592 3886 1626 3949 ct
1651 3899 1764 3949 coram
1787 3875 1873 3948 solio
1901 3886 1957 3947 tuo
1985 3873 2138 3963 adoravi,

762 3991 840 4062 Rex
866 3990 1043 4063 eoelestis:
1070 4014 1173 4085 parce
1200 3990 1276 4063 mihi
1305 3996 1415 4064 omnia
1444 4016 1529 4087 (urae
1556 3997 1698 4088 peccavi
1726 3990 1792 4063 tibi.

866 4106 913 4176 Et
939 4107 1015 4176 ditm
1040 4107 1195 4177 ascendit
1222 4107 1315 4177 dicit.
1370 4108 1518 4180 Introibo
1556 4108 1598 4180 ad
1626 4109 1732 4180 altare
1758 4106 1843 4198 Dei,
1879 4104 1922 4176 ed
1946 4102 2055 4178 Deum
2082 4108 2137 4201 qui

761 4218 917 4293 laetificat
939 4224 1146 4313 juventutem
1172 4244 1290 4293 meam.

866 4337 1045 4407 Oscntotur
1073 4359 1180 4407 cornu
1206 4337 1330 4407 ottoris
1356 4342 1391 4407 et
1417 4338 1510 4407 dicit.
1559 4337 1645 4430 Liga
1672 4338 1816 4410 DomIne
1840 4336 2040 4409 festivitates
2066 4358 2137 4408 no-

760 4462 848 4525 stras
874 4455 908 4521 in
936 4455 1074 4538 catenis,
1102 4450 1276 4545 usquead
1304 4473 1429 4523 cornua
1458 4454 1571 4524 altaris
1598 4458 1653 4525 tui.
1701 4452 1708 4464 ’

864 4566 912 4636 Et
938 4589 1011 4636 cnm
1037 4565 1198 4635 accendit
1224 4588 1370 4653 cereum,
1398 4567 1445 4637 nd
1470 4568 1560 4639 latres
1587 4569 1743 4639 destrunt
1770 4569 1863 4638 dicit.

866 4683 903 4753 ln
930 4681 1053 4752 lumine
1081 4689 1136 4751 tuo
1163 4680 1315 4753 videmus
1343 4681 1461 4752 lumen.

866 4795 926 4868 Au
951 4796 1040 4866 totns
1065 4798 1237 4865 sinistrum
1263 4797 1356 4866 dicit.
1396 4796 1475 4869 Pius
1509 4808 1543 4869 ot
1569 4807 1717 4888 sanctus,
1744 4801 1799 4893 qui
1826 4795 1950 4869 habitat
1976 4799 2011 4868 in
2035 4794 2133 4867 habi-

762 4910 879 4983 taculis
905 4909 999 4982 lucis.

869 5025 950 5097 Com
984 5029 1102 5097 miscet
1136 5029 1247 5096 cirrum
1282 5032 1317 5096 ct
1356 5049 1479 5121 aquom
1515 5032 1551 5099 io
1583 5030 1708 5117 colice,
1749 5029 1842 5099 dicit.
1895 5028 1960 5100 Uni
1992 5027 2137 5098 Domine

766 5164 884 5235 aquam
917 5145 1014 5214 istam
1054 5165 1129 5215 cum
1163 5140 1228 5213 hoc
1259 5145 1359 5229 vino,
1407 5147 1492 5217 sieut
1522 5149 1612 5217 unita
1646 5155 1699 5219 est
1733 5144 1887 5216 divinitas
1923 5154 1980 5216 tua
2013 5143 2136 5215 huma-

762 5258 865 5327 nitati.
