5150 6534
787 847 842 923 lh
875 844 1174 922 LITURGIAS
1210 839 1489 921 sitirent.
1767 839 1815 914 75
1877 948 1880 951 .

452 1030 562 1093 Sancta
591 1026 716 1092 Sanctis.
767 1028 831 1091 liae
864 1048 939 1092 vero
967 1035 998 1091 et
1027 1046 1103 1109 quae
1135 1034 1303 1110 sequuntur
1330 1027 1501 1105 orationes,
1529 1026 1695 1090 recitantur
1722 1043 1817 1107 super

451 1126 610 1209 populum,
639 1127 719 1191 unde
742 1128 830 1191 etiam
853 1135 1007 1191 vocantur.
1051 1128 1255 1207 impositionis
1275 1145 1433 1201 manen,
1461 1127 1534 1207 quio
1560 1134 1719 1206 coaequam
1737 1143 1818 1205 pro·

451 1228 645 1302 metonae,
665 1227 824 1290 Diaconaa
844 1229 937 1290 dicit:
959 1227 1102 1289 Inclinato
1126 1227 1224 1307 capita
1246 1233 1347 1288 restra
1370 1241 1472 1286 corana
1496 1224 1630 1287 Domino.
1673 1222 1737 1285 Nec
1759 1222 1819 1283 de-

452 1324 523 1387 hent
541 1325 690 1386 ateana
714 1344 814 1405 petrau
837 1324 972 1404 flectcre,
1001 1343 1062 1386 non
1089 1325 1170 1405 qnod
1186 1326 1423 1404 prostrationem
1450 1342 1528 1403 qaae
1556 1340 1662 1384 corum
1690 1320 1819 1383 Domino

449 1424 494 1503 tit,
514 1422 734 1503 improbemus:
762 1426 817 1486 τεο
836 1426 909 1506 quio
930 1426 1114 1504 sucrificium
1136 1425 1194 1485 hoc
1220 1425 1337 1502 τίςηκνο
1358 1430 1405 1483 est
1424 1422 1658 1485 rewecticnis
1677 1427 1819 1483 nathae:

451 1530 486 1585 ut
502 1524 672 1603 prostratio
693 1524 800 1585 naiaco
816 1543 876 1603 per
894 1532 1052 1603 peccatum
1078 1531 1210 1586 nostrae.
1253 1522 1350 1584 Porro
1374 1520 1533 1583 Orationes
1563 1539 1639 1601 quas
1667 1519 1819 1599 designat,

451 1627 517 1682 tres
539 1629 617 1683 sunt
661 1622 758 1684 Prima
779 1629 827 1684 est
849 1621 953 1685 Osenlt
976 1624 1079 1702 pacis:
1109 1622 1263 1699 Secunda,
1293 1620 1496 1699 impositionis
1521 1638 1678 1681 mauman:
1707 1616 1820 1694 Tertia,

451 1718 636 1782 Detocttonis
656 1720 932 1786 Sacramentoram.
977 1721 1020 1783 lta
1041 1720 1173 1783 lacobus
1196 1720 1380 1783 Edessenus.
1427 1718 1499 1781 lhos
1520 1726 1592 1798 post
1611 1716 1746 1800 Spmhoti
1764 1734 1821 1776 rc-

452 1817 625 1880 ca'totionem
643 1821 718 1899 fiuent
738 1818 922 1895 Orationcs;
944 1822 1047 1898 Pacis,
1069 1821 1272 1900 impositionis
1293 1837 1444 1892 manaan,
1468 1826 1497 1879 ot
1518 1818 1712 1880 revetationis
1733 1813 1822 1876 Ana-

449 1915 589 1993 phorue,
610 1936 665 1979 serr
686 1919 760 1994 cett,
783 1937 843 1999 quo
866 1920 967 1983 discus
990 1929 1022 1982 et
1043 1920 1123 1981 calix
1148 1926 1306 2002 teguntur:
1340 1926 1371 1979 et
1397 1934 1475 1998 quae
1502 1919 1543 1979 ita
1570 1916 1739 1998 appellatur
1766 1931 1822 1975 se-

452 2012 580 2077 cundum
607 2016 819 2094 Barsalihiurn,
850 2020 919 2099 quia
947 2021 978 2081 in
1006 2019 1073 2099 ejus
1103 2018 1162 2081 line
1190 2019 1337 2081 Sacerdos
1365 2016 1465 2078 velum
1494 2015 1568 2078 illud
1596 2013 1709 2093 aufert,
1738 2012 1821 2094 quod

451 2112 621 2193 Arraphoro
642 2114 783 2197 Syriaca,
805 2118 914 2197 Noufir
941 2119 1072 2180 Arabica
1093 2119 1213 2193 vocari,
1236 2117 1346 2179 dictum
1369 2124 1416 2178 est
1438 2117 1589 2195 superius.

539 2212 634 2276 Prima
650 2214 754 2277 Oratio
767 2235 846 2297 quae
861 2217 973 2297 incipit,
994 2217 1122 2278 Domine
1139 2217 1223 2278 Dona
1238 2223 1342 2277 noster
1359 2234 1416 2276 nos
1435 2215 1573 2294 quemme
1592 2213 1743 2292 indignos,
1762 2217 1819 2274 etc.

453 2327 604 2389 expressa
623 2320 671 2375 eat
693 2333 734 2375 ex
755 2315 813 2377 ista
835 2315 962 2379 Graeca.
1004 2304 1038 2376 ‘O
1066 2310 1196 2376 πάντων
1221 2303 1304 2386 Θεός
1331 2308 1387 2375 καὶ
1415 2299 1576 2395 δεσπότης
1597 2298 1713 2388 οἷξὶους
1734 2299 1821 2395 ἡμᾶς

451 2400 658 2493 κατέργασαι,
674 2409 734 2497 τῆς
745 2402 834 2497 ὥρας
848 2402 977 2498 ταύτης,
991 2402 1070 2486 τούς
1081 2402 1244 2491 οἷναξίονς,
1258 2402 1488 2497 φιλάνθρωττε,
1505 2403 1560 2474 ἵνα
1579 2397 1821 2494 καθαρεύοντες

451 2496 575 2581 παντὸς
601 2497 698 2573 δόλου
724 2510 779 2576 καὶ
806 2502 916 2597 πάσης
938 2502 1141 2597 ὑποκρίσεως
1162 2507 1338 2590 ἑνωθοῑμεκ
1360 2499 1517 2595 α’λλήλοις
1537 2508 1584 2591 τῷ
1604 2506 1663 2594 τῆς
1684 2495 1819 2595 εἰρήνης,

451 2600 509 2667 καὶ
535 2605 595 2690 τῆς
623 2597 755 2694 α’γάπης
783 2611 958 2694 cordeopq',
983 2620 1041 2674 etc.
1085 2613 1226 2695 Ejusdem
1253 2612 1420 2673 sententiae
1449 2619 1519 2673 sunt
1549 2609 1684 2689 reliquae
1714 2624 1820 2669 ornnes

451 2702 599 2770 formulae
622 2710 783 2790 Syriacae,
804 2712 907 2775 similis
929 2713 1083 2776 orationis.

800 2972 997 3047 Diaconos:
1022 2972 1155 3044 Stemus
1180 2974 1353 3060 docenter,
1380 2977 1444 3043 otc.
1709 3063 1712 3069 Ι
1883 2990 1919 3041 n.

554 3177 585 3257 F
586 3210 704 3255 onruun
733 3193 937 3275 antiquissima
965 3202 995 3256 et
1022 3193 1134 3274 ubique
1161 3201 1286 3274 recepta
1312 3194 1342 3255 in
1365 3193 1475 3255 Officiis
1497 3193 1657 3274 Liturgicis
1686 3189 1817 3268 Στῶμεν
1864 3195 1972 3250 diaconi
1986 3193 2142 3263 primatos-

451 3289 567 3371 anag,
589 3294 716 3373 στῶμεν
738 3284 900 3377 εὐλαβῶς,
923 3293 1049 3373 στῶμεν
1070 3285 1155 3376 μετα
1178 3283 1285 3382 φόβου
1307 3291 1391 3358 θεοῦ
1412 3290 1469 3357 καὶ
1489 3280 1701 3371 κατανύξεως.
1746 3294 1817 3356 Sto·
1830 3283 1892 3334 ¹⁸⁸i⁰
1919 3281 1952 3332 ad
1975 3278 2091 3333 ΜΗ·
2114 3286 2142 3331 ⁰⁸

452 3411 520 3455 mar
537 3396 662 3474 pretore,
683 3397 749 3459 sive
771 3399 929 3474 docerem
952 3405 1063 3459 stemus
1080 3398 1149 3476 pie,
1174 3404 1285 3458 stomm
1308 3414 1376 3457 eam
1401 3398 1509 3457 umore
1526 3394 1590 3455 Dei
1617 3402 1648 3457 et
1673 3413 1819 3474 comm.
1832 3367 1962 3422 orandum.

452 3494 560 3557 chone.
587 3492 631 3556 lta
653 3494 781 3558 hahetur
802 3498 832 3558 in
856 3497 981 3559 Graecis
1004 3496 1160 3558 omnihus:
1189 3504 1220 3558 et
1242 3496 1272 3581 in
1295 3495 1429 3575 Copticis
1454 3493 1571 3556 Graece
1593 3494 1819 3575 pronunciatur,

453 3590 535 3671 quod
557 3592 637 3672 apud
659 3593 754 3675 Syros
776 3613 896 3677 quoque
918 3596 1110 3658 observatum
1132 3595 1204 3673 suit,
1233 3613 1273 3657 ex
1305 3593 1488 3673 antiquitatis
1519 3594 1702 3656 reverentia.
1746 3592 1821 3654 Nam

454 3690 486 3751 in
506 3689 616 3755 ilituali
638 3694 720 3774 quod
743 3694 929 3757 Boderianus
952 3695 1061 3772 edidit,
1084 3696 1115 3758 in
1138 3694 1251 3776 aliquot
1272 3693 1433 3774 liturgiis,
1460 3693 1492 3754 in
1514 3691 1623 3755 Officiis
1647 3690 1822 3755 Ordinatio-

453 3806 536 3869 num,
560 3797 591 3853 et
614 3792 695 3872 apud
717 3793 864 3856 Barsalibi
887 3795 1020 3856 occurrit
1042 3794 1100 3857 ista
1123 3794 1249 3856 formula
1272 3792 1397 3855 Graecis
1419 3792 1539 3867 verbis,
1561 3791 1656 3853 literis
1680 3792 1821 3872 Syriacis,

453 3905 541 3969 qnam
569 3891 720 3972 interpres
748 3910 808 3955 non
839 3892 1000 3954 intellexit:
1038 3894 1174 3956 similiter
1204 3893 1325 3972 saepius
1358 3892 1511 3971 reperitur
1539 3891 1569 3952 in
1600 3890 1821 3952 Pontifioalibus

453 3986 586 4068 Syriacis
615 3988 829 4054 Jacohitarum.
880 3991 979 4054 Habet
1011 4000 1108 4054 autern
1139 3994 1390 4073 significationem
1422 3989 1586 4070 simplicem
1616 3997 1647 4051 ct
1674 3989 1821 4051 literalem

453 4086 618 4150 secundum
640 4088 855 4170 Barsalihium,
879 4091 965 4170 cujus
989 4092 1082 4153 verba
1107 4093 1247 4172 superius
1269 4091 1365 4153 relata
1388 4098 1466 4153 sunt.
1496 4089 1690 4152 Consuetudo
1708 4089 1821 4170 quippe

454 4187 657 4250 vetustissima
685 4196 751 4265 est,
786 4197 818 4251 ut
850 4190 888 4252 ad
914 4189 1079 4272 liturgiam
1107 4198 1138 4253 et
1170 4191 1267 4254 ornnia
1297 4209 1383 4253 sacra
1415 4189 1517 4252 Officia
1546 4189 1705 4251 Christiani
1728 4196 1819 4251 stent

454 4283 625 4366 Aliquando
649 4286 774 4364 sedent,
797 4290 924 4352 maxime
947 4291 978 4351 in
1000 4290 1137 4353 Ecclesia
1165 4290 1387 4368 Alexandrina,
1416 4288 1495 4352 unde
1522 4288 1555 4349 lit
1582 4296 1615 4350 ut
1645 4287 1822 4369 frequenter

454 4385 484 4446 in
498 4383 754 4467 CopticisOlllciis
770 4397 910 4450 occurrat
932 4389 1007 4452 haec
1028 4389 1165 4469 formula,
1189 4408 1277 4471 quae,
1299 4397 1332 4452 ut
1349 4390 1425 4452 aliae
1444 4406 1542 4471 prope
1564 4406 1679 4465 omnes,
1703 4388 1820 4451 Graece

454 4483 580 4562 dicitur,
606 4478 648 4549 Oi
668 4482 850 4569 καθημένοι
871 4475 1042 4571 ἀνάστητε.
1086 4490 1147 4566 (lai
1167 4492 1277 4552 sedetis
1299 4492 1423 4570 surpite.
1467 4488 1499 4549 ln
1524 4486 1699 4568 quibusdam
1721 4495 1821 4550 tannen

452 4583 599 4648 Ecclesiis
620 4603 771 4666 nunquam
793 4586 928 4666 sedetur,
951 4587 1006 4650 sed
1029 4591 1079 4669 qui
1102 4589 1214 4652 Officiis
1237 4591 1333 4653 sacris
1356 4591 1515 4664 intersunt,
1537 4587 1689 4667 scipiones
1709 4585 1821 4648 habent

454 4684 562 4765 quibus
584 4686 763 4765 innituntur,
787 4705 854 4749 cum
876 4687 996 4749 nimium
1018 4689 1126 4750 stando
1148 4689 1302 4772 defatigati
1326 4696 1420 4766 sunt,
1444 4688 1522 4767 quod
1544 4687 1699 4749 Maronitis
1727 4685 1821 4747 sarni-

452 4782 528 4847 liare
550 4791 613 4847 est:
635 4785 673 4847 ad
696 4784 772 4848 alios
793 4804 832 4847 an
853 4789 1023 4867 pertineat,
1047 4790 1229 4871 ignoramus.
1274 4785 1429 4849 Praelatus
1451 4803 1545 4867 porro
1568 4784 1685 4846 Graece
1705 4783 1821 4845 Diaco-

453 4902 511 4948 nns
533 4879 666 4962 Στῶμεν
680 4880 803 4960 καλῶς,
821 4886 974 4969 subjungit
996 4888 1072 4949 hanc
1095 4887 1344 4965 exhortationem,
1368 4904 1456 4966 quam
1472 4893 1505 4947 ut
1519 4883 1683 4947 lectoribus
1702 4884 1820 4963 integra

458 4990 614 5047 constaret
636 4982 735 5047 Officii
757 4985 853 5063 ratic,
877 5004 917 5048 ex
939 4985 1016 5047 lihro
1038 4987 1195 5049 Ministcrii
1223 4986 1378 5049 Diaconici
1405 4984 1616 5048 transtulimus.
1664 4982 1717 5044 llla
1743 4999 1820 5044 vero

454 5082 561 5147 laudes
578 5082 634 5144 Dei
657 5082 696 5144 oh
718 5082 865 5146 beneficia
888 5085 954 5166 ejus
977 5103 1051 5168 erga
1074 5086 1231 5148 humanum
1253 5103 1351 5167 genus
1366 5084 1585 5165 complectitur,
1608 5090 1638 5147 et
1657 5080 1820 5167 gratiarnm

454 5183 601 5246 actionem
622 5182 661 5245 de
683 5181 858 5246 fundatione
880 5184 1036 5248 Ecclesiae
1058 5203 1114 5266 per
1137 5185 1303 5248 Christum:
1325 5202 1446 5265 unoque
1468 5192 1576 5246 tenore
1598 5183 1819 5247 contessionem

453 5272 524 5345 lidei
545 5280 584 5345 de
606 5282 737 5345 veritate
760 5284 899 5363 corporis
922 5291 952 5345 et
974 5285 1129 5366 sanguinis
1152 5286 1218 5367 ejus
1242 5285 1271 5345 in
1293 5282 1497 5362 Eucharistia,
1520 5281 1632 5363 ubique
1653 5283 1748 5345 fenne
1769 5289 1821 5345 te-

477 5419 602 5468 rrnnau
1311 5466 1314 5472 ,
1565 5399 1611 5472 13
