<?xml version="1.0" encoding="UTF-8"?>
<!DOCTYPE html PUBLIC "-//W3C//DTD XHTML 1.0 Transitional//EN"
    "http://www.w3.org/TR/xhtml1/DTD/xhtml1-transitional.dtd">
<html xmlns="http://www.w3.org/1999/xhtml" xml:lang="en" lang="en">
 <head>
  <title>
</title>
<meta http-equiv="Content-Type" content="text/html;charset=utf-8" />
  <meta name='ocr-system' content='tesseract 3.04.00' />
  <meta name='ocr-capabilities' content='ocr_page ocr_carea ocr_par ocr_line ocrx_word'/>
</head>
<body>
  <div class='ocr_page' id='page_1' title='image "./liturgiarumorie00renagoog_0387.png"; bbox 0 0 5150 6534; ppageno 0'>
   <div class='ocr_carea' id='block_1_1' title="bbox 977 859 1970 939">
    <p class='ocr_par' dir='ltr' id='par_1_1' title="bbox 977 859 1970 939">
     <span class='ocr_line' id='line_1_1' title="bbox 977 859 1970 939; baseline 0.002 -3"><span class='ocrx_word' id='word_1_1' title='bbox 977 859 1261 937; x_wconf 82' lang='lat' dir='ltr'>bleTHAEl</span> <span class='ocrx_word' id='word_1_2' title='bbox 1301 859 1582 939; x_wconf 73' lang='lat' dir='ltr'>testonis.</span> <span class='ocrx_word' id='word_1_3' title='bbox 1894 861 1970 938; x_wconf 80' lang='grc'>349</span> 
     </span>
    </p>
   </div>
   <div class='ocr_carea' id='block_1_2' title="bbox 601 1044 1973 2883">
    <p class='ocr_par' dir='ltr' id='par_1_2' title="bbox 709 1044 1971 1148">
     <span class='ocr_line' id='line_1_2' title="bbox 709 1044 1971 1148; baseline 0.005 -32"><span class='ocrx_word' id='word_1_4' title='bbox 709 1044 892 1148; x_wconf 74' lang='lat' dir='ltr'>Sacerdos.</span> <span class='ocrx_word' id='word_1_5' title='bbox 943 1045 988 1118; x_wconf 81' lang='lat' dir='ltr'>le</span> <span class='ocrx_word' id='word_1_6' title='bbox 1013 1046 1151 1120; x_wconf 81' lang='lat' dir='ltr'><strong>calicem</strong></span> <span class='ocrx_word' id='word_1_7' title='bbox 1176 1045 1264 1120; x_wconf 92' lang='lat' dir='ltr'>bunc</span> <span class='ocrx_word' id='word_1_8' title='bbox 1290 1057 1511 1135; x_wconf 87' lang='lat' dir='ltr'>consummet,</span> <span class='ocrx_word' id='word_1_9' title='bbox 1544 1050 1739 1140; x_wconf 86' lang='lat' dir='ltr'>sanguinem</span> <span class='ocrx_word' id='word_1_10' title='bbox 1766 1051 1822 1144; x_wconf 87' lang='lat' dir='ltr'>qui</span> <span class='ocrx_word' id='word_1_11' title='bbox 1848 1049 1971 1122; x_wconf 78' lang='lat' dir='ltr'>effusus</span> 
     </span>
    </p>

    <p class='ocr_par' dir='ltr' id='par_1_3' title="bbox 606 1160 1157 1369">
     <span class='ocr_line' id='line_1_3' title="bbox 606 1160 1157 1256; baseline 0.002 -22"><span class='ocrx_word' id='word_1_12' title='bbox 606 1170 659 1234; x_wconf 85' lang='lat' dir='ltr'>est</span> <span class='ocrx_word' id='word_1_13' title='bbox 683 1163 718 1232; x_wconf 92' lang='lat' dir='ltr'>in</span> <span class='ocrx_word' id='word_1_14' title='bbox 744 1164 930 1244; x_wconf 87' lang='lat' dir='ltr'>summitate</span> <span class='ocrx_word' id='word_1_15' title='bbox 956 1160 1157 1256; x_wconf 85' lang='lat' dir='ltr'>Golgctbae.</span> 
     </span>
     <span class='ocr_line' id='line_1_4' title="bbox 671 1274 1042 1369; baseline 0.011 -24"><span class='ocrx_word' id='word_1_16' title='bbox 671 1303 675 1308; x_wconf 9' lang='grc' dir='ltr'>Ν·</span> <span class='ocrx_word' id='word_1_17' title='bbox 709 1274 870 1369; x_wconf 78' lang='lat' dir='ltr'>Populea.</span> <span class='ocrx_word' id='word_1_18' title='bbox 922 1276 1042 1349; x_wconf 86' lang='lat' dir='ltr'>Amen.</span> 
     </span>
    </p>

    <p class='ocr_par' dir='ltr' id='par_1_4' title="bbox 601 1391 1971 1719">
     <span class='ocr_line' id='line_1_5' title="bbox 708 1391 1971 1493; baseline 0.005 -30"><span class='ocrx_word' id='word_1_19' title='bbox 708 1391 893 1464; x_wconf 71' lang='lat' dir='ltr'>Sacerdos.</span> <span class='ocrx_word' id='word_1_20' title='bbox 945 1391 990 1465; x_wconf 93' lang='lat' dir='ltr'>Ut</span> <span class='ocrx_word' id='word_1_21' title='bbox 1015 1395 1080 1464; x_wconf 87' lang='lat' dir='ltr'>sint</span> <span class='ocrx_word' id='word_1_22' title='bbox 1105 1391 1214 1483; x_wconf 93' lang='lat' dir='ltr'>nobis,</span> <span class='ocrx_word' id='word_1_23' title='bbox 1242 1392 1366 1466; x_wconf 85' lang='lat' dir='ltr'>stillis</span> <span class='ocrx_word' id='word_1_24' title='bbox 1394 1395 1448 1488; x_wconf 90' lang='lat' dir='ltr'>qui</span> <span class='ocrx_word' id='word_1_25' title='bbox 1473 1392 1528 1465; x_wconf 92' lang='lat' dir='ltr'>illa</span> <span class='ocrx_word' id='word_1_26' title='bbox 1555 1396 1748 1489; x_wconf 73' lang='lat' dir='ltr'>percipient,</span> <span class='ocrx_word' id='word_1_27' title='bbox 1776 1395 1818 1467; x_wconf 92' lang='lat' dir='ltr'>ad</span> <span class='ocrx_word' id='word_1_28' title='bbox 1845 1399 1971 1493; x_wconf 85' lang='lat' dir='ltr'>expia-</span> 
     </span>
     <span class='ocr_line' id='line_1_6' title="bbox 604 1500 1971 1607; baseline 0.005 -29"><span class='ocrx_word' id='word_1_29' title='bbox 604 1509 728 1580; x_wconf 79' lang='lat' dir='ltr'><strong>tionem</strong></span> <span class='ocrx_word' id='word_1_30' title='bbox 754 1506 960 1599; x_wconf 77' lang='lat' dir='ltr'>delictorum,</span> <span class='ocrx_word' id='word_1_31' title='bbox 986 1508 1029 1580; x_wconf 90' lang='lat' dir='ltr'>ad</span> <span class='ocrx_word' id='word_1_32' title='bbox 1055 1512 1252 1582; x_wconf 84' lang='lat' dir='ltr'>scissionem</span> <span class='ocrx_word' id='word_1_33' title='bbox 1280 1500 1587 1604; x_wconf 77' lang='lat' dir='ltr'>eldrograptorum,</span> <span class='ocrx_word' id='word_1_34' title='bbox 1615 1521 1648 1583; x_wconf 91' lang='lat' dir='ltr'>et</span> <span class='ocrx_word' id='word_1_35' title='bbox 1668 1510 1710 1582; x_wconf 89' lang='lat' dir='ltr'>od</span> <span class='ocrx_word' id='word_1_36' title='bbox 1725 1510 1971 1607; x_wconf 87' lang='lat' dir='ltr'>adipiscendam</span> 
     </span>
     <span class='ocr_line' id='line_1_7' title="bbox 601 1619 1971 1719; baseline 0.002 -24"><span class='ocrx_word' id='word_1_37' title='bbox 601 1619 842 1696; x_wconf 78' lang='lat' dir='ltr'>haereditatem</span> <span class='ocrx_word' id='word_1_38' title='bbox 867 1626 959 1697; x_wconf 86' lang='lat' dir='ltr'>vitae</span> <span class='ocrx_word' id='word_1_39' title='bbox 985 1631 1145 1697; x_wconf 80' lang='lat' dir='ltr'>aeternae</span> <span class='ocrx_word' id='word_1_40' title='bbox 1169 1628 1202 1697; x_wconf 95' lang='lat' dir='ltr'>in</span> <span class='ocrx_word' id='word_1_41' title='bbox 1228 1648 1337 1719; x_wconf 90' lang='lat' dir='ltr'>regno</span> <span class='ocrx_word' id='word_1_42' title='bbox 1364 1624 1551 1712; x_wconf 91' lang='lat' dir='ltr'>coelorum,</span> <span class='ocrx_word' id='word_1_43' title='bbox 1587 1631 1621 1698; x_wconf 87' lang='lat' dir='ltr'>in</span> <span class='ocrx_word' id='word_1_44' title='bbox 1648 1626 1785 1699; x_wconf 88' lang='lat' dir='ltr'>saeculo</span> <span class='ocrx_word' id='word_1_45' title='bbox 1818 1637 1971 1701; x_wconf 83' lang='lat' dir='ltr'>venturo.</span> 
     </span>
    </p>

    <p class='ocr_par' dir='ltr' id='par_1_5' title="bbox 708 1738 1041 1832">
     <span class='ocr_line' id='line_1_8' title="bbox 708 1738 1041 1832; baseline 0.003 -22"><span class='ocrx_word' id='word_1_46' title='bbox 708 1738 872 1832; x_wconf 77' lang='lat' dir='ltr'>Populea·</span> <span class='ocrx_word' id='word_1_47' title='bbox 921 1743 1041 1814; x_wconf 83' lang='lat' dir='ltr'>Amen.</span> 
     </span>
    </p>

    <p class='ocr_par' dir='ltr' id='par_1_6' title="bbox 603 1854 1973 2184">
     <span class='ocr_line' id='line_1_9' title="bbox 711 1854 1973 1952; baseline 0.003 -26"><span class='ocrx_word' id='word_1_48' title='bbox 711 1854 886 1928; x_wconf 73' lang='lat' dir='ltr'>Sacerdos</span> <span class='ocrx_word' id='word_1_49' title='bbox 903 1855 1095 1929; x_wconf 75' lang='lat' dir='ltr'>inclinatas.</span> <span class='ocrx_word' id='word_1_50' title='bbox 1146 1854 1363 1943; x_wconf 71' lang='lat' dir='ltr'>Pectoribus,</span> <span class='ocrx_word' id='word_1_51' title='bbox 1394 1861 1449 1952; x_wconf 88' lang='lat' dir='ltr'>qui</span> <span class='ocrx_word' id='word_1_52' title='bbox 1476 1867 1510 1928; x_wconf 91' lang='lat' dir='ltr'>ut</span> <span class='ocrx_word' id='word_1_53' title='bbox 1535 1854 1633 1929; x_wconf 91' lang='lat' dir='ltr'>nobis</span> <span class='ocrx_word' id='word_1_54' title='bbox 1661 1867 1857 1952; x_wconf 85' lang='lat' dir='ltr'>praeessent</span> <span class='ocrx_word' id='word_1_55' title='bbox 1883 1881 1973 1931; x_wconf 92' lang='lat' dir='ltr'>con-</span> 
     </span>
     <span class='ocr_line' id='line_1_10' title="bbox 607 1971 1972 2068; baseline 0.003 -26"><span class='ocrx_word' id='word_1_56' title='bbox 607 1972 708 2044; x_wconf 89' lang='lat' dir='ltr'>stituti</span> <span class='ocrx_word' id='word_1_57' title='bbox 740 1980 833 2062; x_wconf 89' lang='lat' dir='ltr'>sunt,</span> <span class='ocrx_word' id='word_1_58' title='bbox 866 1982 958 2061; x_wconf 90' lang='lat' dir='ltr'>esto,</span> <span class='ocrx_word' id='word_1_59' title='bbox 991 1973 1152 2063; x_wconf 90' lang='lat' dir='ltr'>Domine,</span> <span class='ocrx_word' id='word_1_60' title='bbox 1185 1994 1226 2045; x_wconf 94' lang='lat' dir='ltr'>os</span> <span class='ocrx_word' id='word_1_61' title='bbox 1254 1983 1288 2046; x_wconf 90' lang='lat' dir='ltr'>et</span> <span class='ocrx_word' id='word_1_62' title='bbox 1313 1973 1444 2064; x_wconf 88' lang='lat' dir='ltr'>lingua:</span> <span class='ocrx_word' id='word_1_63' title='bbox 1477 1983 1575 2068; x_wconf 86' lang='lat' dir='ltr'>atque</span> <span class='ocrx_word' id='word_1_64' title='bbox 1602 1971 1788 2047; x_wconf 90' lang='lat' dir='ltr'>haereticos</span> <span class='ocrx_word' id='word_1_65' title='bbox 1816 1976 1871 2068; x_wconf 87' lang='lat' dir='ltr'>qui</span> <span class='ocrx_word' id='word_1_66' title='bbox 1898 1994 1972 2046; x_wconf 91' lang='lat' dir='ltr'>cum</span> 
     </span>
     <span class='ocr_line' id='line_1_11' title="bbox 603 2084 1413 2184; baseline 0.002 -26"><span class='ocrx_word' id='word_1_67' title='bbox 603 2085 668 2159; x_wconf 91' lang='lat' dir='ltr'>illis</span> <span class='ocrx_word' id='word_1_68' title='bbox 693 2084 814 2159; x_wconf 84' lang='lat' dir='ltr'>bobum</span> <span class='ocrx_word' id='word_1_69' title='bbox 842 2098 973 2180; x_wconf 84' lang='lat' dir='ltr'>gerunt,</span> <span class='ocrx_word' id='word_1_70' title='bbox 999 2091 1134 2184; x_wconf 89' lang='lat' dir='ltr'>increpa</span> <span class='ocrx_word' id='word_1_71' title='bbox 1162 2099 1196 2160; x_wconf 92' lang='lat' dir='ltr'>et</span> <span class='ocrx_word' id='word_1_72' title='bbox 1222 2092 1413 2184; x_wconf 89' lang='lat' dir='ltr'>comprime.</span> 
     </span>
    </p>

    <p class='ocr_par' dir='ltr' id='par_1_7' title="bbox 604 2200 1971 2527">
     <span class='ocr_line' id='line_1_12' title="bbox 710 2200 1971 2301; baseline 0 -27"><span class='ocrx_word' id='word_1_73' title='bbox 710 2200 859 2274; x_wconf 57' lang='lat' dir='ltr'>ldmona</span> <span class='ocrx_word' id='word_1_74' title='bbox 883 2226 1008 2275; x_wconf 75' lang='lat' dir='ltr'>eccene.</span> <span class='ocrx_word' id='word_1_75' title='bbox 1060 2203 1105 2277; x_wconf 91' lang='lat' dir='ltr'>Ut</span> <span class='ocrx_word' id='word_1_76' title='bbox 1130 2204 1197 2301; x_wconf 88' lang='lat' dir='ltr'>lupi</span> <span class='ocrx_word' id='word_1_77' title='bbox 1223 2208 1335 2293; x_wconf 84' lang='lat' dir='ltr'>noxii,</span> <span class='ocrx_word' id='word_1_78' title='bbox 1372 2207 1427 2299; x_wconf 91' lang='lat' dir='ltr'>qui</span> <span class='ocrx_word' id='word_1_79' title='bbox 1462 2206 1575 2277; x_wconf 89' lang='lat' dir='ltr'>ovium</span> <span class='ocrx_word' id='word_1_80' title='bbox 1607 2203 1718 2276; x_wconf 91' lang='lat' dir='ltr'>babitu</span> <span class='ocrx_word' id='word_1_81' title='bbox 1745 2208 1822 2277; x_wconf 90' lang='lat' dir='ltr'>tecti</span> <span class='ocrx_word' id='word_1_82' title='bbox 1849 2203 1971 2277; x_wconf 89' lang='lat' dir='ltr'>audent</span> 
     </span>
     <span class='ocr_line' id='line_1_13' title="bbox 604 2305 1971 2415; baseline 0.001 -27"><span class='ocrx_word' id='word_1_83' title='bbox 604 2315 758 2391; x_wconf 87' lang='lat' dir='ltr'>lacerare</span> <span class='ocrx_word' id='word_1_84' title='bbox 790 2340 876 2392; x_wconf 88' lang='lat' dir='ltr'>oves</span> <span class='ocrx_word' id='word_1_85' title='bbox 912 2330 1004 2406; x_wconf 88' lang='lat' dir='ltr'>tuas,</span> <span class='ocrx_word' id='word_1_86' title='bbox 1040 2324 1106 2392; x_wconf 90' lang='lat' dir='ltr'>cito</span> <span class='ocrx_word' id='word_1_87' title='bbox 1134 2319 1285 2392; x_wconf 87' lang='lat' dir='ltr'>deficiant</span> <span class='ocrx_word' id='word_1_88' title='bbox 1312 2305 1345 2391; x_wconf 90' lang='lat' dir='ltr'>et</span> <span class='ocrx_word' id='word_1_89' title='bbox 1372 2319 1593 2415; x_wconf 89' lang='lat' dir='ltr'>depellantur:</span> <span class='ocrx_word' id='word_1_90' title='bbox 1629 2325 1663 2392; x_wconf 89' lang='lat' dir='ltr'>et</span> <span class='ocrx_word' id='word_1_91' title='bbox 1695 2320 1881 2395; x_wconf 84' lang='lat' dir='ltr'>referamus</span> <span class='ocrx_word' id='word_1_92' title='bbox 1913 2321 1971 2392; x_wconf 90' lang='lat' dir='ltr'>tibi</span> 
     </span>
     <span class='ocr_line' id='line_1_14' title="bbox 604 2433 852 2527; baseline -0.004 -21"><span class='ocrx_word' id='word_1_93' title='bbox 604 2433 762 2527; x_wconf 89' lang='lat' dir='ltr'>gloriam,</span> <span class='ocrx_word' id='word_1_94' title='bbox 789 2445 852 2507; x_wconf 87' lang='lat' dir='ltr'>etc.</span> 
     </span>
    </p>

    <p class='ocr_par' dir='ltr' id='par_1_8' title="bbox 707 2548 1041 2644">
     <span class='ocr_line' id='line_1_15' title="bbox 707 2548 1041 2644; baseline 0.012 -25"><span class='ocrx_word' id='word_1_95' title='bbox 707 2548 869 2644; x_wconf 74' lang='lat' dir='ltr'>Populus.</span> <span class='ocrx_word' id='word_1_96' title='bbox 922 2554 1041 2624; x_wconf 87' lang='lat' dir='ltr'>Amen.</span> 
     </span>
    </p>

    <p class='ocr_par' dir='ltr' id='par_1_9' title="bbox 605 2666 1970 2883">
     <span class='ocr_line' id='line_1_16' title="bbox 707 2666 1970 2763; baseline 0.002 -25"><span class='ocrx_word' id='word_1_97' title='bbox 707 2666 883 2739; x_wconf 77' lang='lat' dir='ltr'>Sacerdos</span> <span class='ocrx_word' id='word_1_98' title='bbox 908 2666 1097 2738; x_wconf 80' lang='lat' dir='ltr'>inclinatur.</span> <span class='ocrx_word' id='word_1_99' title='bbox 1147 2666 1217 2739; x_wconf 91' lang='lat' dir='ltr'>Illis</span> <span class='ocrx_word' id='word_1_100' title='bbox 1245 2670 1299 2761; x_wconf 84' lang='lat' dir='ltr'>qni</span> <span class='ocrx_word' id='word_1_101' title='bbox 1326 2687 1492 2763; x_wconf 86' lang='lat' dir='ltr'>pauperes</span> <span class='ocrx_word' id='word_1_102' title='bbox 1519 2668 1632 2763; x_wconf 92' lang='lat' dir='ltr'>populi</span> <span class='ocrx_word' id='word_1_103' title='bbox 1659 2670 1703 2740; x_wconf 90' lang='lat' dir='ltr'>tui</span> <span class='ocrx_word' id='word_1_104' title='bbox 1731 2668 1899 2761; x_wconf 87' lang='lat' dir='ltr'>adjuvant,</span> <span class='ocrx_word' id='word_1_105' title='bbox 1927 2670 1970 2741; x_wconf 92' lang='lat' dir='ltr'>da</span> 
     </span>
     <span class='ocr_line' id='line_1_17' title="bbox 605 2782 1970 2883; baseline 0.002 -29"><span class='ocrx_word' id='word_1_106' title='bbox 605 2782 780 2874; x_wconf 83' lang='lat' dir='ltr'>auxilinm3</span> <span class='ocrx_word' id='word_1_107' title='bbox 806 2783 883 2873; x_wconf 90' lang='lat' dir='ltr'>illis,</span> <span class='ocrx_word' id='word_1_108' title='bbox 909 2787 965 2878; x_wconf 77' lang='lat' dir='ltr'>qui</span> <span class='ocrx_word' id='word_1_109' title='bbox 991 2782 1207 2883; x_wconf 89' lang='lat' dir='ltr'>ecclesiarum</span> <span class='ocrx_word' id='word_1_110' title='bbox 1235 2792 1363 2855; x_wconf 89' lang='lat' dir='ltr'>tuarum</span> <span class='ocrx_word' id='word_1_111' title='bbox 1391 2782 1643 2857; x_wconf 91' lang='lat' dir='ltr'>sollicitudinem</span> <span class='ocrx_word' id='word_1_112' title='bbox 1670 2793 1807 2876; x_wconf 89' lang='lat' dir='ltr'>gerunt,</span> <span class='ocrx_word' id='word_1_113' title='bbox 1833 2807 1970 2857; x_wconf 91' lang='lat' dir='ltr'>merce-</span> 
     </span>
    </p>
   </div>
   <div class='ocr_carea' id='block_1_3' title="bbox 604 2895 2209 2994">
    <p class='ocr_par' dir='ltr' id='par_1_10' title="bbox 604 2895 2209 2994">
     <span class='ocr_line' id='line_1_18' title="bbox 604 2895 2209 2994; baseline 0.004 -25"><span class='ocrx_word' id='word_1_114' title='bbox 604 2895 680 2970; x_wconf 90' lang='lat' dir='ltr'>dem</span> <span class='ocrx_word' id='word_1_115' title='bbox 705 2897 868 2971; x_wconf 86' lang='lat' dir='ltr'>retribue:</span> <span class='ocrx_word' id='word_1_116' title='bbox 901 2896 977 2971; x_wconf 92' lang='lat' dir='ltr'>illos</span> <span class='ocrx_word' id='word_1_117' title='bbox 1004 2902 1060 2993; x_wconf 84' lang='lat' dir='ltr'>qui</span> <span class='ocrx_word' id='word_1_118' title='bbox 1086 2901 1210 2994; x_wconf 82' lang='lat' dir='ltr'>captivi</span> <span class='ocrx_word' id='word_1_119' title='bbox 1238 2909 1330 2987; x_wconf 91' lang='lat' dir='ltr'>sunt,</span> <span class='ocrx_word' id='word_1_120' title='bbox 1366 2899 1508 2977; x_wconf 87' lang='lat' dir='ltr'>libertati</span> <span class='ocrx_word' id='word_1_121' title='bbox 1541 2899 1664 2972; x_wconf 88' lang='lat' dir='ltr'>redde:</span> <span class='ocrx_word' id='word_1_122' title='bbox 1697 2904 1828 2972; x_wconf 89' lang='lat' dir='ltr'>vinctos</span> <span class='ocrx_word' id='word_1_123' title='bbox 1856 2902 1969 2974; x_wconf 90' lang='lat' dir='ltr'>solve:</span> <span class='ocrx_word' id='word_1_124' title='bbox 2097 2917 2098 2920; x_wconf 75' lang='grc'>’</span> <span class='ocrx_word' id='word_1_125' title='bbox 2206 2921 2209 2926; x_wconf 88' lang='grc'>’</span> 
     </span>
    </p>
   </div>
   <div class='ocr_carea' id='block_1_4' title="bbox 556 3012 1970 5423">
    <p class='ocr_par' dir='ltr' id='par_1_11' title="bbox 606 3012 1753 3110">
     <span class='ocr_line' id='line_1_19' title="bbox 606 3012 1753 3110; baseline 0.001 -25"><span class='ocrx_word' id='word_1_126' title='bbox 606 3021 640 3085; x_wconf 90' lang='lat' dir='ltr'>at</span> <span class='ocrx_word' id='word_1_127' title='bbox 665 3035 726 3087; x_wconf 90' lang='lat' dir='ltr'>eos</span> <span class='ocrx_word' id='word_1_128' title='bbox 753 3019 808 3110; x_wconf 91' lang='lat' dir='ltr'>qui</span> <span class='ocrx_word' id='word_1_129' title='bbox 834 3016 937 3085; x_wconf 85' lang='lat' dir='ltr'>variis</span> <span class='ocrx_word' id='word_1_130' title='bbox 964 3012 1155 3087; x_wconf 89' lang='lat' dir='ltr'>morborum</span> <span class='ocrx_word' id='word_1_131' title='bbox 1180 3013 1362 3106; x_wconf 91' lang='lat' dir='ltr'>generibus</span> <span class='ocrx_word' id='word_1_132' title='bbox 1388 3015 1634 3103; x_wconf 85' lang='lat' dir='ltr'>conflictantur,</span> <span class='ocrx_word' id='word_1_133' title='bbox 1661 3036 1753 3088; x_wconf 84' lang='lat' dir='ltr'>sana.</span> 
     </span>
    </p>

    <p class='ocr_par' dir='ltr' id='par_1_12' title="bbox 601 3129 1969 3341">
     <span class='ocr_line' id='line_1_20' title="bbox 706 3129 1969 3228; baseline 0.003 -27"><span class='ocrx_word' id='word_1_134' title='bbox 706 3131 856 3201; x_wconf 78' lang='lat' dir='ltr'>Elaeam</span> <span class='ocrx_word' id='word_1_135' title='bbox 880 3152 1005 3202; x_wconf 80' lang='lat' dir='ltr'>vocem,</span> <span class='ocrx_word' id='word_1_136' title='bbox 1051 3130 1136 3216; x_wconf 83' lang='lat' dir='ltr'>Ouia</span> <span class='ocrx_word' id='word_1_137' title='bbox 1163 3129 1303 3203; x_wconf 88' lang='lat' dir='ltr'>difficilia</span> <span class='ocrx_word' id='word_1_138' title='bbox 1329 3130 1387 3204; x_wconf 92' lang='lat' dir='ltr'>tibi</span> <span class='ocrx_word' id='word_1_139' title='bbox 1412 3131 1522 3203; x_wconf 82' lang='lat' dir='ltr'>facilia</span> <span class='ocrx_word' id='word_1_140' title='bbox 1548 3139 1632 3217; x_wconf 85' lang='lat' dir='ltr'>sunt,</span> <span class='ocrx_word' id='word_1_141' title='bbox 1660 3141 1693 3204; x_wconf 91' lang='lat' dir='ltr'>et</span> <span class='ocrx_word' id='word_1_142' title='bbox 1715 3153 1835 3226; x_wconf 87' lang='lat' dir='ltr'>aspere</span> <span class='ocrx_word' id='word_1_143' title='bbox 1860 3133 1969 3228; x_wconf 90' lang='lat' dir='ltr'>plana,</span> 
     </span>
     <span class='ocr_line' id='line_1_21' title="bbox 601 3245 1968 3341; baseline 0 -21"><span class='ocrx_word' id='word_1_144' title='bbox 601 3247 811 3341; x_wconf 89' lang='lat' dir='ltr'>omniumque</span> <span class='ocrx_word' id='word_1_145' title='bbox 828 3256 947 3341; x_wconf 90' lang='lat' dir='ltr'>potens</span> <span class='ocrx_word' id='word_1_146' title='bbox 962 3268 1012 3336; x_wconf 88' lang='lat' dir='ltr'>es,</span> <span class='ocrx_word' id='word_1_147' title='bbox 1029 3246 1182 3333; x_wconf 88' lang='lat' dir='ltr'>Domine,</span> <span class='ocrx_word' id='word_1_148' title='bbox 1198 3247 1322 3341; x_wconf 89' lang='lat' dir='ltr'>tibique</span> <span class='ocrx_word' id='word_1_149' title='bbox 1342 3246 1484 3339; x_wconf 83' lang='lat' dir='ltr'>gloriam</span> <span class='ocrx_word' id='word_1_150' title='bbox 1498 3257 1532 3318; x_wconf 90' lang='lat' dir='ltr'>et</span> <span class='ocrx_word' id='word_1_151' title='bbox 1545 3245 1676 3319; x_wconf 91' lang='lat' dir='ltr'>landem</span> <span class='ocrx_word' id='word_1_152' title='bbox 1694 3246 1881 3333; x_wconf 84' lang='lat' dir='ltr'>referimus,</span> <span class='ocrx_word' id='word_1_153' title='bbox 1905 3258 1968 3320; x_wconf 89' lang='lat' dir='ltr'>etc.</span> 
     </span>
    </p>

    <p class='ocr_par' dir='ltr' id='par_1_13' title="bbox 707 3359 1806 3455">
     <span class='ocr_line' id='line_1_22' title="bbox 707 3359 1806 3455; baseline -0.005 -23"><span class='ocrx_word' id='word_1_154' title='bbox 707 3361 867 3455; x_wconf 74' lang='lat' dir='ltr'>Popatm.</span> <span class='ocrx_word' id='word_1_155' title='bbox 919 3363 1039 3437; x_wconf 89' lang='lat' dir='ltr'>Amen.</span> <span class='ocrx_word' id='word_1_156' title='bbox 1805 3359 1806 3362; x_wconf 74' lang='grc'>’</span> 
     </span>
    </p>

    <p class='ocr_par' dir='ltr' id='par_1_14' title="bbox 556 3476 1969 3694">
     <span class='ocr_line' id='line_1_23' title="bbox 703 3476 1969 3571; baseline 0 -20"><span class='ocrx_word' id='word_1_157' title='bbox 703 3477 878 3560; x_wconf 76' lang='lat' dir='ltr'>Sacerdos</span> <span class='ocrx_word' id='word_1_158' title='bbox 902 3479 1092 3549; x_wconf 77' lang='lat' dir='ltr'>inclinatos.</span> <span class='ocrx_word' id='word_1_159' title='bbox 1144 3476 1261 3571; x_wconf 83' lang='lat' dir='ltr'>Reges</span> <span class='ocrx_word' id='word_1_160' title='bbox 1295 3477 1409 3550; x_wconf 90' lang='lat' dir='ltr'>bdeles</span> <span class='ocrx_word' id='word_1_161' title='bbox 1436 3486 1470 3548; x_wconf 92' lang='lat' dir='ltr'>et</span> <span class='ocrx_word' id='word_1_162' title='bbox 1494 3477 1645 3570; x_wconf 85' lang='lat' dir='ltr'>Reginos</span> <span class='ocrx_word' id='word_1_163' title='bbox 1672 3479 1779 3550; x_wconf 89' lang='lat' dir='ltr'>Deum</span> <span class='ocrx_word' id='word_1_164' title='bbox 1806 3480 1969 3569; x_wconf 89' lang='lat' dir='ltr'>timentes,</span> 
     </span>
     <span class='ocr_line' id='line_1_24' title="bbox 556 3589 1708 3694; baseline -0.002 -29"><span class='ocrx_word' id='word_1_165' title='bbox 556 3676 565 3694; x_wconf 45' lang='lat'><strong>·</strong></span> <span class='ocrx_word' id='word_1_166' title='bbox 600 3589 790 3667; x_wconf 80' lang='lat' dir='ltr'>torotudine</span> <span class='ocrx_word' id='word_1_167' title='bbox 815 3592 940 3664; x_wconf 91' lang='lat' dir='ltr'>brucbii</span> <span class='ocrx_word' id='word_1_168' title='bbox 967 3596 1012 3664; x_wconf 90' lang='lat' dir='ltr'>tui</span> <span class='ocrx_word' id='word_1_169' title='bbox 1037 3596 1181 3689; x_wconf 89' lang='lat' dir='ltr'>potentis</span> <span class='ocrx_word' id='word_1_170' title='bbox 1208 3594 1345 3681; x_wconf 88' lang='lat' dir='ltr'>robore,</span> <span class='ocrx_word' id='word_1_171' title='bbox 1372 3605 1405 3665; x_wconf 92' lang='lat' dir='ltr'>et</span> <span class='ocrx_word' id='word_1_172' title='bbox 1430 3596 1578 3665; x_wconf 89' lang='lat' dir='ltr'>victores</span> <span class='ocrx_word' id='word_1_173' title='bbox 1606 3594 1708 3667; x_wconf 87' lang='lat' dir='ltr'>effice.</span> 
     </span>
    </p>

    <p class='ocr_par' dir='ltr' id='par_1_15' title="bbox 603 3703 1970 4148">
     <span class='ocr_line' id='line_1_25' title="bbox 705 3703 1968 3797; baseline 0.003 -18"><span class='ocrx_word' id='word_1_174' title='bbox 705 3709 855 3781; x_wconf 68' lang='lat' dir='ltr'>mecam</span> <span class='ocrx_word' id='word_1_175' title='bbox 888 3730 1013 3780; x_wconf 82' lang='lat' dir='ltr'>vocem.</span> <span class='ocrx_word' id='word_1_176' title='bbox 1074 3707 1118 3780; x_wconf 91' lang='lat' dir='ltr'>Ut</span> <span class='ocrx_word' id='word_1_177' title='bbox 1149 3730 1280 3781; x_wconf 90' lang='lat' dir='ltr'>manum</span> <span class='ocrx_word' id='word_1_178' title='bbox 1316 3709 1556 3782; x_wconf 86' lang='lat' dir='ltr'>auxiliatricem</span> <span class='ocrx_word' id='word_1_179' title='bbox 1589 3703 1630 3781; x_wconf 84' lang='lat' dir='ltr'>ad</span> <span class='ocrx_word' id='word_1_180' title='bbox 1660 3710 1735 3782; x_wconf 88' lang='lat' dir='ltr'>illos</span> <span class='ocrx_word' id='word_1_181' title='bbox 1771 3709 1968 3797; x_wconf 85' lang='lat' dir='ltr'>extendens,</span> 
     </span>
     <span class='ocr_line' id='line_1_26' title="bbox 603 3816 1968 3921; baseline 0.002 -25"><span class='ocrx_word' id='word_1_182' title='bbox 603 3823 865 3919; x_wconf 83' lang='lat' dir='ltr'>adjutoriumque</span> <span class='ocrx_word' id='word_1_183' title='bbox 892 3824 1054 3896; x_wconf 83' lang='lat' dir='ltr'>dexterae</span> <span class='ocrx_word' id='word_1_184' title='bbox 1074 3816 1150 3896; x_wconf 84' lang='lat' dir='ltr'>tuae</span> <span class='ocrx_word' id='word_1_185' title='bbox 1176 3825 1240 3896; x_wconf 90' lang='lat' dir='ltr'>illis</span> <span class='ocrx_word' id='word_1_186' title='bbox 1257 3826 1464 3915; x_wconf 91' lang='lat' dir='ltr'>submittens,</span> <span class='ocrx_word' id='word_1_187' title='bbox 1491 3828 1651 3914; x_wconf 88' lang='lat' dir='ltr'>victores,</span> <span class='ocrx_word' id='word_1_188' title='bbox 1666 3837 1698 3898; x_wconf 92' lang='lat' dir='ltr'>et</span> <span class='ocrx_word' id='word_1_189' title='bbox 1715 3825 1968 3921; x_wconf 88' lang='lat' dir='ltr'>triumphatores</span> 
     </span>
     <span class='ocr_line' id='line_1_27' title="bbox 603 3941 1970 4037; baseline 0.001 -25"><span class='ocrx_word' id='word_1_190' title='bbox 603 3951 786 4037; x_wconf 88' lang='lat' dir='ltr'>appareant</span> <span class='ocrx_word' id='word_1_191' title='bbox 812 3941 975 4013; x_wconf 87' lang='lat' dir='ltr'>adversus</span> <span class='ocrx_word' id='word_1_192' title='bbox 1008 3944 1158 4014; x_wconf 89' lang='lat' dir='ltr'>inimicos</span> <span class='ocrx_word' id='word_1_193' title='bbox 1192 3944 1300 4013; x_wconf 90' lang='lat' dir='ltr'>crucis</span> <span class='ocrx_word' id='word_1_194' title='bbox 1335 3944 1495 4034; x_wconf 90' lang='lat' dir='ltr'>unigeniti</span> <span class='ocrx_word' id='word_1_195' title='bbox 1522 3941 1597 4013; x_wconf 89' lang='lat' dir='ltr'>Filii</span> <span class='ocrx_word' id='word_1_196' title='bbox 1628 3945 1693 4031; x_wconf 90' lang='lat' dir='ltr'>tni;</span> <span class='ocrx_word' id='word_1_197' title='bbox 1729 3965 1802 4013; x_wconf 89' lang='lat' dir='ltr'>cum</span> <span class='ocrx_word' id='word_1_198' title='bbox 1838 3964 1902 4036; x_wconf 91' lang='lat' dir='ltr'>quo</span> <span class='ocrx_word' id='word_1_199' title='bbox 1937 3952 1970 4013; x_wconf 90' lang='lat' dir='ltr'>te</span> 
     </span>
     <span class='ocr_line' id='line_1_28' title="bbox 604 4055 1039 4148; baseline -0.005 -20"><span class='ocrx_word' id='word_1_200' title='bbox 604 4056 700 4129; x_wconf 91' lang='lat' dir='ltr'>decet</span> <span class='ocrx_word' id='word_1_201' title='bbox 726 4055 834 4148; x_wconf 91' lang='lat' dir='ltr'>gloria</span> <span class='ocrx_word' id='word_1_202' title='bbox 861 4067 894 4128; x_wconf 90' lang='lat' dir='ltr'>et</span> <span class='ocrx_word' id='word_1_203' title='bbox 922 4055 1039 4128; x_wconf 89' lang='lat' dir='ltr'>bonor.</span> 
     </span>
    </p>

    <p class='ocr_par' dir='ltr' id='par_1_16' title="bbox 707 4172 1285 4265">
     <span class='ocr_line' id='line_1_29' title="bbox 707 4172 1285 4265; baseline -0.002 -22"><span class='ocrx_word' id='word_1_204' title='bbox 707 4172 867 4265; x_wconf 79' lang='lat' dir='ltr'>Populea.</span> <span class='ocrx_word' id='word_1_205' title='bbox 920 4175 1039 4245; x_wconf 88' lang='lat' dir='ltr'>Amen.</span> <span class='ocrx_word' id='word_1_206' title='bbox 1281 4255 1285 4262; x_wconf 25' lang='lat'><strong><em>¹</em></strong></span> 
     </span>
    </p>

    <p class='ocr_par' dir='ltr' id='par_1_17' title="bbox 645 4273 1968 4377">
     <span class='ocr_line' id='line_1_30' title="bbox 645 4273 1968 4377; baseline -0.001 -17"><span class='ocrx_word' id='word_1_207' title='bbox 645 4273 646 4276; x_wconf 25' lang='lat'>¹</span> <span class='ocrx_word' id='word_1_208' title='bbox 708 4287 884 4360; x_wconf 77' lang='lat' dir='ltr'>Sacerdos</span> <span class='ocrx_word' id='word_1_209' title='bbox 908 4288 1098 4359; x_wconf 76' lang='lat' dir='ltr'>inclinatae.</span> <span class='ocrx_word' id='word_1_210' title='bbox 1149 4288 1330 4375; x_wconf 86' lang='lat' dir='ltr'>Memento,</span> <span class='ocrx_word' id='word_1_211' title='bbox 1357 4289 1511 4377; x_wconf 90' lang='lat' dir='ltr'>Domine,</span> <span class='ocrx_word' id='word_1_212' title='bbox 1537 4288 1733 4361; x_wconf 85' lang='lat' dir='ltr'>benedictae</span> <span class='ocrx_word' id='word_1_213' title='bbox 1759 4290 1792 4361; x_wconf 94' lang='lat' dir='ltr'>in</span> <span class='ocrx_word' id='word_1_214' title='bbox 1817 4290 1968 4361; x_wconf 90' lang='lat' dir='ltr'>mulieri-</span> 
     </span>
    </p>

    <p class='ocr_par' dir='ltr' id='par_1_18' title="bbox 603 4402 1970 4939">
     <span class='ocr_line' id='line_1_31' title="bbox 607 4402 1970 4501; baseline 0.001 -25"><span class='ocrx_word' id='word_1_215' title='bbox 607 4402 688 4491; x_wconf 85' lang='lat' dir='ltr'>bus,</span> <span class='ocrx_word' id='word_1_216' title='bbox 720 4426 766 4475; x_wconf 83' lang='lat' dir='ltr'>ex</span> <span class='ocrx_word' id='word_1_217' title='bbox 797 4426 861 4499; x_wconf 90' lang='lat' dir='ltr'>qua</span> <span class='ocrx_word' id='word_1_218' title='bbox 887 4402 972 4475; x_wconf 90' lang='lat' dir='ltr'>filius</span> <span class='ocrx_word' id='word_1_219' title='bbox 999 4405 1185 4496; x_wconf 84' lang='lat' dir='ltr'>unigenitus</span> <span class='ocrx_word' id='word_1_220' title='bbox 1212 4414 1285 4476; x_wconf 88' lang='lat' dir='ltr'>tuus</span> <span class='ocrx_word' id='word_1_221' title='bbox 1313 4427 1446 4476; x_wconf 90' lang='lat' dir='ltr'>carnem</span> <span class='ocrx_word' id='word_1_222' title='bbox 1473 4404 1590 4477; x_wconf 90' lang='lat' dir='ltr'>induit:</span> <span class='ocrx_word' id='word_1_223' title='bbox 1610 4405 1787 4499; x_wconf 83' lang='lat' dir='ltr'>simulque</span> <span class='ocrx_word' id='word_1_224' title='bbox 1813 4404 1970 4501; x_wconf 86' lang='lat' dir='ltr'>Prophe-</span> 
     </span>
     <span class='ocr_line' id='line_1_32' title="bbox 603 4519 1968 4631; baseline 0.003 -41"><span class='ocrx_word' id='word_1_225' title='bbox 603 4527 729 4606; x_wconf 90' lang='lat' dir='ltr'>tarum,</span> <span class='ocrx_word' id='word_1_226' title='bbox 756 4522 811 4614; x_wconf 89' lang='lat' dir='ltr'>qui</span> <span class='ocrx_word' id='word_1_227' title='bbox 838 4519 1000 4631; x_wconf 18' lang='lat' dir='ltr'>quodvex</span> <span class='ocrx_word' id='word_1_228' title='bbox 1026 4541 1068 4592; x_wconf 90' lang='lat' dir='ltr'>ea</span> <span class='ocrx_word' id='word_1_229' title='bbox 1095 4541 1217 4615; x_wconf 89' lang='lat' dir='ltr'>corpus</span> <span class='ocrx_word' id='word_1_230' title='bbox 1244 4524 1440 4616; x_wconf 84' lang='lat' dir='ltr'>accepturus</span> <span class='ocrx_word' id='word_1_231' title='bbox 1468 4531 1559 4609; x_wconf 81' lang='lat' dir='ltr'>esset</span> <span class='ocrx_word' id='word_1_232' title='bbox 1584 4520 1836 4615; x_wconf 84' lang='lat' dir='ltr'>praedixerunt:</span> <span class='ocrx_word' id='word_1_233' title='bbox 1863 4522 1968 4617; x_wconf 86' lang='lat' dir='ltr'>Apo-</span> 
     </span>
     <span class='ocr_line' id='line_1_33' title="bbox 604 4632 1968 4734; baseline 0.002 -28"><span class='ocrx_word' id='word_1_234' title='bbox 604 4634 776 4723; x_wconf 85' lang='lat' dir='ltr'>stolorum,</span> <span class='ocrx_word' id='word_1_235' title='bbox 804 4639 858 4730; x_wconf 91' lang='lat' dir='ltr'>qni</span> <span class='ocrx_word' id='word_1_236' title='bbox 884 4632 972 4706; x_wconf 93' lang='lat' dir='ltr'>illum</span> <span class='ocrx_word' id='word_1_237' title='bbox 999 4658 1078 4709; x_wconf 90' lang='lat' dir='ltr'>esse</span> <span class='ocrx_word' id='word_1_238' title='bbox 1104 4634 1211 4706; x_wconf 89' lang='lat' dir='ltr'>Deum</span> <span class='ocrx_word' id='word_1_239' title='bbox 1237 4659 1354 4708; x_wconf 88' lang='lat' dir='ltr'>vemm</span> <span class='ocrx_word' id='word_1_240' title='bbox 1372 4636 1666 4731; x_wconf 88' lang='lat' dir='ltr'>praedicaverunt:</span> <span class='ocrx_word' id='word_1_241' title='bbox 1692 4638 1890 4734; x_wconf 80' lang='lat' dir='ltr'>Martyrum,</span> <span class='ocrx_word' id='word_1_242' title='bbox 1912 4640 1968 4733; x_wconf 89' lang='lat' dir='ltr'>qui</span> 
     </span>
     <span class='ocr_line' id='line_1_34' title="bbox 605 4741 1969 4848; baseline 0.001 -26"><span class='ocrx_word' id='word_1_243' title='bbox 605 4741 690 4822; x_wconf 88' lang='lat' dir='ltr'>colla</span> <span class='ocrx_word' id='word_1_244' title='bbox 718 4773 778 4822; x_wconf 91' lang='lat' dir='ltr'>sna</span> <span class='ocrx_word' id='word_1_245' title='bbox 804 4761 942 4847; x_wconf 89' lang='lat' dir='ltr'>propter</span> <span class='ocrx_word' id='word_1_246' title='bbox 969 4774 1044 4822; x_wconf 92' lang='lat' dir='ltr'>eum</span> <span class='ocrx_word' id='word_1_247' title='bbox 1070 4751 1293 4841; x_wconf 90' lang='lat' dir='ltr'>tradiderunt,</span> <span class='ocrx_word' id='word_1_248' title='bbox 1322 4764 1355 4824; x_wconf 92' lang='lat' dir='ltr'>et</span> <span class='ocrx_word' id='word_1_249' title='bbox 1383 4756 1527 4825; x_wconf 91' lang='lat' dir='ltr'>omnium</span> <span class='ocrx_word' id='word_1_250' title='bbox 1549 4755 1731 4844; x_wconf 89' lang='lat' dir='ltr'>justorum,</span> <span class='ocrx_word' id='word_1_251' title='bbox 1758 4757 1812 4848; x_wconf 88' lang='lat' dir='ltr'>qui</span> <span class='ocrx_word' id='word_1_252' title='bbox 1838 4752 1969 4825; x_wconf 76' lang='lat' dir='ltr'>fuerumt</span> 
     </span>
     <span class='ocr_line' id='line_1_35' title="bbox 605 4865 800 4939; baseline -0.01 0"><span class='ocrx_word' id='word_1_253' title='bbox 605 4890 625 4939; x_wconf 93' lang='lat' dir='ltr'>a</span> <span class='ocrx_word' id='word_1_254' title='bbox 653 4865 800 4939; x_wconf 87' lang='lat' dir='ltr'>sacculo.</span> 
     </span>
    </p>

    <p class='ocr_par' dir='ltr' id='par_1_19' title="bbox 601 4979 1967 5423">
     <span class='ocr_line' id='line_1_36' title="bbox 707 4979 1965 5076; baseline 0.004 -24"><span class='ocrx_word' id='word_1_255' title='bbox 707 4982 857 5053; x_wconf 69' lang='lat' dir='ltr'>blesano</span> <span class='ocrx_word' id='word_1_256' title='bbox 891 5005 1016 5055; x_wconf 80' lang='lat' dir='ltr'>vocem.</span> <span class='ocrx_word' id='word_1_257' title='bbox 1077 4985 1217 5056; x_wconf 89' lang='lat' dir='ltr'>Praesta</span> <span class='ocrx_word' id='word_1_258' title='bbox 1252 5005 1384 5076; x_wconf 90' lang='lat' dir='ltr'>quoque</span> <span class='ocrx_word' id='word_1_259' title='bbox 1417 4982 1515 5057; x_wconf 91' lang='lat' dir='ltr'>nobis</span> <span class='ocrx_word' id='word_1_260' title='bbox 1547 4982 1706 5071; x_wconf 87' lang='lat' dir='ltr'>Domine,</span> <span class='ocrx_word' id='word_1_261' title='bbox 1742 4991 1777 5056; x_wconf 91' lang='lat' dir='ltr'>ut</span> <span class='ocrx_word' id='word_1_262' title='bbox 1812 4979 1872 5056; x_wconf 84' lang='lat' dir='ltr'>sub</span> <span class='ocrx_word' id='word_1_263' title='bbox 1905 4985 1965 5059; x_wconf 89' lang='lat' dir='ltr'>alis</span> 
     </span>
     <span class='ocr_line' id='line_1_37' title="bbox 605 5096 1967 5195; baseline 0.003 -27"><span class='ocrx_word' id='word_1_264' title='bbox 605 5096 800 5195; x_wconf 85' lang='lat' dir='ltr'>dilectorum</span> <span class='ocrx_word' id='word_1_265' title='bbox 825 5108 955 5172; x_wconf 79' lang='lat' dir='ltr'>tuorum</span> <span class='ocrx_word' id='word_1_266' title='bbox 981 5108 1210 5194; x_wconf 88' lang='lat' dir='ltr'>protegamur:</span> <span class='ocrx_word' id='word_1_267' title='bbox 1237 5096 1505 5195; x_wconf 83' lang='lat' dir='ltr'>exercitibusque</span> <span class='ocrx_word' id='word_1_268' title='bbox 1532 5120 1646 5172; x_wconf 88' lang='lat' dir='ltr'>eorum</span> <span class='ocrx_word' id='word_1_269' title='bbox 1674 5098 1902 5192; x_wconf 86' lang='lat' dir='ltr'>adjungamur,</span> <span class='ocrx_word' id='word_1_270' title='bbox 1932 5109 1967 5172; x_wconf 92' lang='lat' dir='ltr'>et</span> 
     </span>
     <span class='ocr_line' id='line_1_38' title="bbox 603 5214 1965 5306; baseline 0.001 -21"><span class='ocrx_word' id='word_1_271' title='bbox 603 5216 690 5286; x_wconf 89' lang='lat' dir='ltr'>inter</span> <span class='ocrx_word' id='word_1_272' title='bbox 716 5223 832 5285; x_wconf 91' lang='lat' dir='ltr'>coetus</span> <span class='ocrx_word' id='word_1_273' title='bbox 859 5237 974 5287; x_wconf 89' lang='lat' dir='ltr'>eorum</span> <span class='ocrx_word' id='word_1_274' title='bbox 1001 5218 1253 5288; x_wconf 79' lang='lat' dir='ltr'>consumamur:</span> <span class='ocrx_word' id='word_1_275' title='bbox 1280 5224 1316 5285; x_wconf 91' lang='lat' dir='ltr'>ut</span> <span class='ocrx_word' id='word_1_276' title='bbox 1342 5237 1416 5287; x_wconf 92' lang='lat' dir='ltr'>cum</span> <span class='ocrx_word' id='word_1_277' title='bbox 1441 5214 1523 5306; x_wconf 90' lang='lat' dir='ltr'>illis,</span> <span class='ocrx_word' id='word_1_278' title='bbox 1558 5223 1593 5289; x_wconf 91' lang='lat' dir='ltr'>et</span> <span class='ocrx_word' id='word_1_279' title='bbox 1617 5217 1704 5288; x_wconf 89' lang='lat' dir='ltr'>inter</span> <span class='ocrx_word' id='word_1_280' title='bbox 1729 5215 1804 5291; x_wconf 90' lang='lat' dir='ltr'>illos</span> <span class='ocrx_word' id='word_1_281' title='bbox 1829 5214 1965 5289; x_wconf 82' lang='lat' dir='ltr'>refera-</span> 
     </span>
     <span class='ocr_line' id='line_1_39' title="bbox 601 5328 1155 5423; baseline 0.002 -22"><span class='ocrx_word' id='word_1_282' title='bbox 601 5351 677 5402; x_wconf 89' lang='lat' dir='ltr'>mus</span> <span class='ocrx_word' id='word_1_283' title='bbox 703 5328 763 5402; x_wconf 90' lang='lat' dir='ltr'>tibi</span> <span class='ocrx_word' id='word_1_284' title='bbox 789 5329 929 5423; x_wconf 90' lang='lat' dir='ltr'>gloriam</span> <span class='ocrx_word' id='word_1_285' title='bbox 950 5340 992 5406; x_wconf 86' lang='lat' dir='ltr'>&#39;et</span> <span class='ocrx_word' id='word_1_286' title='bbox 1014 5329 1155 5404; x_wconf 90' lang='lat' dir='ltr'>laudem.</span> 
     </span>
    </p>
   </div>
   <div class='ocr_carea' id='block_1_5' title="bbox 1676 5451 1763 5525">
    <p class='ocr_par' dir='ltr' id='par_1_20' title="bbox 1676 5451 1763 5525">
     <span class='ocr_line' id='line_1_40' title="bbox 1676 5451 1763 5525; baseline 0.011 -1"><span class='ocrx_word' id='word_1_287' title='bbox 1676 5451 1763 5525; x_wconf 78' lang='lat'>47*</span> 
     </span>
    </p>
   </div>
   <div class='ocr_carea' id='block_1_6' title="bbox 0 0 2587 6532">
    <p class='ocr_par' dir='ltr' id='par_1_21' title="bbox 0 0 2587 6532">
     <span class='ocr_line' id='line_1_41' title="bbox 0 0 2587 6532; baseline 0 0"><span class='ocrx_word' id='word_1_288' title='bbox 0 0 2587 6532; x_wconf 95' lang='lat' dir='ltr'> </span> 
     </span>
    </p>
   </div>
  </div>
 </body>
</html>
