5150 6534
612 802 690 882 aaa
848 740 851 743 ’
1183 806 1415 884 noran

610 985 764 1050 Jacobitas
784 988 953 1068 pertinebat
974 1008 1062 1071 quam
1082 989 1192 1071 reliqui
1212 991 1318 1054 Patres
1339 999 1480 1055 veteres:
1501 991 1560 1055 uisi
1581 991 1663 1074 qaod
1685 1010 1753 1067 cura
1765 990 1976 1057 boboam

611 1086 766 1150 Ecclesiae
782 1087 953 1169 Episcopus
967 1087 1069 1167 luerit,
1091 1088 1190 1152 locum
1211 1088 1254 1152 illi
1277 1090 1356 1152 inter
1378 1088 1605 1175 eosdederunt,
1626 1092 1976 1173 aqorboasurctemere

610 1184 762 1246 deducant
782 1187 926 1269 origines.
970 1187 1008 1249 Ut
1028 1189 1120 1271 igitur
1140 1187 1237 1266 Petri,
1260 1188 1312 1269 qui
1333 1187 1412 1250 illam
1433 1187 1602 1251 Ecclesiam
1623 1178 1758 1252 laudarit
1778 1190 1902 1253 monim
1923 1189 1977 1252 li-

610 1286 727 1366 turgias
756 1284 845 1348 duas:
874 1305 963 1348 unam
992 1286 1099 1368 ignatii
1127 1288 1248 1349 nomine
1276 1270 1478 1369 scripserunt,
1506 1288 1545 1350 ita
1575 1285 1663 1351 lacile
1690 1287 1745 1351 luit
1767 1298 1800 1351 ut
1819 1288 1977 1352 Eustathio

348 1468 433 1587 el*
466 1385 1061 1547 ffllffittllnffllttl
1081 1384 1279 1565 ,lilii
1295 1386 1978 1562 tiltdddtttllltttlssltt

289 1555 375 1692 [τᾳ
389 1641 417 1692 p
426 1620 489 1673 3¹9·
499 1640 526 1689 P·
540 1621 600 1670 162.
612 1581 700 1643 Notis
723 1580 761 1642 ad
783 1582 887 1645 llebed
915 1583 1007 1646 lesu:
1036 1591 1067 1646 et
1088 1583 1216 1646 Faustus
1238 1582 1388 1645 Naironus
1416 1583 1448 1644 in
1476 1584 1604 1665 Eroplia
1632 1601 1698 1648 sua.
1742 1583 1830 1647 Edita
1858 1603 1977 1667 quoque

614 1687 662 1742 est
688 1681 719 1741 in
748 1681 862 1744 llissali
891 1681 1085 1745 llaronitico:
1116 1682 1170 1745 sed
1199 1699 1267 1743 cum
1296 1681 1595 1763 interpolationibus,
1623 1686 1758 1765 quaein
1785 1683 1853 1745 aliis
1879 1681 1977 1746 aare

614 1788 693 1842 sunt
739 1780 891 1844 Sinceram
910 1781 1073 1845 lectionem
1093 1780 1278 1844 restituimus
1301 1799 1341 1842 ex
1362 1779 1476 1844 Codice
1491 1780 1663 1845 Colbertino
1686 1784 1783 1846 bonae
1804 1790 1907 1859 uotae,
1928 1783 1978 1865 qui

615 1897 681 1941 eam
702 1880 967 1960 repraesentabat:
991 1899 1058 1943 nam
1080 1883 1110 1944 in
1132 1878 1231 1942 multis
1253 1879 1453 1942 desideratur.
1487 1880 1562 1944 Cum
1583 1900 1659 1944 vero
1681 1881 1810 1944 omnium
1825 1881 1978 1965 Liturgia-

614 1997 681 2040 rum
701 1997 761 2041 ona
782 1982 931 2041 motentia
953 1981 1002 2060 sit,
1024 1980 1105 2044 idem
1118 1978 1295 2060 disciplinae
1309 1978 1405 2052 color,
1427 1980 1563 2043 doctrina
1578 1980 1617 2043 de
1632 1982 1827 2045 Sacramento
1849 1997 1976 2063 prorsus

614 2077 737 2140 adem:
759 2078 920 2141 dumimeu
941 2096 1018 2143 vero
1040 2079 1167 2155 nullum,
1190 2086 1402 2160 praeterquam
1424 2081 1455 2141 in
1476 2079 1639 2143 verborum
1660 2080 1811 2159 ιὼεηιῑο,
1833 2088 1885 2143 aut
1905 2079 1978 2142 stri-

614 2178 706 2265 ctiori
723 2177 912 2259 simplicitate
933 2180 1031 2261 possit
1052 2178 1258 2256 animadverti,
1282 2196 1360 2258 quae
1382 2177 1421 2241 ad
1443 2178 1518 2240 alias
1540 2179 1703 2243 observata
1724 2188 1810 2259 suut,
1834 2180 1873 2244 ud
1894 2180 1976 2241 istius

615 2294 735 2356 quoque
757 2278 988 2359 explicationem
1009 2284 1136 2359 possunt
1157 2277 1306 2355 subicere,
1328 2280 1356 2340 si
1376 2296 1474 2360 pauca
1495 2279 1671 2360 excipimus.

993 2540 1027 2611 2.
1067 2539 1144 2610 Hoc
1170 2545 1222 2609 eet
1247 2561 1372 2632 corpus
1396 2562 1514 2629 meum,
1542 2547 1606 2610 etc.

727 2730 763 2808 lu
785 2742 875 2805 habet
896 2742 1050 2825 singulare
1072 2742 1122 2805 illa
1143 2744 1307 2806 verborum
1318 2740 1429 2804 Christi
1450 2741 1590 2819 formula,
1612 2742 1693 2823 quod
1716 2749 1823 2805 contra
1845 2741 1976 2822 reliqua-

614 2863 680 2907 rum
702 2847 831 2908 omnium
852 2844 976 2922 Graeci,
1007 2844 1139 2927 Coptici,
1169 2855 1200 2909 et
1222 2846 1337 2927 Syriaci
1358 2847 1434 2907 ritus
1456 2845 1658 2929 liturgiarum
1679 2845 1861 2928 exemplum,
1883 2845 1976 2927 parti-
2018 2861 2021 2869 ’

615 2944 683 3007 cula
717 2944 784 3023 illa,
815 2946 896 3026 quod
920 2966 979 3026 pro
1010 2947 1098 3009 cobis
1123 2946 1277 3026 sraapiur
1304 2953 1333 3006 et
1364 2946 1457 3007 dabir
1481 2947 1514 3007 in
1540 2947 1748 3007 rendsmonem
1773 2952 1975 3025 peccator-rut,

615 3044 770 3106 omittitur:
803 3063 881 3127 quae
910 3052 1008 3107 tamen
1035 3064 1075 3107 ex
1102 3045 1276 3127 rigidiorum
1306 3043 1529 3125 theologorum
1558 3044 1701 3125 opinione
1723 3042 1899 3107 necessaria
1919 3060 1977 3106 nou

615 3150 678 3206 est:
706 3144 786 3207 unde
816 3146 1062 3225 praetermittitur
1090 3144 1201 3225 ubique
1230 3146 1260 3206 in
1282 3143 1397 3206 blissali
1419 3141 1533 3206 Romae
1561 3142 1651 3205 edito.
1696 3144 1859 3224 Sequentia
1882 3148 1977 3205 autem

614 3242 718 3322 verba,
740 3246 936 3324 accipientes
956 3246 1032 3307 illaad
1048 3245 1153 3325 fideles
1172 3250 1343 3324 praeparat
1362 3244 1405 3304 ad
1426 3245 1519 3304 odom
1540 3251 1706 3318 oeternum,
1727 3242 1899 3323 significum
1923 3241 1978 3303 Sa-

614 3349 798 3405 cramentum
812 3342 904 3427 digne
914 3350 1089 3426 susceptum
1107 3345 1234 3426 gratiam
1255 3340 1397 3405 conlerre
1419 3341 1557 3405 fidelibus
1580 3341 1619 3405 ad
1631 3342 1881 3424 consequenda·
1891 3341 1977 3403 vitan

615 3447 775 3505 aeternam

893 3619 928 3690 3.
971 3618 1017 3726 Ut
1037 3641 1105 3712 per
1131 3619 1285 3712 illapsum
1310 3640 1403 3687 mcum
1429 3617 1602 3704 exhibeat,
1630 3623 1693 3687 ete.

713 3809 766 3889 Εο
790 3823 820 3883 in
842 3821 911 3885 loco
934 3822 1010 3886 duae
1033 3840 1126 3886 voces
1149 3828 1328 3897 occurrunt,
1360 3839 1483 3901 quarum
1512 3820 1569 3883 boc
1596 3822 1626 3882 in
1653 3822 1791 3882 oratione
1820 3837 1893 3881 usus
1916 3817 1976 3880 ire·

616 3926 825 4005 quentissimus
841 3934 903 3989 est:
925 3928 1051 4006 illapsus
1063 3937 1226 3993 ttttttttttn.
1247 3918 1466 4009 ἐπιφοίτησις,
1479 3917 1677 3999 intoxicare,
1692 3942 1710 3984 a
1727 3922 1822 3985 verbo
1834 3935 1884 4019 ptr
1900 3922 1976 4003 quod

615 4024 727 4107 legitur
753 4026 783 4086 in
812 4027 954 4088 versione
981 4027 1104 4106 Syriaca
1134 4025 1234 4087 Lucae
1259 4023 1287 4090 l.
1311 4022 1362 4088 35.
1413 4024 1512 4085 Virtus
1539 4023 1680 4084 albssimi
1706 4022 1898 4084 obumbrabit
1917 4021 1976 4095 tibi,

617 4111 815 4187 ἐπισκιάσειε
838 4132 871 4187 ut
893 4125 1078 4208 significetur
1100 4125 1222 4205 illapsus
1246 4124 1373 4206 Spiritus
1396 4125 1493 4185 sancti
1520 4123 1550 4183 in
1578 4121 1612 4182 B.
1642 4122 1814 4203 Virginem,
1845 4121 1884 4183 ad
1913 4120 1976 4182 lor·

616 4225 753 4287 mnndum
776 4244 816 4286 ex
838 4244 874 4285 ea
903 4243 1031 4305 corpus,
1060 4242 1131 4286 mox
1159 4223 1367 4285 assumendum
1390 4241 1406 4283 a
1430 4220 1532 4283 Verbo
1555 4222 1620 4284 Dei.
1665 4221 1704 4283 Ut
1725 4222 1806 4282 enim
1828 4220 1900 4282 alibi
1922 4239 1976 4281 ex-

616 4323 756 4403 plicatum
779 4331 836 4400 est,
859 4343 895 4386 ea
918 4326 1142 4405 comparatione
1164 4322 1333 4386 Orientales
1356 4323 1398 4384 uti
1420 4321 1604 4402 potissimum
1627 4320 1737 4395 solent,
1761 4318 1798 4380 ad
1822 4319 1977 4400 explican-

617 4421 683 4483 dam
706 4423 934 4503 propositorum
962 4423 1177 4486 elementorum
1205 4424 1236 4484 in
1266 4441 1376 4504 corpus
1407 4428 1437 4482 et
1467 4420 1643 4502 sanguinem
1679 4418 1790 4480 Christi
1818 4417 1977 4480 mirabilem

616 4524 901 4588 transmutationem.
945 4522 1052 4585 Altera
1080 4541 1142 4585 vox
1170 4530 1217 4585 est
1243 4533 1320 4589 tetri)
1347 4539 1403 4584 seu
1425 4520 1541 4581 Graeca
1564 4506 1718 4601 ἀναδείξῃ
1747 4534 1825 4597 quae
1848 4517 1977 4578 occurrit

616 4622 646 4682 in
660 4621 1055 4703 SyriacaJacobiLiturgia‚
1079 4630 1109 4684 et
1131 4622 1169 4683 de
1192 4638 1250 4702 qua
1273 4621 1386 4702 pariter
1408 4619 1518 4681 dictum
1541 4625 1599 4694 est,
1622 4618 1772 4696 certisque
1796 4616 1977 4698 argumentis

618 4721 861 4800 demonstratum,
883 4721 1105 4803 intelligendam
1128 4721 1206 4783 illam
1229 4738 1308 4796 esse,
1330 4737 1391 4782 non
1414 4727 1471 4780 tam
1495 4737 1534 4780 ex
1557 4719 1680 4798 Syriaca
1705 4734 1844 4797 quamex
1865 4717 1977 4777 Graeca

618 4822 745 4903 origine,
767 4822 807 4883 ita
829 4830 861 4882 ut
883 4839 943 4884 non
965 4820 1139 4901 simpliciter
1161 4822 1369 4881 denonstrore
1391 4826 1421 4880 et
1443 4819 1611 4896 desipuere,
1633 4814 1688 4877 sed
1709 4812 1830 4894 efficere
1851 4822 1882 4876 et
1905 4831 1978 4875 con-

617 4940 740 4982 secrare
762 4919 917 5004 significet.
964 4920 995 4983 Si
1017 4922 1083 5000 quis
1106 4921 1293 5000 pervicacius
1316 4918 1445 4995 insistat,
1469 4917 1612 4996 tricisque
1634 4915 1835 4996 grammaticis
1861 4909 1977 4992 simpli-

619 5037 683 5080 cem
707 5028 737 5081 et
760 5028 803 5082 tot
818 5020 1038 5102 aliisLiturgiis
1052 5036 1227 5099 expressam
1250 5018 1427 5079 sententiam
1451 5016 1614 5078 obscurare
1637 5015 1757 5091 nitatur,
1779 5032 1819 5075 ex
1841 5010 1977 5091 sequenti

620 5118 761 5195 formula,
790 5139 867 5201 quae
897 5119 934 5181 ad
964 5120 1089 5181 calicem
1118 5117 1250 5180 refertur
1279 5116 1377 5178 refelli
1404 5122 1521 5197 potest,
1549 5116 1579 5175 in
1607 5133 1665 5195 qua
1693 5131 1755 5176 vox
1777 5123 1857 5186 inti]
1881 5109 1979 5187 faciut

619 5227 790 5303 usurpatur,
813 5219 1120 5302 significationemque
1142 5217 1265 5280 alterius
1288 5217 1373 5281 vocis
1395 5215 1583 5278 determinat.
1610 5213 1689 5278 ldem
1712 5214 1791 5274 enim
1805 5229 1863 5293 pro
1881 5210 1976 5284 misto,

621 5318 702 5396 quod
723 5320 802 5382 calix
824 5322 971 5400 continet,
993 5318 1162 5403 postulatur
1183 5316 1374 5397 miraculum,
1405 5334 1440 5378 ac
1462 5332 1518 5395 pro
1540 5331 1619 5394 pane
1641 5314 1671 5374 in
1694 5312 1780 5374 altari
1801 5308 1976 5393 proposito:
