5150 6534
313 1690 317 1699 ·
334 1657 460 1729 Dionysii.

625 790 702 865 414
1130 796 1489 878 Ll'llllldld

624 1003 645 1086 a
673 978 831 1075 periculis
857 991 892 1053 et
916 981 1205 1078 persecutoribus,
1232 1008 1253 1057 a
1279 982 1377 1058 bellis
1404 995 1438 1058 et
1463 986 1554 1061 dnn's
1579 988 1844 1085 captivilab'bus:
1875 1017 1897 1065 a
1923 1015 1991 1089 po-

625 1094 712 1191 pulis
739 1095 868 1192 absqne
894 1097 1141 1189 misericordia,
1174 1110 1207 1172 et
1238 1103 1359 1173 timore
1392 1110 1449 1175 tuo
1481 1102 1660 1194 destitutis,
1692 1115 1729 1177 et
1760 1103 1805 1179 ab
1839 1108 1991 1187 omnmo

625 1211 701 1301 illis,
728 1234 815 1307 quae
840 1222 978 1309 propter
1002 1225 1142 1310 peccata
1169 1227 1284 1288 nostra
1312 1240 1332 1288 a
1357 1225 1391 1289 te
1416 1216 1516 1290 nobis
1541 1222 1771 1295 immittuntur:
1799 1224 1878 1317 quia
1893 1222 1993 1318 adju·

624 1339 679 1402 tor
705 1332 848 1402 omnium
875 1340 909 1402 tu
935 1353 991 1420 es,
1018 1342 1052 1404 et
1078 1331 1228 1405 salvator
1254 1336 1398 1406 omnium
1424 1338 1480 1429 qui
1504 1338 1664 1410 invocant
1688 1347 1740 1409 te:
1766 1335 1896 1433 tibique
1910 1339 1992 1431 glo-

624 1447 709 1515 riam
735 1456 768 1517 et
793 1450 974 1537 gratiarum
1000 1449 1163 1520 actionem
1189 1448 1367 1537 oderimus,
1396 1459 1430 1521 et
1454 1454 1624 1544 unigenito
1648 1453 1733 1526 Filio
1758 1462 1829 1542 tuo,
1855 1463 1894 1526 et
1908 1454 1991 1552 Spi-

585 1563 591 1589 ¹
625 1563 701 1632 ritui
727 1571 844 1635 sancto
872 1572 928 1635 tuo
954 1585 1041 1635 nuuc
1067 1575 1102 1636 et
1127 1586 1281 1660 semper,
1309 1575 1371 1637 etc.
1453 1611 1456 1621 ·

727 1676 904 1750 Sacerdos
927 1680 1118 1751 inclinatas.
1150 1680 1222 1752 lras
1247 1680 1379 1773 Regum
1398 1686 1591 1779 comprime,
1611 1684 1690 1757 Rex
1707 1683 1855 1777 Regum,
1873 1661 1990 1759 ineur-

624 1794 738 1864 siones
757 1793 973 1889 praedonum,
986 1790 1075 1867 bella
1090 1806 1123 1868 et
1133 1796 1314 1869 seditiones
1329 1819 1518 1894 compesce.
1533 1799 1730 1895 superbiam
1745 1799 1989 1895 baereticorum

623 1907 781 2003 deprime.
807 1910 952 1983 Decreta
970 1914 1143 2005 aequitatis
1160 1912 1324 1986 adversus
1340 1936 1404 1987 nos
1417 1914 1559 2009 pmlata,
1571 1915 1760 2009 benignitas
1770 1910 1832 1989 'trra
1843 1928 1989 2013 supoeet,

624 2035 658 2095 et
684 2037 859 2098 convertat
884 2030 918 2098 in
945 2027 1209 2122 tranquillitatem
1237 2027 1418 2101 dulcedinis
1444 2040 1531 2102 tuae.
2034 2123 2035 2126 Ἴ

659 2203 661 2207 .
726 2142 876 2230 Merene
899 2166 1024 2215 uocem.
1071 2143 1200 2229 Libera
1228 2154 1262 2216 et
1297 2145 1392 2218 salva
1424 2167 1506 2235 nos,
1539 2156 1575 2220 tu
1608 2150 1663 2243 qui
1697 2151 1843 2222 omniurn
1878 2172 1988 2223 curam

622 2264 733 2352 geris,
766 2260 808 2332 ab
836 2258 989 2332 omnibus
1018 2263 1180 2353 augustiis
1214 2273 1248 2334 et
1278 2260 1535 2336 rebellionibus:
1563 2261 1604 2334 ab
1636 2267 1726 2336 omni
1755 2270 1989 2360 perseeutione

623 2388 656 2447 et
689 2377 890 2472 pestilentia:
924 2376 967 2449 ab
1003 2379 1092 2449 omni
1127 2376 1240 2469 gladio
1276 2388 1310 2449 et
1343 2377 1448 2450 lame:
1485 2377 1526 2450 ab
1564 2382 1653 2451 omni
1686 2381 1920 2471 contentione,
1955 2392 1989 2454 et

623 2496 830 2588 captivitate:
857 2493 900 2566 ab
928 2496 1015 2565 omni
1040 2492 1130 2567 bello
1158 2503 1192 2566 et
1218 2493 1492 2589 depraedatione:
1520 2493 1562 2566 ab
1590 2497 1679 2567 omni
1705 2494 1849 2591 denique
1870 2497 1988 2570 insultu

587 2612 592 2627 ‘
623 2619 656 2680 et
691 2608 851 2682 effusione
884 2612 1073 2703 sanguinis,
1109 2632 1155 2681 ex
1187 2608 1250 2683 illis
1282 2610 1414 2705 populis
1448 2610 1623 2682 metuenda
1659 2614 1716 2706 qui
1741 2610 1841 2683 alieni
1867 2621 1986 2685 sunta

621 2729 740 2798 timore
766 2736 832 2798 tuo.
886 2725 938 2797 Ne
972 2747 1094 2819 arguas
1120 2725 1179 2797 vel
1205 2729 1368 2823 corripias
1394 2748 1457 2800 nos
1483 2729 1517 2797 in
1542 2726 1656 2800 brrore
1682 2738 1717 2799 et
1748 2727 1816 2814 ira,
1850 2737 1987 2823 propter

620 2842 857 2914 multitudinem
883 2852 1096 2937 peccatorum
1122 2854 1324 2931 nostrorum,
1351 2842 1411 2937 sed
1438 2843 1667 2916 misericordia
1694 2851 1729 2914 et
1746 2842 1886 2916 lenitate
1905 2844 1986 2919 salia

621 2980 695 3048 nos,
723 2969 756 3029 et
782 2962 866 3033 sicut
890 2966 986 3054 pater
1012 2958 1151 3051 diligens
1177 2959 1282 3047 lilios,
1315 2958 1453 3054 posside
1482 2982 1563 3033 nos:
1596 2963 1670 3054 quia
1703 2978 1771 3030 non
1804 2969 1860 3033 est
1890 2959 1985 3033 nobis

621 3077 714 3147 Dens
741 3074 824 3147 alius
851 3084 1060 3170 praetorto,
1093 3076 1187 3166 cujus
1214 3075 1378 3148 beneficio
1406 3073 1542 3148 salutem
1576 3096 1837 3171 consequamur:
1869 3098 1986 3150 verum

622 3191 665 3262 ad
691 3202 723 3262 te
749 3189 851 3263 levuti
878 3199 953 3263 sunt
979 3189 1067 3264 oculi
1092 3193 1198 3263 nostri
1224 3200 1258 3263 et
1283 3190 1384 3263 corda
1411 3202 1541 3280 nostra,
1564 3189 1610 3264 et
1642 3192 1700 3264 tibi
1726 3189 1871 3289 hymnos
1897 3190 1983 3263 ote-

620 3311 733 3395 rimus,
760 3319 793 3379 et
819 3311 989 3400 unigenito
1015 3306 1099 3379 Filio
1126 3316 1195 3396 tuo,
1223 3316 1256 3378 et
1282 3308 1417 3402 Spiritui
1444 3311 1651 3381 sanctissimo
1669 3318 1738 3398 tuo,
1763 3306 1870 3398 bono,
1896 3307 1982 3380 ado-

619 3426 723 3497 rando
751 3435 784 3496 et
812 3425 1002 3497 vivificanti.

721 3542 896 3615 Sacerdos
921 3543 1110 3614 inclinatos.
1153 3541 1322 3613 Memento
1349 3539 1502 3626 Domine,
1530 3542 1672 3611 omnium
1700 3548 1903 3627 sauctorum
1929 3540 1981 3632 qui

620 3681 639 3728 a
667 3659 803 3731 saeculo
831 3660 889 3731 tibi
914 3658 1120 3753 placuemnt,
1147 3656 1188 3729 ab
1215 3656 1324 3731 Adam
1351 3667 1386 3729 et
1410 3655 1517 3745 Abel,
1550 3655 1591 3727 ad
1623 3655 1708 3726 banc
1739 3676 1848 3748 usqne
1881 3655 1981 3743 dicm3

619 3779 817 3869 praesertim
844 3796 929 3847 vero
957 3785 1093 3846 sauctae
1127 3775 1296 3866 genitricis
1332 3774 1405 3854 Dei,
1422 3771 1566 3859 Mariae,
1598 3769 1759 3842 lobannis
1793 3772 1981 3865 praeconis,

619 3902 652 3962 et
678 3891 860 3987 Baptistae,
887 3891 1045 3986 Stephani
1069 3892 1226 3986 principis
1252 3889 1478 3960 Diaconorum
1505 3899 1539 3960 et
1564 3889 1660 3981 primi
1685 3886 1882 3980 Martyrum.

722 4008 870 4078 Eteonos
900 4030 1024 4078 cotem
1077 4007 1257 4094 Memento,
1283 4006 1446 4091 Domine,
1474 4006 1615 4074 omnium
1650 4004 1704 4096 qni
1738 4024 1758 4073 a
1785 4000 1883 4075 nobis
1909 4001 1982 4073 dicti

620 4132 704 4210 sunl,
732 4127 941 4218 omniumque
967 4107 1100 4195 Patrum
1128 4132 1161 4194 et
1187 4119 1463 4207 Patriaroharum,
1490 4123 1618 4214 piorum
1640 4127 1674 4189 et
1695 4119 1875 4208 justorum,
1893 4118 1983 4190 Pro-

618 4239 788 4335 phetarum
815 4251 848 4311 et
872 4239 1125 4336 Apostolorum,
1151 4238 1432 4326 Praedicatornm,
1458 4233 1766 4326 Evangelistarum,
1785 4233 1983 4330 Martyrum,

621 4355 872 4444 Confessomm,
898 4358 1094 4444 Doctorum,
1117 4355 1449 4445 Thaumaturgorum,
1476 4351 1650 4442 Virginum
1667 4358 1870 4438 sanctarum,
1897 4371 1982 4421 coe-

618 4472 736 4562 libum,
759 4476 991 4565 jejunantium,
1019 4471 1258 4559 solitoriorum,
1285 4466 1543 4555 Monachomm,
1569 4464 1777 4558 fideliumque
1801 4465 1984 4550 veracium,

618 4597 652 4659 et
678 4592 820 4660 omnium
849 4590 902 4682 qui
929 4586 1103 4682 praeclare
1116 4590 1219 4657 vitam
1241 4595 1390 4677 egerunt,
1418 4595 1452 4655 et
1477 4606 1540 4678 per
1566 4585 1736 4654 orationes
1764 4600 1882 4651 eorum
1900 4600 1985 4673 per-

618 4703 744 4791 iectas,
779 4715 813 4775 et
845 4703 1098 4799 deprecationes
1126 4701 1367 4797 acceptabiles,
1401 4704 1516 4795 aspice
1550 4721 1613 4771 nos
1640 4694 1737 4770 oculo
1764 4690 1985 4778 misericordi,

619 4830 652 4892 et
666 4822 758 4894 vultu
783 4821 923 4916 pacilico
951 4829 986 4890 et
1013 4818 1169 4910 benigno.
1209 4818 1365 4910 AdJuuge
1391 4837 1454 4889 nos
1482 4813 1631 4888 coetibus
1650 4823 1684 4885 et
1696 4809 1868 4885 ordinibus
1884 4830 1985 4879 man-

620 4939 834 5031 sionibusque
871 4935 1063 5007 dilectorum
1098 4944 1238 5019 tuorum,
1266 4943 1302 5002 ut
1327 4955 1399 5004 cum
1427 4934 1498 5021 eie,
1532 4941 1568 5003 et
1600 4933 1686 5001 inter
1717 4948 1801 5015 eos,
1836 4947 1923 5022 pure
1955 4934 1988 4995 et

625 5064 762 5142 sancte,
796 5072 954 5124 canamus
980 5049 1038 5121 tibi
1065 5049 1207 5147 hymnos
1232 5051 1454 5135 incessanter,
1482 5056 1516 5118 et
1541 5047 1711 5137 unigenito
1737 5041 1824 5116 Filio
1851 5050 1931 5133 buo,
1957 5048 1990 5113 ei

621 5166 756 5263 Spiritui
785 5168 993 5240 sanctissimo
1019 5175 1076 5238 tuo
1103 5176 1137 5237 et
1163 5163 1264 5237 bono.
