5150 6534
582 837 662 911 278
1097 832 1454 911 hITUllGId

690 1023 834 1096 Domine
859 1023 1022 1092 miserere
1047 1022 1162 1106 nostri,
1190 1021 1245 1113 «pri
1269 1018 1461 1111 figmentum
1486 1027 1575 1091 tuom
1609 1039 1740 1105 snmus,
1759 1026 1811 1090 wot
1839 1020 1950 1111 imago

585 1143 773 1232 maJestatis
806 1148 902 1209 uuae:
934 1139 1115 1230 veniatque
1153 1133 1295 1230 Spiritus
1328 1144 1404 1208 tuus
1436 1143 1592 1222 sanctus,
1627 1137 1683 1229 qui
1720 1134 1871 1227 ejusdem
1902 1144 1954 1209 cst

585 1265 708 1344 tecum,
736 1265 770 1325 et
795 1252 966 1343 unigenito
992 1236 1077 1323 Filio
1103 1260 1159 1323 tuo
1185 1259 1343 1339 naturae,
1376 1250 1597 1338 substantiae,
1622 1248 1777 1339 honoris,
1811 1260 1847 1322 et
1869 1251 1951 1343 glo-

585 1374 669 1458 riae,
697 1369 938 1462 adveniatque,
966 1377 999 1440 et
1024 1370 1212 1461 requiescat
1243 1387 1344 1460 super
1377 1365 1564 1439 oblationes
1590 1368 1689 1454 istas,
1724 1375 1760 1438 et
1789 1364 1952 1455 illabatur,

588 1497 622 1558 et
653 1485 778 1558 habitet
815 1487 849 1555 in
882 1481 1040 1555 cordibus
1072 1483 1205 1556 nostris.
1256 1480 1389 1555 lisand
1425 1503 1480 1553 me
1512 1482 1665 1555 Domine
1706 1481 1895 1578 >Deprecor
1917 1492 1958 1555 tc·

587 1606 764 1675 miserator
790 1598 975 1687 hominum,
1000 1599 1142 1671 Domine
1174 1600 1335 1672 miserere
1365 1598 1451 1686 mei,
1482 1607 1516 1669 et
1548 1597 1683 1671 vivihca
1715 1620 1794 1671 me:¹
1823 1596 1949 1671 eumne

588 1738 691 1811 super
717 1737 771 1786 me
798 1714 919 1786 donum
945 1716 1075 1805 gratiae
1101 1722 1189 1800 uuae,
1215 1724 1250 1784 et
1273 1713 1411 1809 purilica
1438 1735 1510 1785 me:
1537 1735 1581 1785 ne
1605 1712 1786 1809 prohibeas
1812 1717 1950 1808 gratiam

588 1843 677 1902 tuam
704 1854 724 1901 a
750 1854 817 1918 me,
844 1827 888 1901 oh
914 1828 1126 1915 foeditatem,
1153 1839 1187 1900 et
1213 1828 1428 1925 tmpitudines
1460 1831 1617 1902 vitiorum
1645 1850 1805 1909 meorum,
1858 1828 1951 1916 Quae

589 1951 675 2018 enim
702 1949 856 2041 peccavi,
881 1944 990 2017 fateor
1015 1945 1167 2030 Domine,
1195 1954 1229 2015 et
1254 1967 1341 2038 quae
1368 1947 1479 2040 inique
1505 1948 1581 2037 egi,
1609 1945 1720 2041 palam
1752 1942 1859 2017 facio:
1883 1947 1950 2017 ni-

590 2058 795 2135 sericordiae
821 2070 930 2133 autem
956 2068 1032 2131 tuae
1057 2058 1178 2131 multae
1203 2061 1365 2148 Domine,
1398 2070 1433 2132 et
1465 2064 1574 2153 gratia
1598 2071 1654 2133 tua
1689 2061 1819 2156 ahsqne
1851 2083 1949 2134 rner-

589 2201 668 2252 surn
683 2188 754 2249 est.
807 2175 948 2272 Spiritus
975 2183 1109 2265 sanctus
1134 2184 1210 2247 tuus
1235 2175 1279 2248 ad
1305 2199 1360 2248 me
1385 2180 1515 2265 veniat,
1550 2198 1665 2251 omnes
1700 2180 1832 2249 animae
1856 2197 1955 2248 mace·

590 2292 709 2367 sordes
736 2291 929 2384 abstergat,
955 2290 1106 2365 omnihus
1134 2290 1261 2363 delictis
1294 2295 1378 2363 meis
1408 2271 1580 2384 ignoscal3
1610 2295 1833 2384 cogitationes
1859 2299 1963 2364 meos·

592 2430 709 2481 omnes
736 2408 927 2494 sanctificet,
954 2415 988 2478 et
1014 2409 1174 2502 suscipiat
1199 2408 1372 2495 sacrificia,
1398 2419 1433 2479 et
1458 2407 1644 2481 oblationes
1669 2430 1771 2480 meos.

692 2524 867 2617 Populo
904 2523 1009 2618 Kyrie
1036 2522 1172 2596 eleison.

686 2638 874 2718 Sacerdos,
923 2640 987 2725 Oui
1013 2637 1231 2727 benedicens,
1258 2650 1293 2710 et
1319 2640 1541 2730 sanctificans,
1567 2663 1689 2735 corpus
1714 2640 1839 2714 Christi
1865 2660 1947 2733 per-

590 2757 679 2829 ficiat
703 2777 822 2851 ponem
849 2758 954 2826 istum.
1269 2776 1275 2787 ·

693 2870 851 2964 Populos.
904 2869 1022 2941 Amen.

692 2986 873 3059 Sacerdos.
925 2985 969 3057 Et
995 2989 1189 3079 sanguinem
1217 2986 1338 3066 Christi
1365 2988 1533 3083 perficiat,
1560 2993 1691 3062 misaam
1718 2988 1814 3083 qnod
1833 2991 1868 3059 in
1887 2986 1949 3061 hoo

591 3103 696 3175 calice
723 3114 782 3174 est.

692 3218 851 3311 Populos.
903 3218 1021 3289 Amen.

691 3333 872 3406 Sacerdos.
929 3333 1002 3407 Nos
1036 3336 1135 3405 etiam
1166 3331 1268 3405 faciat
1303 3356 1423 3428 puros,
1455 3344 1489 3406 et
1522 3345 1674 3423 sanctos,
1709 3358 1771 3431 per
1805 3334 1949 3410 divinam

587 3449 671 3521 hanc
697 3453 959 3522 communionem
985 3452 1018 3521 in
1044 3471 1151 3541 regno
1177 3459 1233 3522 tuo
1260 3460 1416 3538 aeterno,
1442 3454 1476 3521 in
1502 3449 1589 3522 felici
1616 3450 1672 3523 illa
1698 3447 1951 3539 domesticitate,

587 3568 621 3635 in
647 3564 839 3638 habitaculis
867 3565 1052 3661 splendoris
1080 3568 1146 3654 tui,
1172 3569 1205 3637 in
1232 3567 1510 3662 contemplatione
1543 3566 1600 3638 illa
1631 3566 1760 3657 lucido,
1793 3570 1827 3638 in
1846 3585 1949 3660 'gan-

589 3680 642 3751 dio
671 3704 784 3754 corum
812 3685 867 3776 qui
900 3681 1112 3777 perfecerunt
1137 3682 1342 3754 voluntatem
1367 3692 1471 3754 tuam:
1505 3686 1537 3754 in
1560 3683 1764 3776 jucunditate
1790 3692 1952 3778 quaeest

588 3797 629 3867 ad
663 3798 834 3870 dexteram
870 3806 974 3886 tuam3
1009 3808 1043 3869 et
1072 3802 1106 3868 in
1141 3797 1307 3885 omnihus,
1334 3822 1395 3894 per
1427 3802 1555 3887 omnia,
1591 3809 1624 3869 et
1657 3809 1795 3894 propter
1829 3802 1951 3888 omnia,

586 3912 718 3985 landem
745 3924 778 3984 et
804 3913 943 4005 gloriam
970 3913 1027 3986 tibi
1053 3912 1258 4004 referemus,
1284 3925 1318 3986 ot
1343 3919 1511 4007 unigenito
1539 3915 1623 3986 Filio
1651 3927 1724 4004 tuo,
1752 3926 1786 3987 et
1812 3915 1949 4010 Spiritui

589 4038 716 4100 sancto.

691 4146 850 4237 Populos.
902 4148 1019 4219 Amen.

691 4259 864 4333 Sacerdos
890 4262 1080 4331 inclinatus.
1134 4261 1275 4357 Suscipc
1301 4262 1366 4334 hoc
1392 4263 1587 4335 sacrificium
1613 4273 1761 4337 nostrum
1795 4263 1955 4354 Domine,

589 4374 677 4469 qnod
702 4387 830 4465 mente,
861 4375 988 4464 verbo,
1024 4387 1057 4447 et
1091 4381 1295 4469 cogitatione
1329 4377 1462 4450 offertur
1495 4378 1571 4467 tibi;
1605 4382 1749 4451 maxime
1775 4401 1860 4452 vero
1887 4401 1954 4475 pro

542 4524 544 4528 ·
587 4492 834 4587 tranquilhtaie,
877 4504 911 4564 et
948 4516 1033 4588 pace
1064 4493 1239 4566 Ecclesiae
1274 4504 1350 4566 tuae
1385 4507 1537 4584 sanctae,
1570 4517 1632 4589 pro
1667 4496 1843 4568 Pastorum
1877 4498 1956 4588 ejus

585 4612 768 4700 justorum,
795 4622 828 4682 et
855 4609 1115 4682 orthodoxorum
1141 4610 1408 4700 confirmatione,
1435 4634 1496 4706 pro
1524 4611 1659 4699 decore,
1686 4622 1720 4683 et
1745 4611 1957 4684 exaltatione

588 4725 804 4798 sacerdotum
831 4730 918 4819 ejus:
946 4749 1007 4821 pro
1035 4725 1223 4814 honestate,
1255 4737 1288 4797 et
1314 4726 1474 4801 modestia
1508 4730 1727 4799 ministrorum
1762 4730 1853 4819 ejus:
1888 4711 1956 4824 pro

587 4844 803 4930 remissione,
830 4852 864 4913 et
888 4846 987 4914 venia
1015 4842 1156 4914 liliorum
1184 4846 1275 4935 ejus:
1309 4866 1370 4939 pro
1403 4842 1546 4935 gaudio,
1581 4855 1615 4915 et
1644 4844 1823 4916 concordia
1858 4866 1957 4917 con-

588 4962 819 5048 gregationum
847 4961 934 5050 ejus:
961 4982 1022 5054 pro
1050 4958 1268 5047 infirmorum,
1296 4972 1329 5032 et
1356 4960 1544 5032 afflictorum
1571 4962 1781 5046 visitatione,
1816 4970 1851 5032 et
1885 4984 1958 5035 au·-

589 5074 670 5145 xilio
699 5096 813 5160 ¹eorum
842 5077 982 5147 omnium
1012 5079 1125 5170 quiin
1153 5075 1262 5170 aliquo
1289 5075 1436 5171 periculo
1462 5085 1649 5149 versantur.

692 5191 868 5261 Diaconos
894 5193 979 5262 dicit
1010 5190 1024 5228 ²
1051 5193 1220 5263 Cononem
1240 5196 1393 5284 primam.
