5150 6534
878 844 909 922 s.
935 845 1070 922 xrsu
1102 844 1252 922 rursu
1277 844 1467 922 nonunt.
1784 825 1859 920 mr

588 1032 749 1124 Poprdas.
801 1031 907 1128 Kyrie
934 1029 1063 1105 eleison
1090 1039 1152 1102 ter.

589 1146 765 1219 Sacerdos
792 1148 930 1219 clevans
954 1168 1080 1218 nocens.
1132 1145 1177 1217 Et
1202 1150 1316 1218 veniat
1349 1148 1493 1220 Domine
1525 1148 1668 1243 Spiritus
1695 1156 1770 1218 tuus
1796 1147 1859 1218 vi-

484 1285 548 1337 vus
576 1274 610 1334 et
636 1271 789 1352 sanctus3
816 1274 850 1335 et
875 1265 1066 1355 requiescat
1092 1284 1192 1356 super
1218 1261 1420 1345 oblationem
1436 1266 1544 1352 istam,
1571 1284 1748 1336 servorum
1772 1271 1855 1334 tuo-

483 1401 572 1450 rum:
609 1381 717 1472 sitque
752 1375 1009 1474 suscipientibus
1042 1400 1116 1448 eam
1148 1377 1190 1446 ad
1227 1380 1449 1471 expiationem
1478 1377 1690 1464 delictorum,
1724 1377 1767 1449 ad
1792 1401 1857 1450 re-

485 1495 675 1565 missionem
702 1503 932 1587 peccatorum:
959 1491 1001 1562 ad
1028 1495 1305 1566 resurrectionem
1342 1493 1549 1565 benedictam
1583 1516 1603 1564 a
1637 1496 1795 1582 mortuis,
1823 1504 1857 1566 ct

484 1608 527 1678 ad
553 1611 657 1680 vitam
683 1631 808 1681 novam
838 1618 872 1680 et
898 1616 1070 1680 aeternam
1097 1611 1131 1680 in
1156 1631 1263 1701 regno
1298 1607 1479 1681 coelorum.
1531 1607 1575 1678 Et
1605 1630 1725 1703 panem
1757 1608 1855 1698 hunc,

483 1722 636 1818 perficiat
662 1746 785 1819 corpus
813 1722 935 1795 Christi
960 1722 1026 1794 Dei
1050 1728 1165 1797 nostri.

587 1839 749 1931 Populos.
802 1839 922 1909 Amen.

586 1952 772 2025 Sacerdos.
824 1952 870 2024 Et
901 1952 1040 2025 calicem
1078 1953 1184 2045 bunc,
1218 1952 1369 2049 perficiat
1401 1954 1597 2045 sanguinem
1632 1949 1752 2024 eluisti
1788 1950 1854 2023 Dei

482 2071 598 2140 nostri.
928 2118 929 2122 =
1197 2064 1199 2067 ’

587 2156 749 2277 deputas.
801 2183 922 2256 Amen.

586 2299 771 2371 Sacerdos.
823 2299 868 2372 Et
892 2323 956 2373 uos
982 2303 1067 2373 istos
1095 2304 1150 2395 qui
1183 2301 1246 2372 illis
1280 2302 1550 2372 communicaturi
1577 2322 1707 2386 sumus,
1732 2298 1855 2370 iaciant

482 2417 665 2510 participes
685 2416 842 2489 coelestis
860 2415 1040 2511 voluptatis
1068 2416 1155 2511 apud
1182 2426 1227 2507 te,
1245 2419 1401 2504 Domine,
1427 2426 1461 2486 et
1480 2411 1665 2487 referemus
1692 2412 1762 2504 tibi,
1789 2425 1854 2486 etc.

587 2529 776 2601 Diaconos.
830 2531 972 2605 Oramus
1000 2542 1034 2604 et
1060 2532 1290 2628 deprecemur,
1318 2541 1379 2602 etc.

587 2644 763 2718 Sacerdos
789 2646 981 2719 inclinatas.
1034 2649 1132 2738 Esto,
1158 2648 1321 2737 Domine,
1347 2644 1537 2741 pastoribus
1564 2642 1740 2715 Ecclesiae
1766 2651 1854 2729 tuae,

481 2760 595 2853 lingua
621 2772 752 2857 potens,
781 2785 866 2856 quae
892 2766 983 2835 vinci
1008 2786 1076 2836 non
1102 2766 1253 2859 possita
1281 2763 1439 2835 doctrinis
1465 2764 1634 2857 pessimae
1659 2758 1853 2831 haereseos.

587 2877 738 2948 Eteonos
762 2900 888 2949 coccos.
940 2878 985 2950 Et
1011 2901 1070 2951 ora
1098 2878 1362 2969 baereticorum,
1388 2878 1505 2973 quibus
1531 2875 1762 2975 blasphemant
1788 2873 1854 2944 ad-

482 3014 603 3066 versus
629 3016 694 3067 nos
722 2995 871 3084 obstrue,
898 2993 1039 3090 illosque
1066 2998 1296 3075 conticescere
1322 2995 1388 3082 fac,
1415 2996 1578 3066 Domine:
1610 3001 1645 3063 et
1670 2989 1853 3062 referemus

483 3108 554 3199 tibi,
581 3118 644 3179 etc.

585 3224 773 3296 Diaconos.
825 3224 947 3297 Iterum
987 3237 1022 3297 et
1062 3227 1180 3296 iterum
1223 3245 1521 3297 commemoramus
1567 3241 1684 3294 omnes
1731 3218 1853 3291 iratres

481 3348 627 3410 nostros.

585 3453 761 3527 Sacerdos
793 3455 987 3525 inclinatas.
1047 3453 1149 3547 Esto,
1187 3454 1350 3546 Domine,
1385 3464 1614 3527 remunerator
1648 3472 1763 3522 eorum
1798 3454 1854 3544 qui

483 3566 573 3641 bona
601 3580 791 3665 operantur,
818 3581 853 3642 et
877 3570 1038 3643 bbcrator
1064 3585 1180 3643 eorum
1207 3576 1262 3667 qui
1289 3576 1322 3643 in
1349 3570 1576 3644 afflictionibus
1605 3568 1800 3639 detinentur.

587 3685 737 3756 Eteonos
763 3709 888 3757 oocern.
942 3685 1106 3757 Gemitum
1133 3688 1341 3777 afflictorum,
1368 3687 1550 3759 clamorem
1575 3704 1769 3781 pauperum,
1795 3681 1853 3753 la-

483 3822 617 3895 crymas
644 3822 904 3896 oppressorum,
940 3812 974 3873 et
1007 3800 1141 3874 dolores
1169 3825 1285 3875 eorum
1313 3806 1367 3896 qni
1392 3805 1661 3899 persecutionem
1688 3804 1854 3893 patiuntur

413 3972 419 3982 .
482 3936 527 3986 na
554 3914 731 4010 despicias,
758 3939 868 4011 neque
894 3914 1008 4005 sileas,
1035 3918 1195 3989 Domine:
1221 3929 1257 3988 ut
1282 3918 1467 3992 referamus
1495 3919 1566 4008 tibi,
1593 3927 1656 3988 eto.

584 4030 773 4102 Diaconos.
827 4033 949 4104 lterum
981 4053 1279 4105 commemoramus
1316 4056 1432 4106 omnes
1456 4034 1573 4125 Reges
1600 4032 1730 4119 fideles,
1758 4040 1821 4100 etc.

586 4144 761 4217 Sacerdos
789 4148 979 4218 inclinatas.
1032 4147 1129 4237 Esto,
1156 4150 1311 4238 Domine,
1336 4171 1449 4221 murus
1476 4148 1572 4222 tortis
1600 4155 1689 4222 omni
1716 4148 1854 4237 civitati,

481 4263 614 4353 regioni
640 4272 674 4333 et
699 4284 825 4355 reguo,
861 4285 977 4335 eorum
1011 4267 1065 4358 qui
1098 4263 1278 4336 secundum
1304 4262 1402 4334 iidem
1428 4274 1555 4336 rectam
1581 4271 1616 4339 in
1642 4278 1677 4341 te
1704 4262 1853 4352 credunt,

482 4388 517 4449 et
542 4378 585 4448 ad
611 4387 644 4449 ie
671 4376 875 4470 confugiunt.

585 4493 735 4566 Eteonos
765 4516 890 4563 rocem.
944 4492 989 4564 Et
1018 4516 1081 4567 eos
1115 4498 1170 4587 qui
1203 4498 1377 4567 numerant
1410 4505 1518 4568 turres
1555 4500 1638 4573 Sion
1674 4503 1853 4597 spiritualis

482 4616 558 4679 tuae
584 4631 645 4704 per
672 4611 853 4696 circuitum,
881 4618 970 4680 terre
998 4618 1032 4680 et
1057 4609 1181 4704 dissipa
1207 4610 1371 4702 Domine,
1405 4623 1442 4683 ut
1473 4615 1658 4690 referamus
1687 4616 1744 4689 tibi
1770 4617 1853 4710 glo-

479 4725 576 4813 riam,
602 4732 664 4794 etc.

583 4838 772 4910 Diaconos.
823 4840 946 4911 lterum
973 4844 1163 4932 etiterum,
1190 4852 1252 4913 etc.

583 4952 759 5025 Sacerdos
800 4956 992 5027 inclinatas.
1058 4955 1162 5047 Esto,
1198 4958 1361 5047 Domine,
1403 4956 1610 5033 confortator
1648 4972 1682 5034 et
1721 4963 1852 5055 adjutor

480 5091 616 5158 eorum,
653 5071 708 5164 qui
741 5068 936 5161 confugiunt
971 5070 1012 5143 ad
1047 5076 1243 5146 memoriam
1273 5077 1387 5148 matris
1424 5074 1548 5148 Christi
1581 5080 1641 5149 tui:
1681 5088 1718 5149 ut
1752 5081 1852 5152 etiam

480 5196 669 5258 sanctorum
696 5189 878 5261 amicorum
904 5195 1044 5258 tuorum.
