5150 6534
599 806 672 881 tst
1103 803 1468 881 llTllllGlA

595 989 743 1072 deponis
766 990 871 1071 speeie
892 973 1421 1071 permanendam,
1442 988 1483 1051 de
1503 987 1610 1052 aulice.
1655 985 1701 1049 lta
1732 987 1813 1050 aab
1843 985 1976 1071 Grego-

593 1091 674 1166 rius,
706 1089 865 1152 castlhndi
896 1107 937 1151 ex
964 1090 1167 1170 grammaticis
1188 1086 1461 1150 ammaumculis
1483 1088 1675 1151 mentonem
1695 1088 1864 1167 enadad,
1898 1086 1975 1150 (lum

594 1188 723 1251 vocibus
745 1206 818 1250 nsua
841 1173 1013 1268 est,'quae
1034 1187 1226 1250 obscuritatis
1248 1184 1323 1247 nihil
1344 1186 1510 1249 haberent:
1536 1187 1699 1267 assiqua
1720 1184 1820 1249 iuerat
1841 1186 1875 1248 in
1896 1204 1977 1249 ma·-

590 1289 653 1369 jari
675 1285 831 1371 liturgia,
853 1286 933 1348 illam
955 1285 1084 1349 sustulit
1127 1284 1207 1347 Nihil
1228 1292 1390 1365 praeterea
1411 1285 1443 1347 in
1463 1284 1599 1348 breviori
1618 1284 1677 1347 ista
1699 1285 1834 1348 occurrit
1856 1283 1977 1349 eliser-

594 1384 737 1451 vandum.

539 2461 542 2468 ’
648 2419 942 2539 stricti
994 2418 1235 2538 llYSTI
1286 2420 1545 2537 Plrltt
1597 2417 1927 2538 tentat.

997 2688 1148 2759 Primam
1176 2688 1298 2758 Oratio
1325 2692 1406 2757 ante
1431 2685 1570 2757 Paceni

666 2899 1010 3011 Tannaummrnrmr
1038 2936 1071 2996 et
1096 2948 1228 3021 pacem,
1255 2936 1289 2997 et
1302 2929 1475 2997 caritatem
1489 2926 1644 3019 usquein
1671 2923 1854 3014 saeculum,
1881 2945 1975 3020 per-

593 3053 695 3140 petuo
722 3041 871 3115 concede
897 3041 1073 3115 Ecclesiae
1098 3051 1176 3114 tuae
1203 3052 1237 3114 et
1264 3041 1385 3114 avibus
1412 3043 1528 3133 gregis
1560 3043 1624 3132 tui,
1650 3041 1810 3113 Domine:
1843 3048 1881 3111 et
1907 3062 1974 3112 re-

592 3158 739 3231 feremus
769 3155 827 3229 tibi
859 3158 1018 3250 gloriam,
1059 3167 1093 3228 et
1127 3156 1279 3245 laudem,
1324 3155 1487 3250 simulque
1518 3158 1690 3247 unigenita
1724 3153 1810 3227 Filio
1842 3164 1904 3227 tuo
1937 3164 1975 3227 et

594 3274 730 3369 Spiritui
757 3284 814 3347 tuo
842 3276 1064 3362 sanctissimo,
1091 3273 1193 3360 hono,
1222 3271 1392 3346 adoranda
1429 3281 1463 3343 et
1495 3270 1697 3358 vivificanti,
1723 3268 1849 3365 tibique
1877 3291 1973 3342 con-

593 3388 813 3463 substantiali:
848 3412 935 3461 nunc
962 3399 997 3460 et
1023 3410 1157 3483 semper
1182 3392 1217 3459 in
1243 3389 1389 3461 saecula.

696 3504 857 3597 Popalaa.
909 3507 1027 3576 Amen.

698 3620 875 3689 Diacaaas
902 3620 988 3689 dicit
1012 3619 1170 3689 Mediam.
1219 3617 1354 3690 Stemus
1381 3618 1550 3708 decenter,
1578 3638 1723 3707 oramus,
1749 3615 1972 3689 confiteamur

593 3744 627 3804 et
654 3733 843 3822 adoremus,
871 3745 933 3806 etc.

696 3849 881 3921 Sacerdos.
934 3850 971 3921 ln
1003 3861 1047 3934 te,
1084 3850 1244 3935 Domine,
1278 3848 1516 3920 benedicamur
1550 3869 1685 3938 omnes,
1712 3858 1747 3920 et
1772 3847 1865 3940 digni
1890 3847 1972 3920 elli·

592 3966 717 4034 ciamur
744 3963 858 4035 ultimo
885 3964 942 4037 illa
969 3964 1072 4052 hono,
1100 3963 1189 4057 quad
1214 3974 1366 4057 paratum
1393 3973 1446 4034 est
1471 3963 1657 4037 hominihus
1683 3962 1841 4059 pacificis.

695 4078 856 4171 Papulas.
909 4081 1030 4152 Amen.
1845 4147 1849 4152 .

695 4194 880 4265 Sacerdos.
933 4194 1225 4266 Abalienatianem
1253 4218 1272 4266 a
1300 4196 1490 4289 praestigiis
1516 4197 1666 4290 peccati,
1701 4205 1736 4266 et
1769 4192 1972 4267 familiarem

591 4308 813 4381 habitudinem
842 4309 883 4381 ad
910 4331 1014 4404 opera
1036 4312 1195 4401 justitiae,
1222 4320 1392 4404 praestent
1417 4309 1515 4383 nobis
1541 4309 1626 4384 haec
1650 4312 1812 4406 mysteria
1837 4320 1972 4399 meta,

592 4446 654 4520 per
681 4424 895 4513 oblationem,
921 4446 1019 4518 quam
1047 4423 1103 4494 tibi
1131 4423 1318 4515 ollerimus,
1344 4426 1498 4515 Domine,
1530 4436 1564 4497 et
1589 4426 1774 4498 referemus
1799 4423 1860 4497 libi
1885 4423 1974 4516 gle-

591 4542 686 4627 riam‚
709 4547 772 4609 etc.

696 4651 857 4744 Popalas.
912 4655 1031 4724 Amen.

695 4770 883 4839 Diacoaae.
936 4766 1023 4839 Date
1048 4769 1181 4843 Pacem.

696 4883 871 4954 Sacerdos
898 4884 959 4953 dat
984 4884 1113 4957 Pacem
1139 4887 1245 4956 altari
1271 4908 1316 4955 ac
1342 4884 1426 4954 illud
1458 4884 1651 4957 osctdalur:
1687 4885 1813 4979 datque
1843 4909 1976 4981 paoem

589 4996 763 5086 Diaconm
783 5005 817 5069 et
837 4998 931 5070 dicit.
1725 5048 1727 5058 ·

696 5113 771 5184 Pax
799 5113 865 5207 tibi,
893 5116 997 5187 altare
1023 5116 1098 5203 Dei,
1125 5127 1158 5187 et
1182 5118 1258 5211 l'ax
1284 5120 1452 5211 mysteriis
1480 5128 1641 5212 superte
1667 5119 1795 5214 positis.

697 5229 744 5299 Εἰ
771 5230 933 5301 Dianam
961 5232 1054 5302 dicit.
1106 5233 1181 5303 Pax
1214 5229 1284 5320 tibi,
1318 5231 1470 5304 Diacone
1496 5232 1639 5326 Spiritus
1666 5235 1782 5305 sancti.
