<?xml version="1.0" encoding="UTF-8"?>
<!DOCTYPE html PUBLIC "-//W3C//DTD XHTML 1.0 Transitional//EN"
    "http://www.w3.org/TR/xhtml1/DTD/xhtml1-transitional.dtd">
<html xmlns="http://www.w3.org/1999/xhtml" xml:lang="en" lang="en">
 <head>
  <title>
</title>
<meta http-equiv="Content-Type" content="text/html;charset=utf-8" />
  <meta name='ocr-system' content='tesseract 3.04.00' />
  <meta name='ocr-capabilities' content='ocr_page ocr_carea ocr_par ocr_line ocrx_word'/>
</head>
<body>
  <div class='ocr_page' id='page_1' title='image "./liturgiarumorie00renagoog_0051.png"; bbox 0 0 5150 6534; ppageno 0'>
   <div class='ocr_carea' id='block_1_1' title="bbox 1088 853 1981 936">
    <p class='ocr_par' dir='ltr' id='par_1_1' title="bbox 1088 853 1981 936">
     <span class='ocr_line' id='line_1_1' title="bbox 1088 853 1981 936; baseline 0.001 -1"><span class='ocrx_word' id='word_1_1' title='bbox 1088 853 1505 936; x_wconf 75' lang='lat' dir='ltr'><em>tironatus.</em></span> <span class='ocrx_word' id='word_1_2' title='bbox 1932 862 1981 936; x_wconf 87' lang='lat'><em>13</em></span> 
     </span>
    </p>
   </div>
   <div class='ocr_carea' id='block_1_2' title="bbox 604 1044 1982 1259">
    <p class='ocr_par' dir='ltr' id='par_1_2' title="bbox 604 1044 1982 1259">
     <span class='ocr_line' id='line_1_2' title="bbox 709 1044 1981 1144; baseline 0.004 -28"><span class='ocrx_word' id='word_1_3' title='bbox 709 1044 751 1116; x_wconf 86' lang='lat' dir='ltr'><em>Si</em></span> <span class='ocrx_word' id='word_1_4' title='bbox 777 1045 890 1115; x_wconf 77' lang='lat' dir='ltr'><em>diaetis</em></span> <span class='ocrx_word' id='word_1_5' title='bbox 913 1067 1053 1138; x_wconf 78' lang='lat' dir='ltr'><em>napata</em></span> <span class='ocrx_word' id='word_1_6' title='bbox 1078 1052 1139 1133; x_wconf 79' lang='lat' dir='ltr'><em>cat,</em></span> <span class='ocrx_word' id='word_1_7' title='bbox 1167 1045 1214 1116; x_wconf 91' lang='lat' dir='ltr'><em>ad</em></span> <span class='ocrx_word' id='word_1_8' title='bbox 1239 1052 1386 1141; x_wconf 81' lang='lat' dir='ltr'><em>quatuor</em></span> <span class='ocrx_word' id='word_1_9' title='bbox 1413 1050 1485 1137; x_wconf 59' lang='lat' dir='ltr'><em>pus</em></span> <span class='ocrx_word' id='word_1_10' title='bbox 1511 1047 1653 1139; x_wconf 82' lang='lat' dir='ltr'><em>anpulos</em></span> <span class='ocrx_word' id='word_1_11' title='bbox 1688 1049 1837 1142; x_wconf 73' lang='lat' dir='ltr'><em>disponit</em></span> <span class='ocrx_word' id='word_1_12' title='bbox 1873 1050 1981 1144; x_wconf 88' lang='lat' dir='ltr'><em>(par-</em></span> 
     </span>
     <span class='ocr_line' id='line_1_3' title="bbox 604 1159 1982 1259; baseline 0.006 -30"><span class='ocrx_word' id='word_1_13' title='bbox 604 1159 721 1231; x_wconf 85' lang='lat' dir='ltr'><em>ticulas</em></span> <span class='ocrx_word' id='word_1_14' title='bbox 754 1163 851 1257; x_wconf 89' lang='lat' dir='ltr'><em>panis</em></span> <span class='ocrx_word' id='word_1_15' title='bbox 884 1160 1118 1244; x_wconf 83' lang='lat' dir='ltr'><em>consecrandi]</em></span> <span class='ocrx_word' id='word_1_16' title='bbox 1157 1165 1193 1231; x_wconf 88' lang='lat' dir='ltr'><em>in</em></span> <span class='ocrx_word' id='word_1_17' title='bbox 1221 1166 1368 1255; x_wconf 79' lang='lat' dir='ltr'><em>sonuum</em></span> <span class='ocrx_word' id='word_1_18' title='bbox 1411 1165 1542 1233; x_wconf 85' lang='lat' dir='ltr'><em>crucis:</em></span> <span class='ocrx_word' id='word_1_19' title='bbox 1573 1166 1604 1233; x_wconf 79' lang='lat' dir='ltr'><em>si</em></span> <span class='ocrx_word' id='word_1_20' title='bbox 1634 1166 1745 1235; x_wconf 86' lang='lat' dir='ltr'><em>minor</em></span> <span class='ocrx_word' id='word_1_21' title='bbox 1781 1171 1841 1252; x_wconf 82' lang='lat' dir='ltr'><em>cat,</em></span> <span class='ocrx_word' id='word_1_22' title='bbox 1876 1189 1982 1259; x_wconf 81' lang='lat' dir='ltr'><em>super</em></span> 
     </span>
    </p>
   </div>
   <div class='ocr_carea' id='block_1_3' title="bbox 603 1275 2080 1372">
    <p class='ocr_par' dir='ltr' id='par_1_3' title="bbox 603 1275 2080 1372">
     <span class='ocr_line' id='line_1_4' title="bbox 603 1275 2080 1372; baseline 0.005 -28"><span class='ocrx_word' id='word_1_23' title='bbox 603 1280 674 1344; x_wconf 87' lang='lat' dir='ltr'><em>tres</em></span> <span class='ocrx_word' id='word_1_24' title='bbox 697 1275 891 1368; x_wconf 85' lang='lat' dir='ltr'><em>particulas</em></span> <span class='ocrx_word' id='word_1_25' title='bbox 916 1299 1016 1346; x_wconf 86' lang='lat' dir='ltr'><em>unam</em></span> <span class='ocrx_word' id='word_1_26' title='bbox 1040 1298 1143 1369; x_wconf 83' lang='lat' dir='ltr'><em>super</em></span> <span class='ocrx_word' id='word_1_27' title='bbox 1169 1275 1274 1347; x_wconf 86' lang='lat' dir='ltr'><em>aliam</em></span> <span class='ocrx_word' id='word_1_28' title='bbox 1301 1278 1460 1364; x_wconf 90' lang='lat' dir='ltr'><em>collocat,</em></span> <span class='ocrx_word' id='word_1_29' title='bbox 1487 1285 1548 1348; x_wconf 75' lang='lat' dir='ltr'><em>auct</em></span> <span class='ocrx_word' id='word_1_30' title='bbox 1573 1278 1658 1349; x_wconf 81' lang='lat' dir='ltr'><em>duos</em></span> <span class='ocrx_word' id='word_1_31' title='bbox 1682 1280 1729 1350; x_wconf 94' lang='lat' dir='ltr'><em>ad</em></span> <span class='ocrx_word' id='word_1_32' title='bbox 1753 1284 1871 1368; x_wconf 83' lang='lat' dir='ltr'><em>minus,</em></span> <span class='ocrx_word' id='word_1_33' title='bbox 1893 1285 1981 1372; x_wconf 85' lang='lat' dir='ltr'><em>pori</em></span> <span class='ocrx_word' id='word_1_34' title='bbox 2075 1335 2080 1342; x_wconf 88' lang='lat'>.</span> 
     </span>
    </p>
   </div>
   <div class='ocr_carea' id='block_1_4' title="bbox 502 1392 2064 5305">
    <p class='ocr_par' dir='ltr' id='par_1_4' title="bbox 598 1392 1981 2173">
     <span class='ocr_line' id='line_1_5' title="bbox 602 1392 1980 1488; baseline 0.004 -28"><span class='ocrx_word' id='word_1_35' title='bbox 602 1411 758 1478; x_wconf 84' lang='lat' dir='ltr'><em>nunrero,</em></span> <span class='ocrx_word' id='word_1_36' title='bbox 774 1396 847 1462; x_wconf 69' lang='lat' dir='ltr'><em>&#39;aut</em></span> <span class='ocrx_word' id='word_1_37' title='bbox 872 1394 1013 1484; x_wconf 86' lang='lat' dir='ltr'><em>impari,</em></span> <span class='ocrx_word' id='word_1_38' title='bbox 1046 1396 1078 1462; x_wconf 82' lang='lat' dir='ltr'><em>si</em></span> <span class='ocrx_word' id='word_1_39' title='bbox 1105 1414 1190 1484; x_wconf 82' lang='lat' dir='ltr'><em>opus</em></span> <span class='ocrx_word' id='word_1_40' title='bbox 1215 1400 1279 1465; x_wconf 83' lang='lat' dir='ltr'><em>est.</em></span> <span class='ocrx_word' id='word_1_41' title='bbox 1316 1392 1506 1488; x_wconf 79' lang='lat' dir='ltr'><em>Sponpianc</em></span> <span class='ocrx_word' id='word_1_42' title='bbox 1537 1400 1571 1463; x_wconf 91' lang='lat' dir='ltr'><em>et</em></span> <span class='ocrx_word' id='word_1_43' title='bbox 1604 1393 1766 1464; x_wconf 78' lang='lat' dir='ltr'><em>cochlear</em></span> <span class='ocrx_word' id='word_1_44' title='bbox 1799 1397 1836 1463; x_wconf 85' lang='lat' dir='ltr'><em>in</em></span> <span class='ocrx_word' id='word_1_45' title='bbox 1868 1394 1980 1465; x_wconf 86' lang='lat' dir='ltr'><em>latere</em></span> 
     </span>
     <span class='ocr_line' id='line_1_6' title="bbox 602 1506 1977 1602; baseline 0.004 -27"><span class='ocrx_word' id='word_1_46' title='bbox 602 1506 759 1594; x_wconf 75' lang='lat' dir='ltr'><strong><em>australi,</em></strong></span> <span class='ocrx_word' id='word_1_47' title='bbox 786 1529 892 1599; x_wconf 84' lang='lat' dir='ltr'><em>supra</em></span> <span class='ocrx_word' id='word_1_48' title='bbox 918 1506 1067 1578; x_wconf 86' lang='lat' dir='ltr'><em>tabulam</em></span> <span class='ocrx_word' id='word_1_49' title='bbox 1094 1515 1330 1579; x_wconf 72' lang='lat' dir='ltr'><strong><em>consecratam</em></strong></span> <span class='ocrx_word' id='word_1_50' title='bbox 1350 1510 1510 1601; x_wconf 77' lang='lat' dir='ltr'><em>deponit:</em></span> <span class='ocrx_word' id='word_1_51' title='bbox 1537 1507 1681 1579; x_wconf 84' lang='lat' dir='ltr'><em>Oblatae</em></span> <span class='ocrx_word' id='word_1_52' title='bbox 1707 1514 1870 1599; x_wconf 85' lang='lat' dir='ltr'><em>ncajoreuc</em></span> <span class='ocrx_word' id='word_1_53' title='bbox 1883 1534 1977 1602; x_wconf 88' lang='lat' dir='ltr'><em>par-</em></span> 
     </span>
     <span class='ocr_line' id='line_1_7' title="bbox 602 1620 1978 1718; baseline 0.005 -29"><span class='ocrx_word' id='word_1_54' title='bbox 602 1622 756 1709; x_wconf 87' lang='lat' dir='ltr'><em>ticulam,</em></span> <span class='ocrx_word' id='word_1_55' title='bbox 793 1629 828 1693; x_wconf 91' lang='lat' dir='ltr'><em>ct</em></span> <span class='ocrx_word' id='word_1_56' title='bbox 863 1623 987 1710; x_wconf 85' lang='lat' dir='ltr'><em>celan,</em></span> <span class='ocrx_word' id='word_1_57' title='bbox 1025 1645 1086 1694; x_wconf 89' lang='lat' dir='ltr'><em>seu</em></span> <span class='ocrx_word' id='word_1_58' title='bbox 1119 1620 1337 1718; x_wconf 87' lang='lat' dir='ltr'><em>Anapboram</em></span> <span class='ocrx_word' id='word_1_59' title='bbox 1376 1627 1413 1692; x_wconf 90' lang='lat' dir='ltr'><em>in</em></span> <span class='ocrx_word' id='word_1_60' title='bbox 1444 1623 1555 1693; x_wconf 86' lang='lat' dir='ltr'><em>latere</em></span> <span class='ocrx_word' id='word_1_61' title='bbox 1595 1623 1828 1713; x_wconf 86' lang='lat' dir='ltr'><em>Occidentali,</em></span> <span class='ocrx_word' id='word_1_62' title='bbox 1868 1626 1978 1696; x_wconf 87' lang='lat' dir='ltr'><em>donec</em></span> 
     </span>
     <span class='ocr_line' id='line_1_8' title="bbox 598 1738 1981 1833; baseline 0.004 -28"><span class='ocrx_word' id='word_1_63' title='bbox 598 1739 745 1831; x_wconf 75' lang='lat' dir='ltr'><em>[ccupat</em></span> <span class='ocrx_word' id='word_1_64' title='bbox 770 1759 895 1830; x_wconf 82' lang='lat' dir='ltr'><em>corpus</em></span> <span class='ocrx_word' id='word_1_65' title='bbox 916 1741 1032 1830; x_wconf 84' lang='lat' dir='ltr'><em>primo</em></span> <span class='ocrx_word' id='word_1_66' title='bbox 1056 1741 1142 1808; x_wconf 84' lang='lat' dir='ltr'><em>uice.</em></span> <span class='ocrx_word' id='word_1_67' title='bbox 1177 1738 1321 1832; x_wconf 77' lang='lat' dir='ltr'><em>Accipit</em></span> <span class='ocrx_word' id='word_1_68' title='bbox 1348 1739 1522 1826; x_wconf 85' lang='lat' dir='ltr'><em>Oblatum,</em></span> <span class='ocrx_word' id='word_1_69' title='bbox 1560 1745 1595 1809; x_wconf 92' lang='lat' dir='ltr'><em>et</em></span> <span class='ocrx_word' id='word_1_70' title='bbox 1621 1746 1804 1833; x_wconf 79' lang='lat' dir='ltr'><em>postquam</em></span> <span class='ocrx_word' id='word_1_71' title='bbox 1834 1744 1981 1812; x_wconf 73' lang='lat' dir='ltr'><em>extersit</em></span> 
     </span>
     <span class='ocr_line' id='line_1_9' title="bbox 601 1852 1978 1947; baseline 0.004 -26"><span class='ocrx_word' id='word_1_72' title='bbox 601 1874 731 1939; x_wconf 85' lang='lat' dir='ltr'><em>manus,</em></span> <span class='ocrx_word' id='word_1_73' title='bbox 760 1857 850 1921; x_wconf 77' lang='lat' dir='ltr'><em>eacc&#39;</em></span> <span class='ocrx_word' id='word_1_74' title='bbox 872 1852 1064 1942; x_wconf 83' lang='lat' dir='ltr'><em>osculatur,</em></span> <span class='ocrx_word' id='word_1_75' title='bbox 1093 1856 1259 1947; x_wconf 83' lang='lat' dir='ltr'><em>ponitque</em></span> <span class='ocrx_word' id='word_1_76' title='bbox 1292 1858 1327 1923; x_wconf 89' lang='lat' dir='ltr'><em>in</em></span> <span class='ocrx_word' id='word_1_77' title='bbox 1361 1854 1471 1925; x_wconf 86' lang='lat' dir='ltr'><em>latore</em></span> <span class='ocrx_word' id='word_1_78' title='bbox 1504 1854 1650 1925; x_wconf 82' lang='lat' dir='ltr'><em>australi</em></span> <span class='ocrx_word' id='word_1_79' title='bbox 1685 1877 1758 1925; x_wconf 87' lang='lat' dir='ltr'><em>cura</em></span> <span class='ocrx_word' id='word_1_80' title='bbox 1793 1856 1978 1926; x_wconf 87' lang='lat' dir='ltr'><em>eocbleari.</em></span> 
     </span>
     <span class='ocr_line' id='line_1_10' title="bbox 607 1966 1978 2063; baseline 0.003 -28"><span class='ocrx_word' id='word_1_81' title='bbox 607 1966 687 2036; x_wconf 77' lang='lat' dir='ltr'><em>Tura</em></span> <span class='ocrx_word' id='word_1_82' title='bbox 714 1970 845 2060; x_wconf 87' lang='lat' dir='ltr'><em>accipit</em></span> <span class='ocrx_word' id='word_1_83' title='bbox 870 1968 1015 2063; x_wconf 73' lang='lat' dir='ltr'><em>cipiliaco</em></span> <span class='ocrx_word' id='word_1_84' title='bbox 1040 1970 1113 2039; x_wconf 74' lang='lat' dir='ltr'><em>nac</em></span> <span class='ocrx_word' id='word_1_85' title='bbox 1138 1974 1302 2059; x_wconf 85' lang='lat' dir='ltr'><em>majorem</em></span> <span class='ocrx_word' id='word_1_86' title='bbox 1333 1976 1367 2040; x_wconf 86' lang='lat' dir='ltr'><em>et</em></span> <span class='ocrx_word' id='word_1_87' title='bbox 1400 1970 1544 2040; x_wconf 87' lang='lat' dir='ltr'><em>mediam</em></span> <span class='ocrx_word' id='word_1_88' title='bbox 1578 1969 1716 2041; x_wconf 87' lang='lat' dir='ltr'><em>oblatae</em></span> <span class='ocrx_word' id='word_1_89' title='bbox 1738 1976 1874 2062; x_wconf 85' lang='lat' dir='ltr'><em>portem</em></span> <span class='ocrx_word' id='word_1_90' title='bbox 1900 1993 1978 2039; x_wconf 85' lang='lat' dir='ltr'><em>arn-</em></span> 
     </span>
     <span class='ocr_line' id='line_1_11' title="bbox 602 2079 1499 2173; baseline 0.006 -23"><span class='ocrx_word' id='word_1_91' title='bbox 602 2079 710 2153; x_wconf 85' lang='lat' dir='ltr'><em>babua</em></span> <span class='ocrx_word' id='word_1_92' title='bbox 734 2081 901 2170; x_wconf 84' lang='lat' dir='ltr'><em>manibus,</em></span> <span class='ocrx_word' id='word_1_93' title='bbox 930 2091 964 2153; x_wconf 91' lang='lat' dir='ltr'><em>ct</em></span> <span class='ocrx_word' id='word_1_94' title='bbox 991 2084 1141 2154; x_wconf 89' lang='lat' dir='ltr'><em>collocat</em></span> <span class='ocrx_word' id='word_1_95' title='bbox 1166 2088 1202 2153; x_wconf 89' lang='lat' dir='ltr'><em>in</em></span> <span class='ocrx_word' id='word_1_96' title='bbox 1229 2085 1337 2173; x_wconf 82' lang='lat' dir='ltr'><em>disco,</em></span> <span class='ocrx_word' id='word_1_97' title='bbox 1364 2087 1499 2156; x_wconf 85' lang='lat' dir='ltr'><em>dicens:</em></span> 
     </span>
    </p>

    <p class='ocr_par' dir='ltr' id='par_1_5' title="bbox 502 2198 1978 2639">
     <span class='ocr_line' id='line_1_12' title="bbox 706 2198 1978 2293; baseline 0.002 -25"><span class='ocrx_word' id='word_1_98' title='bbox 706 2198 878 2293; x_wconf 83' lang='lat' dir='ltr'><strong><em>Tanquam</em></strong></span> <span class='ocrx_word' id='word_1_99' title='bbox 914 2202 991 2270; x_wconf 91' lang='lat' dir='ltr'><em>ovis</em></span> <span class='ocrx_word' id='word_1_100' title='bbox 1025 2198 1068 2270; x_wconf 91' lang='lat' dir='ltr'><em>ad</em></span> <span class='ocrx_word' id='word_1_101' title='bbox 1103 2202 1308 2272; x_wconf 91' lang='lat' dir='ltr'><em>occisionem</em></span> <span class='ocrx_word' id='word_1_102' title='bbox 1348 2200 1463 2273; x_wconf 91' lang='lat' dir='ltr'><em>ductus</em></span> <span class='ocrx_word' id='word_1_103' title='bbox 1500 2210 1570 2271; x_wconf 89' lang='lat' dir='ltr'><em>est:</em></span> <span class='ocrx_word' id='word_1_104' title='bbox 1612 2209 1645 2271; x_wconf 91' lang='lat' dir='ltr'><em>et</em></span> <span class='ocrx_word' id='word_1_105' title='bbox 1679 2210 1834 2293; x_wconf 90' lang='lat' dir='ltr'><em>tanquam</em></span> <span class='ocrx_word' id='word_1_106' title='bbox 1870 2221 1978 2291; x_wconf 86' lang='lat' dir='ltr'><em>agnus</em></span> 
     </span>
     <span class='ocr_line' id='line_1_13' title="bbox 600 2313 1977 2410; baseline -0.002 -25"><span class='ocrx_word' id='word_1_107' title='bbox 600 2337 717 2388; x_wconf 90' lang='lat' dir='ltr'><em>coram</em></span> <span class='ocrx_word' id='word_1_108' title='bbox 744 2313 904 2385; x_wconf 82' lang='lat' dir='ltr'><em>tondente</em></span> <span class='ocrx_word' id='word_1_109' title='bbox 931 2313 1032 2405; x_wconf 91' lang='lat' dir='ltr'><em>siluit,</em></span> <span class='ocrx_word' id='word_1_110' title='bbox 1059 2326 1093 2386; x_wconf 91' lang='lat' dir='ltr'><em>et</em></span> <span class='ocrx_word' id='word_1_111' title='bbox 1118 2338 1187 2386; x_wconf 92' lang='lat' dir='ltr'><em>non</em></span> <span class='ocrx_word' id='word_1_112' title='bbox 1221 2318 1350 2410; x_wconf 87' lang='lat' dir='ltr'><em>aperuit</em></span> <span class='ocrx_word' id='word_1_113' title='bbox 1386 2338 1425 2390; x_wconf 90' lang='lat' dir='ltr'><em>os</em></span> <span class='ocrx_word' id='word_1_114' title='bbox 1459 2338 1555 2387; x_wconf 90' lang='lat' dir='ltr'><em>suum</em></span> <span class='ocrx_word' id='word_1_115' title='bbox 1588 2318 1623 2390; x_wconf 85' lang='lat' dir='ltr'><em>in</em></span> <span class='ocrx_word' id='word_1_116' title='bbox 1648 2314 1872 2386; x_wconf 89' lang='lat' dir='ltr'><em>bumibatione</em></span> <span class='ocrx_word' id='word_1_117' title='bbox 1907 2336 1977 2384; x_wconf 88' lang='lat' dir='ltr'><em>sua.</em></span> 
     </span>
     <span class='ocr_line' id='line_1_14' title="bbox 502 2413 1977 2521; baseline -0.002 -18"><span class='ocrx_word' id='word_1_118' title='bbox 502 2413 514 2431; x_wconf 62' lang='lat'><em>⁶</em></span> <span class='ocrx_word' id='word_1_119' title='bbox 600 2432 746 2504; x_wconf 88' lang='lat' dir='ltr'><em>Firmam</em></span> <span class='ocrx_word' id='word_1_120' title='bbox 780 2428 891 2501; x_wconf 80' lang='lat' dir='ltr'><em>fecisti</em></span> <span class='ocrx_word' id='word_1_121' title='bbox 931 2429 1046 2503; x_wconf 91' lang='lat' dir='ltr'><em>sedem</em></span> <span class='ocrx_word' id='word_1_122' title='bbox 1087 2439 1174 2502; x_wconf 91' lang='lat' dir='ltr'><em>tuam</em></span> <span class='ocrx_word' id='word_1_123' title='bbox 1210 2431 1371 2521; x_wconf 90' lang='lat' dir='ltr'><em>Domine,</em></span> <span class='ocrx_word' id='word_1_124' title='bbox 1410 2433 1631 2502; x_wconf 86' lang='lat' dir='ltr'><em>sanctuarium</em></span> <span class='ocrx_word' id='word_1_125' title='bbox 1670 2441 1778 2521; x_wconf 89' lang='lat' dir='ltr'><em>tuum:</em></span> <span class='ocrx_word' id='word_1_126' title='bbox 1817 2429 1977 2501; x_wconf 85' lang='lat' dir='ltr'><em>confirma</em></span> 
     </span>
     <span class='ocr_line' id='line_1_15' title="bbox 599 2544 1806 2639; baseline -0.002 -20"><span class='ocrx_word' id='word_1_127' title='bbox 599 2547 680 2619; x_wconf 92' lang='lat' dir='ltr'><em>illud</em></span> <span class='ocrx_word' id='word_1_128' title='bbox 706 2544 856 2618; x_wconf 88' lang='lat' dir='ltr'><em>manibus</em></span> <span class='ocrx_word' id='word_1_129' title='bbox 885 2548 966 2618; x_wconf 89' lang='lat' dir='ltr'><em>tuis:</em></span> <span class='ocrx_word' id='word_1_130' title='bbox 993 2545 1156 2618; x_wconf 88' lang='lat' dir='ltr'><em>Dominus</em></span> <span class='ocrx_word' id='word_1_131' title='bbox 1182 2545 1339 2639; x_wconf 84' lang='lat' dir='ltr'><em>regnabit</em></span> <span class='ocrx_word' id='word_1_132' title='bbox 1364 2550 1398 2617; x_wconf 90' lang='lat' dir='ltr'><em>in</em></span> <span class='ocrx_word' id='word_1_133' title='bbox 1425 2546 1559 2618; x_wconf 91' lang='lat' dir='ltr'><em>saecula</em></span> <span class='ocrx_word' id='word_1_134' title='bbox 1588 2546 1806 2618; x_wconf 91' lang='lat' dir='ltr'><em>saeculorum.</em></span> 
     </span>
    </p>

    <p class='ocr_par' dir='ltr' id='par_1_6' title="bbox 703 2662 1483 2755">
     <span class='ocr_line' id='line_1_16' title="bbox 703 2662 1483 2755; baseline 0.003 -24"><span class='ocrx_word' id='word_1_135' title='bbox 703 2662 858 2755; x_wconf 87' lang='lat' dir='ltr'><em>Deponit</em></span> <span class='ocrx_word' id='word_1_136' title='bbox 886 2663 1042 2733; x_wconf 87' lang='lat' dir='ltr'><em>Oblatum</em></span> <span class='ocrx_word' id='word_1_137' title='bbox 1067 2665 1104 2732; x_wconf 86' lang='lat' dir='ltr'><em>in</em></span> <span class='ocrx_word' id='word_1_138' title='bbox 1131 2664 1237 2751; x_wconf 84' lang='lat' dir='ltr'><em>disco,</em></span> <span class='ocrx_word' id='word_1_139' title='bbox 1266 2670 1301 2733; x_wconf 89' lang='lat' dir='ltr'><em>ct</em></span> <span class='ocrx_word' id='word_1_140' title='bbox 1327 2664 1419 2734; x_wconf 90' lang='lat' dir='ltr'><em>dicit.</em></span> <span class='ocrx_word' id='word_1_141' title='bbox 1478 2715 1483 2723; x_wconf 72' lang='lat'><em>.</em></span> 
     </span>
    </p>

    <p class='ocr_par' dir='ltr' id='par_1_7' title="bbox 600 2777 1978 2967">
     <span class='ocr_line' id='line_1_17' title="bbox 672 2777 1978 2874; baseline -0.001 -24"><span class='ocrx_word' id='word_1_142' title='bbox 672 2853 675 2858; x_wconf 75' lang='grc'><em>,</em></span> <span class='ocrx_word' id='word_1_143' title='bbox 703 2778 932 2869; x_wconf 83' lang='lat' dir='ltr'><em>Primogenite</em></span> <span class='ocrx_word' id='word_1_144' title='bbox 958 2778 1067 2849; x_wconf 87' lang='lat' dir='ltr'><em>Patris</em></span> <span class='ocrx_word' id='word_1_145' title='bbox 1095 2778 1264 2868; x_wconf 86' lang='lat' dir='ltr'><em>coelestis,</em></span> <span class='ocrx_word' id='word_1_146' title='bbox 1292 2782 1425 2873; x_wconf 87' lang='lat' dir='ltr'><em>suscipe</em></span> <span class='ocrx_word' id='word_1_147' title='bbox 1451 2777 1537 2849; x_wconf 92' lang='lat' dir='ltr'><em>bunc</em></span> <span class='ocrx_word' id='word_1_148' title='bbox 1551 2782 1807 2874; x_wconf 86' lang='lat' dir='ltr'><em>primogenitum</em></span> <span class='ocrx_word' id='word_1_149' title='bbox 1835 2801 1879 2849; x_wconf 84' lang='lat' dir='ltr'><em>ex</em></span> <span class='ocrx_word' id='word_1_150' title='bbox 1898 2801 1978 2849; x_wconf 90' lang='lat' dir='ltr'><em>ma-</em></span> 
     </span>
     <span class='ocr_line' id='line_1_18' title="bbox 600 2893 1087 2967; baseline 0.002 -2"><span class='ocrx_word' id='word_1_151' title='bbox 600 2893 697 2967; x_wconf 90' lang='lat' dir='ltr'><em>nibus</em></span> <span class='ocrx_word' id='word_1_152' title='bbox 724 2897 816 2965; x_wconf 89' lang='lat' dir='ltr'><em>servi</em></span> <span class='ocrx_word' id='word_1_153' title='bbox 844 2897 889 2964; x_wconf 90' lang='lat' dir='ltr'><em>tui</em></span> <span class='ocrx_word' id='word_1_154' title='bbox 916 2893 1087 2966; x_wconf 89' lang='lat' dir='ltr'><em>imbebis.·</em></span> 
     </span>
    </p>

    <p class='ocr_par' dir='ltr' id='par_1_8' title="bbox 702 3001 1628 3103">
     <span class='ocr_line' id='line_1_19' title="bbox 702 3001 1628 3103; baseline 0.001 -24"><span class='ocrx_word' id='word_1_155' title='bbox 702 3009 828 3080; x_wconf 86' lang='lat' dir='ltr'><em>Elccat</em></span> <span class='ocrx_word' id='word_1_156' title='bbox 855 3001 997 3081; x_wconf 86' lang='lat' dir='ltr'><em>calicem</em></span> <span class='ocrx_word' id='word_1_157' title='bbox 1021 3013 1100 3079; x_wconf 86' lang='lat' dir='ltr'><em>cino</em></span> <span class='ocrx_word' id='word_1_158' title='bbox 1129 3016 1163 3079; x_wconf 89' lang='lat' dir='ltr'><em>et</em></span> <span class='ocrx_word' id='word_1_159' title='bbox 1189 3032 1280 3103; x_wconf 84' lang='lat' dir='ltr'><em>aqua</em></span> <span class='ocrx_word' id='word_1_160' title='bbox 1305 3013 1447 3099; x_wconf 77' lang='lat' dir='ltr'><em>mistura,</em></span> <span class='ocrx_word' id='word_1_161' title='bbox 1475 3014 1509 3079; x_wconf 92' lang='lat' dir='ltr'><em>et</em></span> <span class='ocrx_word' id='word_1_162' title='bbox 1535 3010 1628 3080; x_wconf 88' lang='lat' dir='ltr'><em>dicit.</em></span> 
     </span>
    </p>

    <p class='ocr_par' dir='ltr' id='par_1_9' title="bbox 599 3114 2064 3913">
     <span class='ocr_line' id='line_1_20' title="bbox 704 3114 1972 3211; baseline 0 -16"><span class='ocrx_word' id='word_1_163' title='bbox 704 3114 865 3197; x_wconf 88' lang='lat' dir='ltr'><em>Dominus</em></span> <span class='ocrx_word' id='word_1_164' title='bbox 891 3128 1007 3196; x_wconf 83' lang='lat' dir='ltr'><em>noster</em></span> <span class='ocrx_word' id='word_1_165' title='bbox 1033 3126 1133 3197; x_wconf 85' lang='lat' dir='ltr'><em>lesus</em></span> <span class='ocrx_word' id='word_1_166' title='bbox 1162 3123 1312 3197; x_wconf 86' lang='lat' dir='ltr'><em>Christus</em></span> <span class='ocrx_word' id='word_1_167' title='bbox 1339 3127 1424 3196; x_wconf 92' lang='lat' dir='ltr'><em>inter</em></span> <span class='ocrx_word' id='word_1_168' title='bbox 1450 3126 1598 3195; x_wconf 89' lang='lat' dir='ltr'><em>latrones</em></span> <span class='ocrx_word' id='word_1_169' title='bbox 1625 3124 1803 3195; x_wconf 83' lang='lat' dir='ltr'><em>crucifixus</em></span> <span class='ocrx_word' id='word_1_170' title='bbox 1822 3131 1886 3211; x_wconf 91' lang='lat' dir='ltr'><em>est,</em></span> <span class='ocrx_word' id='word_1_171' title='bbox 1908 3146 1972 3195; x_wconf 89' lang='lat' dir='ltr'><em>su-</em></span> 
     </span>
     <span class='ocr_line' id='line_1_21' title="bbox 600 3238 2064 3335; baseline -0.002 -24"><span class='ocrx_word' id='word_1_172' title='bbox 600 3262 661 3334; x_wconf 89' lang='lat' dir='ltr'><em>per</em></span> <span class='ocrx_word' id='word_1_173' title='bbox 693 3239 818 3331; x_wconf 87' lang='lat' dir='ltr'><em>lignum</em></span> <span class='ocrx_word' id='word_1_174' title='bbox 851 3245 884 3312; x_wconf 94' lang='lat' dir='ltr'><em>iu</em></span> <span class='ocrx_word' id='word_1_175' title='bbox 917 3242 1124 3315; x_wconf 85' lang='lat' dir='ltr'><em>Jerusalem:</em></span> <span class='ocrx_word' id='word_1_176' title='bbox 1160 3241 1406 3335; x_wconf 82' lang='lat' dir='ltr'><em>transfixasque</em></span> <span class='ocrx_word' id='word_1_177' title='bbox 1442 3250 1494 3311; x_wconf 88' lang='lat' dir='ltr'><em>est</em></span> <span class='ocrx_word' id='word_1_178' title='bbox 1526 3239 1644 3310; x_wconf 90' lang='lat' dir='ltr'><em>lancea</em></span> <span class='ocrx_word' id='word_1_179' title='bbox 1677 3243 1711 3310; x_wconf 92' lang='lat' dir='ltr'><em>in</em></span> <span class='ocrx_word' id='word_1_180' title='bbox 1749 3238 1855 3310; x_wconf 87' lang='lat' dir='ltr'><em>latere</em></span> <span class='ocrx_word' id='word_1_181' title='bbox 1895 3260 1970 3326; x_wconf 89' lang='lat' dir='ltr'><em>suo,</em></span> <span class='ocrx_word' id='word_1_182' title='bbox 2059 3267 2064 3275; x_wconf 94' lang='lat'>·</span> 
     </span>
     <span class='ocr_line' id='line_1_22' title="bbox 600 3353 1976 3452; baseline -0.001 -27"><span class='ocrx_word' id='word_1_183' title='bbox 600 3353 832 3449; x_wconf 83' lang='lat' dir='ltr'><em>fluxeruntque</em></span> <span class='ocrx_word' id='word_1_184' title='bbox 866 3380 911 3428; x_wconf 89' lang='lat' dir='ltr'><em>ex</em></span> <span class='ocrx_word' id='word_1_185' title='bbox 944 3380 986 3430; x_wconf 90' lang='lat' dir='ltr'><em>eo</em></span> <span class='ocrx_word' id='word_1_186' title='bbox 1022 3360 1158 3449; x_wconf 85' lang='lat' dir='ltr'><em>sanguis</em></span> <span class='ocrx_word' id='word_1_187' title='bbox 1191 3368 1224 3428; x_wconf 90' lang='lat' dir='ltr'><em>et</em></span> <span class='ocrx_word' id='word_1_188' title='bbox 1259 3381 1366 3452; x_wconf 86' lang='lat' dir='ltr'><em>aqua,</em></span> <span class='ocrx_word' id='word_1_189' title='bbox 1407 3355 1450 3427; x_wconf 92' lang='lat' dir='ltr'><em>ad</em></span> <span class='ocrx_word' id='word_1_190' title='bbox 1485 3358 1751 3451; x_wconf 74' lang='lat' dir='ltr'><em>propitiationem</em></span> <span class='ocrx_word' id='word_1_191' title='bbox 1795 3357 1976 3426; x_wconf 90' lang='lat' dir='ltr'><em>universae</em></span> 
     </span>
     <span class='ocr_line' id='line_1_23' title="bbox 601 3470 1976 3568; baseline -0.003 -25"><span class='ocrx_word' id='word_1_192' title='bbox 601 3481 789 3543; x_wconf 87' lang='lat' dir='ltr'><em>creaturae:</em></span> <span class='ocrx_word' id='word_1_193' title='bbox 818 3481 853 3543; x_wconf 90' lang='lat' dir='ltr'><em>et</em></span> <span class='ocrx_word' id='word_1_194' title='bbox 879 3476 934 3566; x_wconf 92' lang='lat' dir='ltr'><em>qui</em></span> <span class='ocrx_word' id='word_1_195' title='bbox 960 3473 1043 3565; x_wconf 90' lang='lat' dir='ltr'><em>vidit</em></span> <span class='ocrx_word' id='word_1_196' title='bbox 1069 3476 1290 3545; x_wconf 89' lang='lat' dir='ltr'><em>testimonium</em></span> <span class='ocrx_word' id='word_1_197' title='bbox 1316 3470 1499 3568; x_wconf 79' lang='lat' dir='ltr'><em>perhibuit,</em></span> <span class='ocrx_word' id='word_1_198' title='bbox 1535 3480 1569 3542; x_wconf 91' lang='lat' dir='ltr'><em>et</em></span> <span class='ocrx_word' id='word_1_199' title='bbox 1595 3472 1717 3544; x_wconf 89' lang='lat' dir='ltr'><em>scimus</em></span> <span class='ocrx_word' id='word_1_200' title='bbox 1754 3472 1829 3563; x_wconf 89' lang='lat' dir='ltr'><em>quia</em></span> <span class='ocrx_word' id='word_1_201' title='bbox 1857 3491 1976 3540; x_wconf 86' lang='lat' dir='ltr'><em>verum</em></span> 
     </span>
     <span class='ocr_line' id='line_1_24' title="bbox 601 3586 1976 3681; baseline -0.002 -24"><span class='ocrx_word' id='word_1_202' title='bbox 601 3598 653 3659; x_wconf 88' lang='lat' dir='ltr'><em>est</em></span> <span class='ocrx_word' id='word_1_203' title='bbox 678 3591 899 3660; x_wconf 89' lang='lat' dir='ltr'><em>testimonium</em></span> <span class='ocrx_word' id='word_1_204' title='bbox 927 3591 1008 3680; x_wconf 90' lang='lat' dir='ltr'><em>ejus.</em></span> <span class='ocrx_word' id='word_1_205' title='bbox 1044 3589 1132 3674; x_wconf 85' lang='lat' dir='ltr'><em>Quid</em></span> <span class='ocrx_word' id='word_1_206' title='bbox 1160 3588 1341 3660; x_wconf 79' lang='lat' dir='ltr'><em>retribuam</em></span> <span class='ocrx_word' id='word_1_207' title='bbox 1358 3589 1502 3660; x_wconf 91' lang='lat' dir='ltr'><em>Domino</em></span> <span class='ocrx_word' id='word_1_208' title='bbox 1529 3609 1591 3681; x_wconf 88' lang='lat' dir='ltr'><em>pro</em></span> <span class='ocrx_word' id='word_1_209' title='bbox 1620 3586 1771 3658; x_wconf 85' lang='lat' dir='ltr'><em>onmibus</em></span> <span class='ocrx_word' id='word_1_210' title='bbox 1799 3608 1885 3680; x_wconf 89' lang='lat' dir='ltr'><em>quae</em></span> <span class='ocrx_word' id='word_1_211' title='bbox 1910 3606 1976 3655; x_wconf 89' lang='lat' dir='ltr'><em>re-</em></span> 
     </span>
     <span class='ocr_line' id='line_1_25' title="bbox 600 3700 1976 3798; baseline 0.001 -26"><span class='ocrx_word' id='word_1_212' title='bbox 600 3700 712 3773; x_wconf 85' lang='lat' dir='ltr'><em>tribuit</em></span> <span class='ocrx_word' id='word_1_213' title='bbox 737 3702 839 3774; x_wconf 82' lang='lat' dir='ltr'><em>mibi?</em></span> <span class='ocrx_word' id='word_1_214' title='bbox 867 3703 1014 3776; x_wconf 86' lang='lat' dir='ltr'><em>Calicem</em></span> <span class='ocrx_word' id='word_1_215' title='bbox 1041 3704 1196 3777; x_wconf 88' lang='lat' dir='ltr'><em>salutaris</em></span> <span class='ocrx_word' id='word_1_216' title='bbox 1224 3706 1398 3798; x_wconf 89' lang='lat' dir='ltr'><em>accipiam,</em></span> <span class='ocrx_word' id='word_1_217' title='bbox 1425 3715 1459 3775; x_wconf 90' lang='lat' dir='ltr'><em>et</em></span> <span class='ocrx_word' id='word_1_218' title='bbox 1484 3725 1605 3775; x_wconf 88' lang='lat' dir='ltr'><em>nomen</em></span> <span class='ocrx_word' id='word_1_219' title='bbox 1623 3701 1757 3773; x_wconf 91' lang='lat' dir='ltr'><em>Domini</em></span> <span class='ocrx_word' id='word_1_220' title='bbox 1785 3701 1976 3789; x_wconf 90' lang='lat' dir='ltr'><em>invocabo;</em></span> 
     </span>
     <span class='ocr_line' id='line_1_26' title="bbox 599 3819 1196 3913; baseline -0.002 -21"><span class='ocrx_word' id='word_1_221' title='bbox 599 3828 748 3913; x_wconf 85' lang='lat' dir='ltr'><em>votaque</em></span> <span class='ocrx_word' id='word_1_222' title='bbox 775 3842 850 3890; x_wconf 90' lang='lat' dir='ltr'><em>mea</em></span> <span class='ocrx_word' id='word_1_223' title='bbox 877 3819 1021 3891; x_wconf 91' lang='lat' dir='ltr'><em>Domino</em></span> <span class='ocrx_word' id='word_1_224' title='bbox 1050 3820 1196 3891; x_wconf 91' lang='lat' dir='ltr'><em>reddam.</em></span> 
     </span>
    </p>

    <p class='ocr_par' dir='ltr' id='par_1_10' title="bbox 703 3934 1533 4027">
     <span class='ocr_line' id='line_1_27' title="bbox 703 3934 1533 4027; baseline -0.001 -23"><span class='ocrx_word' id='word_1_225' title='bbox 703 3934 830 4027; x_wconf 83' lang='lat' dir='ltr'><em>incipit</em></span> <span class='ocrx_word' id='word_1_226' title='bbox 856 3936 1002 4007; x_wconf 79' lang='lat' dir='ltr'><em>Sudraca</em></span> <span class='ocrx_word' id='word_1_227' title='bbox 1027 3936 1278 4007; x_wconf 84' lang='lat' dir='ltr'><em>Paenitentiae.</em></span> <span class='ocrx_word' id='word_1_228' title='bbox 1306 3935 1533 4006; x_wconf 86' lang='lat' dir='ltr'><em>Prooemium.</em></span> 
     </span>
    </p>

    <p class='ocr_par' dir='ltr' id='par_1_11' title="bbox 602 4049 1976 4490">
     <span class='ocr_line' id='line_1_28' title="bbox 704 4049 1976 4147; baseline 0.001 -27"><span class='ocrx_word' id='word_1_229' title='bbox 704 4049 795 4122; x_wconf 88' lang='lat' dir='ltr'><em>Laus</em></span> <span class='ocrx_word' id='word_1_230' title='bbox 821 4054 878 4122; x_wconf 93' lang='lat' dir='ltr'><em>uni</em></span> <span class='ocrx_word' id='word_1_231' title='bbox 904 4053 995 4123; x_wconf 91' lang='lat' dir='ltr'><em>Patri</em></span> <span class='ocrx_word' id='word_1_232' title='bbox 1022 4052 1247 4147; x_wconf 83' lang='lat' dir='ltr'><em>misericordi,</em></span> <span class='ocrx_word' id='word_1_233' title='bbox 1283 4053 1337 4145; x_wconf 89' lang='lat' dir='ltr'><em>qui</em></span> <span class='ocrx_word' id='word_1_234' title='bbox 1374 4050 1510 4121; x_wconf 84' lang='lat' dir='ltr'><em>exaudit</em></span> <span class='ocrx_word' id='word_1_235' title='bbox 1544 4059 1742 4144; x_wconf 88' lang='lat' dir='ltr'><em>peccatores</em></span> <span class='ocrx_word' id='word_1_236' title='bbox 1777 4053 1976 4121; x_wconf 87' lang='lat' dir='ltr'><em>invocantes</em></span> 
     </span>
     <span class='ocr_line' id='line_1_29' title="bbox 602 4164 1975 4263; baseline 0.003 -28"><span class='ocrx_word' id='word_1_237' title='bbox 602 4186 694 4237; x_wconf 90' lang='lat' dir='ltr'><em>eum:</em></span> <span class='ocrx_word' id='word_1_238' title='bbox 730 4171 829 4239; x_wconf 89' lang='lat' dir='ltr'><em>unico</em></span> <span class='ocrx_word' id='word_1_239' title='bbox 868 4166 935 4238; x_wconf 89' lang='lat' dir='ltr'><em>lilio</em></span> <span class='ocrx_word' id='word_1_240' title='bbox 971 4167 1140 4258; x_wconf 87' lang='lat' dir='ltr'><em>clementi,</em></span> <span class='ocrx_word' id='word_1_241' title='bbox 1181 4172 1234 4263; x_wconf 90' lang='lat' dir='ltr'><em>qui</em></span> <span class='ocrx_word' id='word_1_242' title='bbox 1274 4169 1412 4261; x_wconf 89' lang='lat' dir='ltr'><em>suscipit</em></span> <span class='ocrx_word' id='word_1_243' title='bbox 1451 4169 1658 4261; x_wconf 89' lang='lat' dir='ltr'><em>poenitentes</em></span> <span class='ocrx_word' id='word_1_244' title='bbox 1693 4164 1864 4260; x_wconf 88' lang='lat' dir='ltr'><em>pulsantes</em></span> <span class='ocrx_word' id='word_1_245' title='bbox 1901 4168 1975 4256; x_wconf 89' lang='lat' dir='ltr'><em>ejus</em></span> 
     </span>
     <span class='ocr_line' id='line_1_30' title="bbox 602 4280 1975 4377; baseline 0 -26"><span class='ocrx_word' id='word_1_246' title='bbox 602 4282 736 4352; x_wconf 88' lang='lat' dir='ltr'><em>ostium:</em></span> <span class='ocrx_word' id='word_1_247' title='bbox 763 4284 818 4353; x_wconf 90' lang='lat' dir='ltr'><em>uui</em></span> <span class='ocrx_word' id='word_1_248' title='bbox 845 4282 979 4377; x_wconf 89' lang='lat' dir='ltr'><em>Spiritui</em></span> <span class='ocrx_word' id='word_1_249' title='bbox 1014 4294 1130 4355; x_wconf 89' lang='lat' dir='ltr'><em>sancto</em></span> <span class='ocrx_word' id='word_1_250' title='bbox 1165 4286 1219 4377; x_wconf 91' lang='lat' dir='ltr'><em>qui</em></span> <span class='ocrx_word' id='word_1_251' title='bbox 1250 4285 1446 4377; x_wconf 89' lang='lat' dir='ltr'><em>propitiatur</em></span> <span class='ocrx_word' id='word_1_252' title='bbox 1480 4285 1548 4354; x_wconf 88' lang='lat' dir='ltr'><em>reis</em></span> <span class='ocrx_word' id='word_1_253' title='bbox 1584 4280 1841 4377; x_wconf 88' lang='lat' dir='ltr'><em>deprecantibus</em></span> <span class='ocrx_word' id='word_1_254' title='bbox 1867 4280 1975 4369; x_wconf 75' lang='lat' dir='ltr'><em>illum,</em></span> 
     </span>
     <span class='ocr_line' id='line_1_31' title="bbox 602 4397 1097 4490; baseline 0.006 -23"><span class='ocrx_word' id='word_1_255' title='bbox 602 4399 757 4490; x_wconf 87' lang='lat' dir='ltr'><em>quoniam</em></span> <span class='ocrx_word' id='word_1_256' title='bbox 783 4397 880 4470; x_wconf 89' lang='lat' dir='ltr'><em>decet</em></span> <span class='ocrx_word' id='word_1_257' title='bbox 905 4398 1007 4487; x_wconf 83' lang='lat' dir='ltr'><em>illum,</em></span> <span class='ocrx_word' id='word_1_258' title='bbox 1035 4411 1097 4470; x_wconf 88' lang='lat' dir='ltr'><em>etc.</em></span> 
     </span>
    </p>

    <p class='ocr_par' dir='ltr' id='par_1_12' title="bbox 599 4511 1976 5305">
     <span class='ocr_line' id='line_1_32' title="bbox 705 4511 1974 4607; baseline 0 -25"><span class='ocrx_word' id='word_1_259' title='bbox 705 4511 828 4584; x_wconf 85' lang='lat' dir='ltr'><em>Scdrc.</em></span> <span class='ocrx_word' id='word_1_260' title='bbox 856 4516 949 4587; x_wconf 87' lang='lat' dir='ltr'><em>Deus</em></span> <span class='ocrx_word' id='word_1_261' title='bbox 975 4518 1075 4604; x_wconf 89' lang='lat' dir='ltr'><em>mitis,</em></span> <span class='ocrx_word' id='word_1_262' title='bbox 1103 4516 1257 4607; x_wconf 84' lang='lat' dir='ltr'><em>benigne,</em></span> <span class='ocrx_word' id='word_1_263' title='bbox 1286 4524 1467 4601; x_wconf 89' lang='lat' dir='ltr'><em>mansuete,</em></span> <span class='ocrx_word' id='word_1_264' title='bbox 1497 4524 1530 4585; x_wconf 92' lang='lat' dir='ltr'><em>et</em></span> <span class='ocrx_word' id='word_1_265' title='bbox 1557 4523 1686 4585; x_wconf 90' lang='lat' dir='ltr'><em>amator</em></span> <span class='ocrx_word' id='word_1_266' title='bbox 1713 4512 1891 4602; x_wconf 90' lang='lat' dir='ltr'><em>hominum,</em></span> <span class='ocrx_word' id='word_1_267' title='bbox 1920 4516 1974 4606; x_wconf 90' lang='lat' dir='ltr'><em>qui</em></span> 
     </span>
     <span class='ocr_line' id='line_1_33' title="bbox 599 4629 1972 4725; baseline -0.001 -26"><span class='ocrx_word' id='word_1_268' title='bbox 599 4630 860 4702; x_wconf 83' lang='lat' dir='ltr'><em>misericordiam</em></span> <span class='ocrx_word' id='word_1_269' title='bbox 888 4635 961 4718; x_wconf 84' lang='lat' dir='ltr'><em>vis,</em></span> <span class='ocrx_word' id='word_1_270' title='bbox 994 4643 1028 4702; x_wconf 89' lang='lat' dir='ltr'><em>et</em></span> <span class='ocrx_word' id='word_1_271' title='bbox 1058 4654 1125 4703; x_wconf 94' lang='lat' dir='ltr'><em>non</em></span> <span class='ocrx_word' id='word_1_272' title='bbox 1159 4629 1341 4702; x_wconf 89' lang='lat' dir='ltr'><em>sacrificia:</em></span> <span class='ocrx_word' id='word_1_273' title='bbox 1378 4634 1433 4725; x_wconf 91' lang='lat' dir='ltr'><em>qui</em></span> <span class='ocrx_word' id='word_1_274' title='bbox 1467 4652 1527 4700; x_wconf 91' lang='lat' dir='ltr'><em>cor</em></span> <span class='ocrx_word' id='word_1_275' title='bbox 1562 4632 1737 4701; x_wconf 89' lang='lat' dir='ltr'><em>contritum</em></span> <span class='ocrx_word' id='word_1_276' title='bbox 1769 4630 1843 4724; x_wconf 93' lang='lat' dir='ltr'><em>plus</em></span> <span class='ocrx_word' id='word_1_277' title='bbox 1880 4650 1972 4699; x_wconf 92' lang='lat' dir='ltr'><em>amas</em></span> 
     </span>
     <span class='ocr_line' id='line_1_34' title="bbox 602 4743 1975 4842; baseline -0.003 -27"><span class='ocrx_word' id='word_1_278' title='bbox 602 4768 700 4840; x_wconf 90' lang='lat' dir='ltr'><em>quam</em></span> <span class='ocrx_word' id='word_1_279' title='bbox 726 4744 940 4819; x_wconf 87' lang='lat' dir='ltr'><em>holocausta:</em></span> <span class='ocrx_word' id='word_1_280' title='bbox 969 4750 1183 4842; x_wconf 87' lang='lat' dir='ltr'><em>spiritumque</em></span> <span class='ocrx_word' id='word_1_281' title='bbox 1196 4746 1397 4818; x_wconf 90' lang='lat' dir='ltr'><em>humiliatum</em></span> <span class='ocrx_word' id='word_1_282' title='bbox 1422 4756 1592 4841; x_wconf 89' lang='lat' dir='ltr'><em>acceptum</em></span> <span class='ocrx_word' id='word_1_283' title='bbox 1609 4743 1725 4835; x_wconf 89' lang='lat' dir='ltr'><em>babes,</em></span> <span class='ocrx_word' id='word_1_284' title='bbox 1750 4749 1860 4835; x_wconf 84' lang='lat' dir='ltr'><em>magis</em></span> <span class='ocrx_word' id='word_1_285' title='bbox 1877 4765 1975 4837; x_wconf 90' lang='lat' dir='ltr'><em>quam</em></span> 
     </span>
     <span class='ocr_line' id='line_1_35' title="bbox 601 4862 1975 4958; baseline -0.003 -25"><span class='ocrx_word' id='word_1_286' title='bbox 601 4862 798 4952; x_wconf 84' lang='lat' dir='ltr'><em>sanguinem</em></span> <span class='ocrx_word' id='word_1_287' title='bbox 825 4873 858 4934; x_wconf 91' lang='lat' dir='ltr'><em>et</em></span> <span class='ocrx_word' id='word_1_288' title='bbox 885 4863 1016 4958; x_wconf 92' lang='lat' dir='ltr'><em>adipem</em></span> <span class='ocrx_word' id='word_1_289' title='bbox 1044 4875 1225 4952; x_wconf 87' lang='lat' dir='ltr'><em>tauromm,</em></span> <span class='ocrx_word' id='word_1_290' title='bbox 1252 4873 1286 4934; x_wconf 92' lang='lat' dir='ltr'><em>et</em></span> <span class='ocrx_word' id='word_1_291' title='bbox 1312 4884 1476 4953; x_wconf 87' lang='lat' dir='ltr'><em>agnorum</em></span> <span class='ocrx_word' id='word_1_292' title='bbox 1501 4864 1686 4956; x_wconf 83' lang='lat' dir='ltr'><em>pinguium:</em></span> <span class='ocrx_word' id='word_1_293' title='bbox 1720 4864 1853 4955; x_wconf 90' lang='lat' dir='ltr'><em>suscipe</em></span> <span class='ocrx_word' id='word_1_294' title='bbox 1886 4880 1975 4929; x_wconf 90' lang='lat' dir='ltr'><em>nunc</em></span> 
     </span>
     <span class='ocr_line' id='line_1_36' title="bbox 600 4974 1975 5075; baseline -0.001 -27"><span class='ocrx_word' id='word_1_295' title='bbox 600 4978 798 5048; x_wconf 84' lang='lat' dir='ltr'><em>sacrificium</em></span> <span class='ocrx_word' id='word_1_296' title='bbox 825 4990 974 5052; x_wconf 87' lang='lat' dir='ltr'><em>nostrum</em></span> <span class='ocrx_word' id='word_1_297' title='bbox 1002 4980 1186 5075; x_wconf 77' lang='lat' dir='ltr'><em>spirituale,</em></span> <span class='ocrx_word' id='word_1_298' title='bbox 1213 5002 1316 5074; x_wconf 91' lang='lat' dir='ltr'><em>super</em></span> <span class='ocrx_word' id='word_1_299' title='bbox 1343 4978 1448 5049; x_wconf 88' lang='lat' dir='ltr'><em>altare</em></span> <span class='ocrx_word' id='word_1_300' title='bbox 1474 4988 1563 5048; x_wconf 89' lang='lat' dir='ltr'><em>tuum</em></span> <span class='ocrx_word' id='word_1_301' title='bbox 1581 4974 1753 5062; x_wconf 83' lang='lat' dir='ltr'><em>rationale,</em></span> <span class='ocrx_word' id='word_1_302' title='bbox 1781 4986 1815 5047; x_wconf 90' lang='lat' dir='ltr'><em>et</em></span> <span class='ocrx_word' id='word_1_303' title='bbox 1840 4984 1975 5069; x_wconf 88' lang='lat' dir='ltr'><em>praesta</em></span> 
     </span>
     <span class='ocr_line' id='line_1_37' title="bbox 599 5080 1975 5186; baseline -0.001 -25"><span class='ocrx_word' id='word_1_304' title='bbox 599 5100 636 5161; x_wconf 89' lang='lat' dir='ltr'><em>ut</em></span> <span class='ocrx_word' id='word_1_305' title='bbox 663 5090 881 5167; x_wconf 81' lang='lat' dir='ltr'><em>exhibeamus</em></span> <span class='ocrx_word' id='word_1_306' title='bbox 914 5094 972 5167; x_wconf 91' lang='lat' dir='ltr'><em>tibi</em></span> <span class='ocrx_word' id='word_1_307' title='bbox 1009 5099 1135 5168; x_wconf 91' lang='lat' dir='ltr'><em>animas</em></span> <span class='ocrx_word' id='word_1_308' title='bbox 1162 5105 1313 5179; x_wconf 88' lang='lat' dir='ltr'><em>nostras,</em></span> <span class='ocrx_word' id='word_1_309' title='bbox 1342 5080 1482 5166; x_wconf 92' lang='lat' dir='ltr'><em>bostiam</em></span> <span class='ocrx_word' id='word_1_310' title='bbox 1514 5096 1629 5165; x_wconf 85' lang='lat' dir='ltr'><em>vivam</em></span> <span class='ocrx_word' id='word_1_311' title='bbox 1663 5102 1696 5162; x_wconf 88' lang='lat' dir='ltr'><em>et</em></span> <span class='ocrx_word' id='word_1_312' title='bbox 1722 5089 1975 5186; x_wconf 88' lang='lat' dir='ltr'><em>acceptabilem,</em></span> 
     </span>
     <span class='ocr_line' id='line_1_38' title="bbox 601 5194 1976 5305; baseline -0.001 -28"><span class='ocrx_word' id='word_1_313' title='bbox 601 5228 687 5299; x_wconf 90' lang='lat' dir='ltr'><em>quae</em></span> <span class='ocrx_word' id='word_1_314' title='bbox 714 5207 847 5303; x_wconf 89' lang='lat' dir='ltr'><em>placeat</em></span> <span class='ocrx_word' id='word_1_315' title='bbox 872 5209 1035 5283; x_wconf 85' lang='lat' dir='ltr'><em>voluntati</em></span> <span class='ocrx_word' id='word_1_316' title='bbox 1062 5221 1151 5298; x_wconf 89' lang='lat' dir='ltr'><em>tuae,</em></span> <span class='ocrx_word' id='word_1_317' title='bbox 1178 5212 1211 5279; x_wconf 92' lang='lat' dir='ltr'><em>in</em></span> <span class='ocrx_word' id='word_1_318' title='bbox 1240 5213 1420 5281; x_wconf 89' lang='lat' dir='ltr'><em>ministerio</em></span> <span class='ocrx_word' id='word_1_319' title='bbox 1448 5210 1608 5305; x_wconf 91' lang='lat' dir='ltr'><em>spirituali</em></span> <span class='ocrx_word' id='word_1_320' title='bbox 1644 5219 1678 5279; x_wconf 90' lang='lat' dir='ltr'><em>et</em></span> <span class='ocrx_word' id='word_1_321' title='bbox 1709 5194 1885 5279; x_wconf 84' lang='lat' dir='ltr'><em>offeramus</em></span> <span class='ocrx_word' id='word_1_322' title='bbox 1918 5204 1976 5277; x_wconf 91' lang='lat' dir='ltr'><em>tibi</em></span> 
     </span>
    </p>
   </div>
   <div class='ocr_carea' id='block_1_5' title="bbox 598 5323 1974 5517">
    <p class='ocr_par' dir='ltr' id='par_1_13' title="bbox 598 5323 1974 5517">
     <span class='ocr_line' id='line_1_39' title="bbox 598 5323 1974 5422; baseline -0.001 -28"><span class='ocrx_word' id='word_1_323' title='bbox 598 5325 763 5397; x_wconf 84' lang='lat' dir='ltr'><em>sacrificia</em></span> <span class='ocrx_word' id='word_1_324' title='bbox 798 5325 997 5421; x_wconf 89' lang='lat' dir='ltr'><em>spiritualia,</em></span> <span class='ocrx_word' id='word_1_325' title='bbox 1032 5350 1106 5398; x_wconf 89' lang='lat' dir='ltr'><em>curn</em></span> <span class='ocrx_word' id='word_1_326' title='bbox 1133 5324 1237 5398; x_wconf 90' lang='lat' dir='ltr'><em>corde</em></span> <span class='ocrx_word' id='word_1_327' title='bbox 1271 5330 1413 5399; x_wconf 89' lang='lat' dir='ltr'><em>contrito</em></span> <span class='ocrx_word' id='word_1_328' title='bbox 1442 5338 1474 5399; x_wconf 89' lang='lat' dir='ltr'><em>et</em></span> <span class='ocrx_word' id='word_1_329' title='bbox 1501 5329 1615 5422; x_wconf 86' lang='lat' dir='ltr'><em>spiritu</em></span> <span class='ocrx_word' id='word_1_330' title='bbox 1646 5323 1837 5416; x_wconf 89' lang='lat' dir='ltr'><em>humiliato,</em></span> <span class='ocrx_word' id='word_1_331' title='bbox 1872 5345 1974 5419; x_wconf 89' lang='lat' dir='ltr'><em>super</em></span> 
     </span>
     <span class='ocr_line' id='line_1_40' title="bbox 1710 5444 1767 5517; baseline 0 -39"><span class='ocrx_word' id='word_1_332' title='bbox 1710 5445 1733 5517; x_wconf 74' lang='lat'><strong>5</strong></span> <span class='ocrx_word' id='word_1_333' title='bbox 1748 5444 1767 5478; x_wconf 57' lang='grc' dir='ltr'><strong>ἥ</strong></span> 
     </span>
    </p>
   </div>
   <div class='ocr_carea' id='block_1_6' title="bbox 0 0 2580 6534">
    <p class='ocr_par' dir='ltr' id='par_1_14' title="bbox 0 0 2580 6534">
     <span class='ocr_line' id='line_1_41' title="bbox 0 0 2580 6534; baseline 0 0"><span class='ocrx_word' id='word_1_334' title='bbox 0 0 2580 6534; x_wconf 95' lang='lat' dir='ltr'><em> </em></span> 
     </span>
    </p>
   </div>
  </div>
 </body>
</html>
