5150 6534
1012 869 1406 949 tlolunls.
1814 865 1892 949 257

628 1058 778 1130 Herone
795 1079 921 1129 vocem,
948 1055 1105 1145 Erulum,
1121 1061 1242 1153 quique
1257 1062 1524 1154 persecutionem
1541 1048 1719 1155 patiuntur,
1740 1084 1890 1158 oppres-

525 1194 638 1246 sorum
664 1185 697 1245 et
722 1172 929 1262 afflictorum,
956 1195 1137 1270 pauperum
1164 1183 1198 1245 et
1216 1196 1409 1267 egenorum,
1437 1176 1653 1267 aduenarum,
1678 1180 1889 1268 miserorum,

525 1293 745 1385 captivorum,
772 1290 941 1378 orborum,
969 1288 1192 1384 orphanorum
1218 1301 1253 1362 et
1277 1290 1453 1363 viduarum
1479 1314 1593 1365 curam
1619 1315 1716 1385 gere,
1747 1304 1781 1366 et
1805 1317 1890 1388 rege

525 1426 586 1479 ecs
613 1428 673 1502 per
699 1406 961 1479 misericordiam
987 1414 1076 1477 tuam
1102 1405 1257 1497 Domine,
1284 1419 1319 1480 et
1344 1408 1528 1483 referemus
1556 1409 1626 1499 uhi,
1653 1420 1715 1483 eto.

629 1521 788 1615 Populus.
841 1522 961 1594 Amen.
1857 1595 1859 1597 ,

627 1637 802 1709 Sacerdos
828 1637 1019 1708 inclinatur.
1071 1634 1203 1728 Regum
1238 1636 1379 1710 fidelium
1412 1650 1446 1711 et
1478 1652 1647 1735 potentum
1681 1645 1736 1737 qui
1766 1642 1891 1717 faciunt

525 1751 732 1826 voluntatem
757 1764 857 1842 tuam,
884 1762 1050 1825 momento
1077 1752 1229 1824 Domine.

627 1868 777 1942 Eleccna
811 1891 938 1940 ccccm.
990 1867 1042 1939 Da
1071 1877 1105 1938 et
1130 1868 1279 1941 concede
1306 1868 1405 1941 nohis
1433 1893 1495 1967 per
1520 1876 1660 1964 gratiam
1693 1884 1781 1946 tuam
1810 1875 1890 1949 Do-

524 1987 633 2073 mine,
665 1995 701 2057 ut
734 1990 836 2057 vitam
872 1988 1015 2079 quietam
1049 1993 1083 2056 et
1112 1984 1232 2057 laetam
1268 1988 1426 2059 ducamus
1453 2009 1567 2060 coram
1595 1998 1647 2077 te,
1679 1999 1713 2061 et
1743 1991 1891 2084 benigne

525 2108 724 2201 aspiciamur
750 2104 792 2177 nl)
819 2105 883 2179 illis
911 2107 965 2199 qui
991 2125 1053 2175 nos
1079 2112 1213 2196 regrmt:
1241 2112 1275 2174 et
1300 2102 1484 2174 referemus
1512 2103 1588 2192 tibi,
1615 2115 1678 2176 etc.

629 2222 790 2315 Populus.
841 2223 961 2294 Arnen.

627 2337 803 2410 Sacerdos
829 2335 1019 2407 inclinatur.
1072 2334 1221 2426 Virginis
1248 2334 1431 2429 Deiparae‚
1462 2333 1602 2410 loannis
1634 2337 1805 2432 Baptistae
1813 2392 1835 2427 ,.
1857 2349 1891 2410 et

526 2457 668 2527 omnium
694 2456 823 2549 piorum
849 2462 992 2539 tuorum,
1018 2460 1183 2522 memento
1210 2450 1362 2522 Domine.

628 2569 778 2641 Eteonos
803 2590 928 2639 vocem.
960 2564 1005 2638 Et
1031 2588 1092 2661 per
1118 2565 1392 2662 supplicationem
1418 2576 1453 2638 ct
1469 2570 1742 2642 intercessionem
1762 2593 1889 2659 eorum,

525 2689 581 2781 qui
606 2688 865 2759 conversatione
880 2698 883 2703 ’
896 2683 994 2779 plena
1027 2681 1232 2754 rectitudinis
1265 2692 1359 2769 tuae,
1392 2683 1654 2757 conciliaverunt
1685 2696 1736 2775 tc,
1770 2686 1890 2780 dignos

524 2801 618 2875 effice
643 2824 706 2874 nos
733 2810 828 2897 parte
855 2809 889 2871 et
915 2808 1007 2870 sorte
1034 2820 1108 2869 cum
1135 2800 1205 2884 eis,
1233 2808 1267 2868 et
1292 2796 1476 2872 referemus
1503 2798 1579 2888 tili,
1608 2810 1670 2872 etc.

532 2986 536 2988 μ
626 2917 787 3010 Populus.
839 2918 957 2987 Arnen.

628 3033 803 3104 Sacerdos
828 3032 1018 3101 inclinatur.
1062 3030 1195 3101 Patrum
1223 3040 1414 3102 sanctorum
1442 3041 1475 3101 et
1487 3030 1669 3105 Doctorum
1696 3034 1889 3122 electorum,

525 3161 559 3223 et
584 3153 707 3223 secreti
733 3150 883 3220 veritatis
909 3149 1135 3240 interpretum,
1163 3155 1327 3216 memento
1354 3146 1506 3218 Domine.

628 3263 777 3336 Eteonos
803 3285 929 3333 uocem.
975 3259 1018 3331 Et
1045 3282 1146 3355 super
1173 3272 1301 3356 petrum
1327 3260 1403 3333 fidei
1430 3262 1641 3336 orthodoxae
1673 3266 1769 3335 trium
1790 3266 1888 3362 Syn-

526 3381 666 3455 odorum
693 3389 893 3466 sanctarum,
921 3377 1076 3448 confirma
1097 3397 1159 3447 nos
1179 3398 1295 3448 omnes
1313 3399 1375 3473 per
1397 3382 1539 3469 gretiam
1566 3389 1654 3450 tuam
1674 3379 1828 3468 Domine,
1855 3391 1890 3452 et

524 3496 709 3569 referemus
736 3494 807 3582 uhi,
833 3503 896 3564 etc.

628 3611 788 3705 Populus.
840 3595 960 3680 Amen.

628 3727 802 3800 Sacerdos
828 3725 1019 3796 inclinatur.
1080 3723 1214 3794 Patrum
1251 3726 1371 3811 ctiam,
1402 3723 1569 3821 fratrum„
1589 3729 1888 3823 magistrorumque

524 3856 726 3931 nostrorum,
753 3852 786 3913 et
814 3844 956 3912 omnium
982 3838 1124 3912 fidelium
1152 3837 1392 3928 defunctorum,
1417 3854 1583 3915 memento
1609 3843 1761 3916 Domine.

629 3961 779 4031 Elecanc
804 3944 928 4027 cocem.
981 3955 1024 4027 Et
1055 3976 1116 4026 eos
1152 3957 1205 4048 qui
1240 3976 1259 4023 a
1288 3956 1507 4050 potestatibus
1534 3957 1744 4030 tenebrarum
1771 3965 1888 4056 possi-

526 4078 654 4163 dentur,
679 4074 838 4159 illumina
865 4083 898 4144 et
924 4070 966 4143 al)
994 4072 1155 4162 angustiis
1183 4080 1216 4139 et
1241 4069 1480 4144 infirmitatibus
1507 4095 1567 4147 eos
1593 4073 1710 4161 libera,
1742 4086 1840 4172 atque
1868 4101 1887 4148 a

526 4194 717 4288 captivitate
749 4191 918 4285 spirituum
946 4186 1164 4278 malignorum
1192 4183 1287 4255 salva
1314 4185 1405 4273 illos,
1440 4198 1474 4259 et
1504 4192 1585 4281 opiri
1615 4188 1669 4261 fac
1700 4213 1802 4285 super
1828 4214 1888 4264 eos

524 4309 634 4382 lumen
667 4308 825 4398 unigeniti
860 4303 933 4374 Filii
966 4306 1027 4375 tui:
1066 4324 1127 4397 per
1161 4322 1257 4394 quem
1298 4325 1361 4375 nos
1397 4327 1528 4399 quoque
1562 4308 1820 4380 misericordiam
1857 4316 1890 4378 et

524 4436 664 4523 propter
690 4450 777 4512 eum,
803 4427 961 4519 consequi
988 4444 1173 4519 speramus,
1200 4432 1233 4492 et
1258 4419 1367 4493 nohis
1383 4432 1417 4493 et
1442 4421 1514 4494 illis,

631 4541 790 4634 Populus.
845 4540 997 4626 Quietem
1023 4548 1168 4635 praesta.

628 4656 812 4733 Sacerdos.
865 4656 1054 4742 Andiros,
1080 4656 1240 4745 Domine,
1271 4663 1409 4750 propter
1434 4654 1670 4728 multitudinem
1695 4659 1889 4728 miseratio-

526 4795 604 4845 num
631 4784 770 4859 tuarum
797 4782 831 4843 et
855 4771 960 4843 libera
987 4793 1049 4843 nos
1076 4781 1110 4842 et
1136 4772 1210 4846 illos
1237 4795 1257 4843 a
1280 4771 1405 4864 judicio
1432 4769 1555 4847 futuro.
1585 4782 1619 4842 ct
1637 4797 1664 4864 a
1691 4771 1889 4844 cruciatibus

528 4888 583 4980 qui
608 4890 716 4984 impiis
742 4898 973 4960 reservantur:
999 4889 1092 4958 utin
1119 4886 1183 4960 hoc
1211 4892 1297 4959 sicut
1322 4891 1355 4957 in
1382 4886 1533 4960 omnihus
1560 4886 1710 4959 laudetur
1737 4898 1770 4958 et
1795 4885 1892 4957 ccle-

526 5001 643 5074 luetur
668 5026 790 5076 nomen
816 5004 1094 5096 gloriosissimum
1122 5013 1155 5074 et
1181 5002 1409 5092 benedictum,
1441 5025 1504 5074 nec
1535 5024 1602 5074 non
1630 5003 1764 5074 Domini
1788 5003 1893 5073 nostri

525 5117 609 5191 Jesu
637 5118 771 5210 Christi,
797 5128 831 5191 et
856 5120 997 5215 Spiritus
1024 5121 1071 5190 tui
1102 5122 1217 5192 sancti.

630 5233 789 5328 Populea.
842 5236 961 5307 Amen.

628 5349 811 5422 Sacerdos.
863 5350 947 5423 Pax.
