5150 6534
283 5619 499 5817 h

537 843 613 920 soa
1042 843 1405 941 irrorari

537 1034 754 1127 ignorantem
784 1053 896 1127 neque
927 1028 1066 1104 inducas
1099 1051 1163 1103 nos
1195 1031 1231 1102 in
1261 1032 1495 1120 tentationem,
1528 1053 1615 1127 quae
1648 1032 1745 1104 vires
1778 1039 1913 1105 nostras

536 1159 674 1244 superet
699 1157 734 1221 et
759 1146 923 1220 excedat:
950 1146 1012 1219 sed
1037 1145 1145 1220 libera
1169 1168 1234 1220 nos
1252 1146 1390 1235 amalo,
1415 1148 1471 1242 qui
1497 1169 1706 1243 quacumque
1732 1144 1818 1220 bora
1847 1170 1913 1219 an-

534 1262 625 1336 belat
650 1266 831 1361 perniciem
855 1273 1021 1359 nostram3
1055 1265 1132 1359 quta·
1158 1272 1248 1335 tunm
1274 1271 1328 1335 est
1353 1284 1494 1355 regnum
1520 1270 1556 1336 et
1586 1272 1643 1336 tua
1676 1270 1731 1336 est
1756 1265 1912 1353 ιίοῑοήι,

536 1378 703 1454 adversus
729 1400 872 1472 ragnum
898 1376 986 1474 quod
1012 1380 1140 1472 cogitat
1166 1377 1209 1450 de
1234 1377 1414 1473 perdendis
1439 1376 1515 1450 liliis
1541 1379 1639 1471 regni
1664 1381 1722 1452 tui.
1762 1376 1910 1452 Rursum

536 1498 637 1566 etiam
662 1517 684 1567 e
709 1517 817 1587 regno
844 1504 900 1566 tuo
926 1502 1065 1566 contere
1091 1503 1127 1566 et
1157 1492 1315 1590 disperde
1340 1496 1481 1568 virtutm
1507 1495 1658 1569 inimices
1683 1516 1772 1590 quae
1799 1494 1911 1567 sitiunt

536 1614 733 1704 sangninem
766 1609 972 1684 adorantium
1004 1620 1056 1682 te:
1094 1633 1156 1706 per
1193 1613 1350 1684 virmtem
1385 1620 1473 1684 tnam
1508 1609 1629 1684 iontem
1664 1632 1726 1684 aas
1758 1611 1849 1702 ejice
1878 1617 1911 1682 et

536 1726 679 1823 dissipa:
704 1736 741 1798 ot
767 1726 808 1798 ad
835 1725 978 1820 gloriam
1006 1738 1093 1799 tuam
1120 1725 1278 1823 hymnum
1302 1749 1432 1822 purum,
1458 1736 1585 1800 casum
1610 1736 1646 1800 et
1671 1729 1843 1804 sincerum
1868 1724 1907 1800 ab

536 1845 628 1916 omni
651 1842 741 1932 labe,
768 1842 945 1915 alienamus
971 1839 1043 1931 tibi,
1070 1850 1104 1915 et
1134 1844 1305 1936 unigenito
1337 1841 1424 1917 Filio
1450 1852 1523 1931 tuo,
1556 1852 1592 1915 et
1620 1842 1759 1939 Spiritui
1793 1851 1908 1916 suumn

535 1967 602 2030 luo.
847 2014 857 2032 .

640 2074 802 2168 Populus.
853 2076 974 2148 Amen.

639 2189 824 2262 Sacerdos.
876 2192 961 2264 Pax.

639 2306 828 2378 Diaconos.
879 2309 979 2381 Ante.

641 2422 804 2517 Populos.
858 2420 981 2497 Coram
1008 2434 1052 2496 te.

640 2540 825 2613 Sacerdos.
862 2541 985 2615 Coram
1013 2554 1046 2615 te
1071 2544 1215 2618 Domine
1240 2540 1399 2612 inclinant
1424 2540 1517 2612 servi
1541 2540 1589 2611 tni
1614 2538 1717 2612 cotta
1732 2561 1807 2626 sna,
1834 2541 1906 2633 quia

539 2667 719 2753 expectant
745 2655 868 2731 donum
893 2657 1052 2731 coeleste.
1088 2660 1141 2732 Tu
1167 2666 1276 2730 nomm
1302 2654 1392 2728 bone
1419 2656 1474 2749 qui
1500 2655 1617 2750 plenus
1644 2676 1683 2726 es
1710 2657 1906 2730 misen‘cor-

540 2774 604 2861 dia,
631 2773 790 2868 solusque
816 2772 1001 2867 benignus,
1034 2772 1157 2847 exaudi
1184 2776 1250 2846 cito
1277 2759 1398 2868 preces
1424 2770 1574 2859 illorum,
1607 2779 1642 2842 et
1672 2792 1806 2845 corona
1836 2771 1906 2846 illos

540 2911 667 2962 corona
693 2889 825 2982 gloriae
851 2888 1150 2963 immarcescibilis:
1177 2888 1305 2962 illustra
1330 2896 1460 2961 mentes
1480 2898 1514 2959 et
1535 2888 1663 2959 animos
1690 2907 1811 2960 eornm
1835 2886 1907 2961 luce

541 3008 700 3079 scientiae
726 3015 814 3093 tuae,
841 3015 875 3080 et
900 3005 943 3078 da
969 3007 1033 3080 illis
1060 3010 1160 3080 etiam
1185 3017 1221 3078 ut
1247 3014 1434 3098 agnoscant
1457 3007 1666 3097 majestatem
1690 3002 1853 3078 latentem
1875 3007 1908 3078 in

539 3120 666 3193 Sancto
692 3120 888 3194 Sanctorum
916 3132 983 3196 tuo.
1047 3121 1100 3194 Ne
1125 3125 1160 3195 in
1185 3121 1268 3195 bora
1295 3122 1507 3193 convenienti
1532 3116 1744 3192 subtrabatur
1775 3119 1821 3194 ab
1847 3118 1908 3194 illis

539 3237 643 3328 salus,
670 3248 704 3309 et
729 3236 897 3311 mundatio
924 3240 1105 3311 animarum
1131 3238 1273 3312 illorum.
1325 3237 1468 3332 Suscipe
1494 3258 1514 3309 a
1540 3233 1638 3308 nobis
1672 3234 1813 3330 infirmis
1843 3236 1908 3310 da·

538 3354 751 3449 precationes
778 3355 859 3427 istas
887 3378 969 3451 quas
996 3377 1058 3451 pro
1085 3353 1149 3428 illis
1181 3354 1245 3426 boc
1272 3361 1422 3450 tempore
1448 3351 1615 3425 olierimus
1641 3349 1711 3423 tibi.
1764 3350 1822 3425 Da
1846 3351 1907 3426 illis

540 3471 639 3539 etiam
673 3478 710 3539 ut
740 3491 824 3564 pure
857 3481 891 3542 et
922 3470 1050 3566 absque
1083 3470 1213 3543 macula
1250 3469 1492 3542 communicent
1523 3470 1657 3563 corpori
1688 3478 1724 3541 et
1756 3472 1907 3561 sangnini

541 3583 663 3658 Christi
687 3586 753 3657 Dei
779 3585 966 3659 Salvatoris
1001 3596 1035 3659 et
1061 3587 1278 3660 vivificatoris
1305 3588 1426 3671 nostri,
1462 3581 1550 3678 quod
1575 3592 1726 3656 tenemus
1751 3593 1906 3680 tanquam

540 3702 632 3772 vitae
658 3703 788 3795 pignus,
815 3700 968 3773 fiduciam
994 3699 1153 3776 babentes
1186 3702 1274 3799 qnod
1307 3699 1393 3773 illias
1425 3701 1675 3796 participatione
1700 3698 1906 3796 depellentur

539 3817 727 3910 iniquitates
761 3827 795 3887 et
832 3819 1039 3913 insipientiae
1070 3815 1224 3890 nostrae:
1259 3816 1415 3913 quodque
1448 3814 1542 3889 velut
1571 3818 1745 3888 materiam
1776 3814 1907 3904 fluxam,

542 3931 664 4003 ardore
696 3953 757 4003 suo
794 3954 851 4003 eas
885 3921 1057 4006 consumet
1096 3944 1130 4005 et
1169 3937 1317 4027 rejiciet3
1358 3936 1552 4027 animasque
1589 3942 1743 4019 nostras,
1782 3935 1907 4005 tristiu'a

542 4045 701 4119 obsessas
728 4044 941 4121 inflammabit
968 4072 1083 4122 amore
1122 4053 1264 4121 nominis
1291 4052 1349 4137 tui,
1375 4045 1582 4144 replebitque
1616 4046 1690 4120 illas
1724 4047 1851 4140 gaudio
1876 4057 1908 4119 et

542 4162 756 4235 exultatione.
812 4165 862 4235 Da
895 4164 992 4237 nobis
1026 4169 1124 4237 etiarn
1157 4188 1244 4237 nunc
1277 4175 1312 4237 ut
1339 4162 1511 4237 oculorum
1543 4166 1649 4236 aciem
1680 4162 1837 4237 levemus
1868 4162 1909 4237 ad

542 4277 693 4351 sublimia
719 4287 789 4370 tua,
816 4289 849 4351 et
876 4302 1099 4373 agnoscamus
1127 4303 1274 4353 amorem
1300 4292 1391 4353 tuum
1417 4262 1503 4371 erga
1525 4301 1590 4353 nos
1615 4279 1781 4369 homines,
1807 4283 1908 4352 inex·

541 4392 742 4490 plicabilem,
768 4396 1035 4487 inenarrabilem,
1062 4408 1097 4469 et
1121 4397 1292 4485 inlinitum,
1319 4398 1599 4491 omnipotentem,
1633 4395 1816 4475 adomnia
1841 4417 1907 4467 ex-

541 4520 688 4584 tensum:
724 4510 942 4607 omnibusque
977 4511 1203 4586 sublimiorem
1233 4512 1411 4584 Dominum
1447 4514 1607 4599 omniurn,
1646 4521 1682 4584 et
1714 4521 1909 4604 regnantem

542 4648 643 4722 super
670 4629 791 4718 omnia,
817 4637 852 4699 ut
879 4630 910 4698 ei
936 4650 1024 4701 nnnc
1059 4638 1094 4700 et
1126 4651 1332 4726 quacumque
1366 4626 1449 4700 bora
1480 4630 1607 4719 gratias
1642 4650 1807 4719 agamus,
1841 4626 1909 4722 bp-

541 4764 704 4835 mnosque
730 4742 955 4816 indesinenter
981 4744 1159 4819 oderamus
1186 4743 1256 4832 tibi,
1282 4746 1376 4817 Deus
1401 4744 1513 4833 Pater,
1539 4748 1709 4838 unigenito
1727 4744 1816 4818 Filio
1842 4754 1910 4831 mo,

543 4868 577 4929 et
603 4856 740 4954 Spiritui
766 4868 882 4931 sancto
909 4870 977 4934 tuo.

546 5020 549 5025 2
646 4971 807 5067 Populos.
859 4975 978 5049 Amen.

647 5087 832 5162 Sacerdos.
884 5092 969 5163 Pax.

648 5202 810 5297 Populos.
861 5205 1003 5280 Etcum
1030 5208 1145 5303 spiritu
1169 5217 1238 5282 tuo.

545 5355 548 5364 ·
647 5318 831 5421 Sacerdos.
883 5320 1138 5397 Misericordiae
1163 5323 1230 5396 Dei
1254 5325 1329 5397 sint
1474 5401 1479 5405 ,
