5150 6534
619 844 697 918 206
1122 835 1540 913 ututtttt

619 1026 688 1101 Sed
714 1028 749 1097 iu
774 1024 991 1117 benignitate,
1017 1026 1147 1117 gratia,
1175 1029 1208 1092 et
1233 1019 1485 1113 longanimitate
1510 1029 1584 1106 tua,
1612 1022 1761 1092 animum
1780 1018 1993 1105 confirmem,

618 1143 776 1238 Spiritum
803 1150 893 1213 mum
920 1150 1068 1214 sanctum
1095 1148 1188 1234 peto,
1213 1147 1249 1207 ut
1273 1138 1385 1208 mittas
1412 1158 1488 1208 eum
1514 1155 1618 1231 super
1641 1155 1714 1222 me,
1741 1143 1777 1207 et
1801 1156 1907 1231 super
1922 1131 1992 1207 >bas

618 1256 806 1331 oblationes
832 1258 1038 1351 propositas,
1064 1251 1288 1350 populumque
1313 1261 1403 1323 tuum
1429 1249 1570 1323 lidelem.

723 1371 908 1445 Sacerdos.
960 1368 1093 1441 Exaudi
1122 1391 1189 1453 me,
1215 1367 1370 1439 Domine.

724 1486 884 1580 Popadns.
937 1485 1043 1582 Kyrie
1070 1483 1214 1569 eleison,
1241 1481 1348 1578 llyrie
1374 1480 1520 1569 eleison,
1545 1479 1653 1575 Kyria
1679 1480 1818 1553 eleison

724 1600 909 1672 Sacerdos.
961 1598 1029 1671 Per
1057 1595 1073 1632 ⁴
1099 1596 1250 1692 illapsum
1277 1606 1400 1684 autem,
1427 1605 1462 1667 et
1478 1596 1766 1670 obumbraturum
1780 1617 1890 1687 marn,
1918 1594 1992 1667 efl-

618 1723 684 1791 ciat
710 1739 830 1814 panem
857 1714 989 1811 quidem
1014 1718 1113 1786 istum
1139 1719 1160 1795 †
1186 1733 1309 1807 corpus
1336 1714 1453 1783 vivum
1479 1720 1514 1782 et
1538 1714 1642 1783 vitam
1666 1713 1992 1806 praestsnsauima-

618 1831 687 1904 bus
708 1834 855 1921 nostris,
889 1837 1060 1925 †corpus
1087 1825 1250 1915 salutare,
1283 1832 1305 1909 †
1338 1847 1460 1921 corpus
1494 1826 1662 1900 coeleste:
1698 1848 1824 1921 corpus
1855 1825 1993 1901 nives

621 1950 748 2020 animas
781 1957 815 2018 et
850 1967 995 2041 corpora
1029 1952 1163 2031 nostra,
1197 1962 1321 2036 corpus
1348 1943 1483 2014 Domini
1507 1943 1574 2014 Dei
1607 1951 1642 2013 et
1667 1941 1857 2014 &bacris
1888 1944 1994 2015 metri

619 2064 701 2135 lesu
728 2060 869 2147 Christi,
897 2060 939 2133 ad
966 2062 1196 2131 remissionem
1223 2066 1457 2152 peccatorum,
1494 2066 1528 2128 et
1561 2061 1665 2130 vitam
1692 2066 1880 2145 asum,
1915 2054 1993 2129 ilhd

619 2176 884 2273 suscipientibus.
1334 2188 1339 2197 ¹

723 2292 885 2386 Populus.
939 2292 1059 2364 Amen.

724 2406 909 2479 Sacerdos.
962 2404 1006 2476 Et
1031 2408 1159 2476 mistum
1187 2402 1276 2497 quod
1304 2405 1337 2473 in
1363 2401 1427 2475 boc
1453 2401 1560 2473 calice
1586 2411 1639 2476 est
1663 2404 1783 2479 efficiat
1805 2411 1826 2487 †
1852 2408 1993 2497 sangui-

619 2547 697 2596 nem
723 2527 838 2594 vivum
865 2530 900 2591 et
926 2522 1028 2592 vitam
1054 2528 1230 2614 praestans
1258 2516 1430 2591 animabus
1455 2528 1604 2589 noenum
1632 2521 1787 2607 omnium,
1810 2522 1991 2611 †sungni-

620 2661 697 2709 nem
724 2637 916 2724 salutarem,
942 2642 963 2716 †
990 2637 1185 2726 sauguinem
1212 2632 1406 2723 coelestem,
1433 2635 1631 2725 sanguinem
1656 2632 1844 2705 sulvaan
1867 2637 1990 2706 animas

621 2764 757 2825 nostras
784 2761 817 2822 et
843 2772 1003 2846 corpora,
1031 2752 1226 2841 sanguinem
1255 2749 1388 2820 Domini
1415 2749 1479 2821 Dei
1507 2758 1541 2820 et
1566 2747 1754 2822 Salvatoris
1778 2728 1888 2821 ausui
1912 2749 1991 2824 lesa

622 2867 761 2958 Christi,
796 2866 838 2938 ad
875 2868 1104 2938 remissionem
1138 2874 1352 2958 peecatorum
1387 2872 1421 2935 et
1451 2866 1557 2935 vitam
1592 2873 1761 2936 aeternam
1798 2885 1841 2936 aa
1880 2867 1991 2937 susci·

620 2984 796 3080 pientibus.
1103 3042 1106 3046 .

727 3097 889 3190 Populos.
942 3096 1062 3166 Amen.

611 3239 613 3242 ’
725 3214 910 3286 Sacerdos.
970 3208 1160 3283 Secundum
1202 3220 1312 3282 autem
1353 3208 1561 3281 traditionem
1600 3218 1636 3279 et
1675 3208 1990 3283 commendationem

624 3331 770 3402 divinam
796 3350 931 3415 eorum,
964 3330 1020 3419 qui
1047 3336 1255 3419 spectatores
1281 3325 1412 3397 lirerunt
1437 3326 1673 3420 mysteriorum
1697 3334 1849 3415 morum,
1877 3335 1913 3397 et
1935 3327 1990 3397 in-

621 3456 788 3541 terpretes
815 3440 1012 3514 mirabilium
1043 3448 1190 3525 tuorum,
1223 3438 1466 3512 Eucharistiam
1499 3438 1584 3510 banc
1616 3439 1785 3511 oderimus
1815 3450 1990 3512 coram-te

622 3561 776 3645 Domine,
805 3568 839 3628 et
864 3579 925 3652 per
953 3577 1026 3624 eam
1054 3575 1351 3626 commemoramus
1378 3559 1549 3627 cariatem
1576 3565 1665 3626 tuam
1691 3576 1775 3646 erga
1800 3576 1883 3645 uos,
1915 3557 1992 3629 uni·

621 3695 826 3767 versamque
854 3671 1134 3764 dispensationem
1160 3672 1319 3760 unigeniti
1347 3673 1392 3741 tui
1419 3674 1452 3741 in
1484 3668 1548 3742 ltoc
1583 3665 1724 3757 mundo,
1759 3678 1795 3739 ut
1826 3679 1863 3741 tu
1896 3674 1991 3743 etiam

622 3787 815 3859 recorderis
842 3808 904 3881 per
931 3805 1023 3870 eam,
1056 3784 1303 3855 misericordiae
1330 3782 1388 3855 tibi
1415 3788 1615 3877 congenitae
1641 3792 1676 3855 et
1700 3783 1878 3874 naturalis,
1910 3807 1993 3880 quae

587 3914 591 3924 ’
621 3903 704 3975 bura
733 3920 939 3996 quacumque
966 3919 1067 3993 super
1093 3909 1262 3970 creaturas
1291 3908 1364 3971 tuas
1392 3899 1597 3985 diffunditur,
1631 3909 1666 3970 et
1699 3921 1762 3973 nos
1793 3901 1920 3995 eripias
1951 3898 1991 3972 ab

622 4023 672 4089 ira
700 4019 819 4110 iniquis
847 4023 1035 4099 reseruata,
1062 4023 1096 4083 et
1122 4035 1141 4083 a
1168 4013 1338 4109 suppliciis
1365 4018 1571 4108 operantium
1597 4016 1784 4110 nequitiam,
1812 4024 1846 4086 et
1872 4036 1993 4087 acru-

623 4132 689 4203 deli
719 4132 966 4225 impugnatione
999 4127 1214 4216 daemonum,
1249 4133 1305 4222 qui
1340 4139 1533 4225 oppugnant
1568 4134 1696 4203 animas
1726 4138 1881 4220 nocuas,
1920 4154 1993 4203 cum

622 4247 697 4318 hiuc
725 4245 907 4316 exibimus:
934 4264 1063 4337 nosque
1083 4244 1202 4335 dignus
1221 4243 1344 4316 efficias
1365 4267 1472 4336 reguo
1498 4257 1565 4332 tuo,
1593 4255 1627 4316 et
1646 4243 1842 4319 habitaculis
1867 4267 1992 4333 eornm,

625 4364 680 4456 qui
707 4368 931 4432 servaverunt
956 4367 1136 4453 praecepta
1164 4370 1236 4444 tua,
1271 4370 1305 4430 et
1331 4360 1517 4432 referemus
1544 4359 1602 4432 tibi
1628 4361 1770 4452 gloriam
1795 4369 1831 4431 et
1862 4365 1993 4452 gratia-

623 4498 695 4546 rum
723 4477 906 4562 actionem,
933 4481 996 4545 etc.

728 4590 889 4683 Poptdus.
941 4589 1061 4661 Amen.
1096 4657 1099 4662 ⁴

728 4704 904 4776 Sacerdos
931 4704 1122 4774 inclinatus.
1175 4702 1299 4778 Verbis
1327 4708 1389 4777 tuis
1416 4727 1483 4777 non
1511 4706 1742 4796 mendacibus,
1770 4706 1995 4799 doctrinisque

625 4822 854 4892 veracissimis
889 4822 953 4890 tuis
989 4820 1102 4892 dixisti
1128 4819 1289 4909 Domine,
1322 4825 1501 4892 maximum
1532 4844 1611 4893 esse
1642 4820 1799 4913 gaudium
1829 4822 1865 4893 in
1897 4820 1995 4893 coelo

626 4946 660 5007 et
685 4940 718 5007 iu
746 4946 835 5007 terra
863 4957 965 5031 super
990 4958 1057 5008 uno
1085 4944 1266 5030 peccatore
1292 4939 1527 5030 poenitentiam
1554 4949 1687 5028 agente
1725 4936 1872 5010 Laetare
1897 4939 2000 5029 igitur

624 5073 712 5123 nunc
738 5052 903 5140 Domine,
931 5054 965 5122 in
992 5053 1217 5122 conversione
1232 5069 1419 5124 ‘servorum
1455 5063 1602 5142 tuorum,
1638 5054 1693 5147 qui
1726 5072 1844 5124 coram
1876 5060 1911 5124 te
1944 5049 2003 5121 bic

627 5168 832 5254 consistunt3
859 5165 1004 5260 adjunge
1031 5169 1130 5239 etiam
1167 5167 1405 5239 exultationem
1438 5166 1481 5237 de
1512 5166 1628 5254 uobis,
1660 5167 1834 5241 animabus
1868 5169 1997 5262 piorum

628 5291 662 5352 et
699 5283 888 5372 justorum,
928 5281 1083 5372 Petrum,
1121 5280 1408 5371 Patriarcbarum,
1446 5281 1703 5377 Propbetanrm,
1726 5280 1994 5378 Apostolum
