<?xml version="1.0" encoding="UTF-8"?>
<!DOCTYPE html PUBLIC "-//W3C//DTD XHTML 1.0 Transitional//EN"
    "http://www.w3.org/TR/xhtml1/DTD/xhtml1-transitional.dtd">
<html xmlns="http://www.w3.org/1999/xhtml" xml:lang="en" lang="en">
 <head>
  <title>
</title>
<meta http-equiv="Content-Type" content="text/html;charset=utf-8" />
  <meta name='ocr-system' content='tesseract 3.04.00' />
  <meta name='ocr-capabilities' content='ocr_page ocr_carea ocr_par ocr_line ocrx_word'/>
</head>
<body>
  <div class='ocr_page' id='page_1' title='image "./liturgiarumorie00renagoog_0423.png"; bbox 0 0 5150 6534; ppageno 0'>
   <div class='ocr_carea' id='block_1_1' title="bbox 996 866 1970 946">
    <p class='ocr_par' dir='ltr' id='par_1_1' title="bbox 996 866 1970 946">
     <span class='ocr_line' id='line_1_1' title="bbox 996 866 1970 946; baseline -0.001 -1"><span class='ocrx_word' id='word_1_1' title='bbox 996 868 1179 946; x_wconf 79' lang='lat' dir='ltr'><strong><em>urrunnu</em></strong></span> <span class='ocrx_word' id='word_1_2' title='bbox 1218 866 1575 945; x_wconf 80' lang='lat' dir='ltr'><strong><em>ttuuluuuuusts.</em></strong></span> <span class='ocrx_word' id='word_1_3' title='bbox 1896 870 1970 944; x_wconf 88' lang='grc'><strong><em>385</em></strong></span> 
     </span>
    </p>
   </div>
   <div class='ocr_carea' id='block_1_2' title="bbox 600 1056 2053 5435">
    <p class='ocr_par' dir='ltr' id='par_1_2' title="bbox 601 1056 1971 1267">
     <span class='ocr_line' id='line_1_2' title="bbox 602 1056 1971 1152; baseline -0.003 -23"><span class='ocrx_word' id='word_1_4' title='bbox 602 1060 701 1129; x_wconf 90' lang='lat' dir='ltr'><strong><em>etiam</em></strong></span> <span class='ocrx_word' id='word_1_5' title='bbox 727 1079 826 1145; x_wconf 73' lang='lat' dir='ltr'><strong><em>nunc,</em></strong></span> <span class='ocrx_word' id='word_1_6' title='bbox 853 1059 1033 1151; x_wconf 86' lang='lat' dir='ltr'><strong><em>veniatque</em></strong></span> <span class='ocrx_word' id='word_1_7' title='bbox 1060 1064 1093 1126; x_wconf 84' lang='lat' dir='ltr'><strong><em>et</em></strong></span> <span class='ocrx_word' id='word_1_8' title='bbox 1118 1058 1307 1150; x_wconf 87' lang='lat' dir='ltr'><strong><em>requiescat</em></strong></span> <span class='ocrx_word' id='word_1_9' title='bbox 1326 1077 1426 1151; x_wconf 89' lang='lat' dir='ltr'><strong><em>super</em></strong></span> <span class='ocrx_word' id='word_1_10' title='bbox 1447 1077 1523 1143; x_wconf 80' lang='lat' dir='ltr'><strong><em>nos,</em></strong></span> <span class='ocrx_word' id='word_1_11' title='bbox 1550 1066 1584 1127; x_wconf 91' lang='lat' dir='ltr'><strong><em>et</em></strong></span> <span class='ocrx_word' id='word_1_12' title='bbox 1605 1056 1788 1128; x_wconf 86' lang='lat' dir='ltr'><strong><em>sanctificet</em></strong></span> <span class='ocrx_word' id='word_1_13' title='bbox 1811 1058 1971 1152; x_wconf 78' lang='lat' dir='ltr'><strong><em>mysteria</em></strong></span> 
     </span>
     <span class='ocr_line' id='line_1_3' title="bbox 601 1171 1093 1267; baseline -0.002 -23"><span class='ocrx_word' id='word_1_14' title='bbox 601 1171 698 1262; x_wconf 69' lang='lat' dir='ltr'><strong><em>haec,</em></strong></span> <span class='ocrx_word' id='word_1_15' title='bbox 726 1183 826 1266; x_wconf 88' lang='lat' dir='ltr'><strong><em>atque</em></strong></span> <span class='ocrx_word' id='word_1_16' title='bbox 852 1171 907 1244; x_wconf 88' lang='lat' dir='ltr'><strong><em>illa</em></strong></span> <span class='ocrx_word' id='word_1_17' title='bbox 934 1172 1093 1267; x_wconf 87' lang='lat' dir='ltr'><strong><em>perficiat.</em></strong></span> 
     </span>
    </p>

    <p class='ocr_par' dir='ltr' id='par_1_3' title="bbox 706 1287 1035 1380">
     <span class='ocr_line' id='line_1_4' title="bbox 706 1287 1035 1380; baseline -0.003 -22"><span class='ocrx_word' id='word_1_18' title='bbox 706 1288 867 1380; x_wconf 87' lang='lat' dir='ltr'><strong><em>Populus.</em></strong></span> <span class='ocrx_word' id='word_1_19' title='bbox 923 1287 1035 1358; x_wconf 90' lang='lat' dir='ltr'><strong><em>Orate.</em></strong></span> 
     </span>
    </p>

    <p class='ocr_par' dir='ltr' id='par_1_4' title="bbox 705 1401 1166 1474">
     <span class='ocr_line' id='line_1_5' title="bbox 705 1401 1166 1474; baseline -0.004 -1"><span class='ocrx_word' id='word_1_20' title='bbox 705 1403 891 1474; x_wconf 76' lang='lat' dir='ltr'><strong><em>Sacerdos.</em></strong></span> <span class='ocrx_word' id='word_1_21' title='bbox 945 1401 1076 1473; x_wconf 82' lang='lat' dir='ltr'><strong>Exaudi</strong></span> <span class='ocrx_word' id='word_1_22' title='bbox 1104 1425 1166 1474; x_wconf 89' lang='lat' dir='ltr'><strong><em>me.</em></strong></span> 
     </span>
    </p>

    <p class='ocr_par' dir='ltr' id='par_1_5' title="bbox 704 1518 1286 1614">
     <span class='ocr_line' id='line_1_6' title="bbox 704 1518 1286 1614; baseline -0.003 -27"><span class='ocrx_word' id='word_1_23' title='bbox 704 1519 864 1612; x_wconf 87' lang='lat' dir='ltr'><strong><em>Populus.</em></strong></span> <span class='ocrx_word' id='word_1_24' title='bbox 918 1519 1023 1614; x_wconf 77' lang='lat' dir='ltr'><strong><em>Kprie</em></strong></span> <span class='ocrx_word' id='word_1_25' title='bbox 1051 1518 1196 1604; x_wconf 62' lang='lat' dir='ltr'><strong><em>eleison,</em></strong></span> <span class='ocrx_word' id='word_1_26' title='bbox 1224 1523 1286 1586; x_wconf 84' lang='lat' dir='ltr'><strong><em>ler.</em></strong></span> 
     </span>
    </p>

    <p class='ocr_par' dir='ltr' id='par_1_6' title="bbox 601 1632 1973 1940">
     <span class='ocr_line' id='line_1_7' title="bbox 705 1632 1973 1725; baseline -0.003 -19"><span class='ocrx_word' id='word_1_27' title='bbox 705 1634 881 1706; x_wconf 85' lang='lat' dir='ltr'><strong><em>Sacerdos</em></strong></span> <span class='ocrx_word' id='word_1_28' title='bbox 908 1636 1044 1705; x_wconf 71' lang='lat' dir='ltr'><strong><em>elevans</em></strong></span> <span class='ocrx_word' id='word_1_29' title='bbox 1070 1657 1194 1704; x_wconf 81' lang='lat' dir='ltr'><strong><em>carent.</em></strong></span> <span class='ocrx_word' id='word_1_30' title='bbox 1247 1634 1459 1725; x_wconf 81' lang='lat' dir='ltr'><strong><em>Largitorcm</em></strong></span> <span class='ocrx_word' id='word_1_31' title='bbox 1486 1632 1575 1704; x_wconf 90' lang='lat' dir='ltr'><strong><em>illurn</em></strong></span> <span class='ocrx_word' id='word_1_32' title='bbox 1602 1634 1741 1704; x_wconf 91' lang='lat' dir='ltr'><strong><em>bonum:</em></strong></span> <span class='ocrx_word' id='word_1_33' title='bbox 1769 1642 1805 1703; x_wconf 90' lang='lat' dir='ltr'><strong><em>ut</em></strong></span> <span class='ocrx_word' id='word_1_34' title='bbox 1820 1632 1973 1719; x_wconf 59' lang='lat' dir='ltr'><strong><em>illabens</em></strong></span> 
     </span>
     <span class='ocr_line' id='line_1_8' title="bbox 601 1747 1972 1846; baseline -0.001 -25"><span class='ocrx_word' id='word_1_35' title='bbox 601 1749 702 1822; x_wconf 86' lang='lat' dir='ltr'><strong><em>iaciat</em></strong></span> <span class='ocrx_word' id='word_1_36' title='bbox 728 1774 848 1846; x_wconf 92' lang='lat' dir='ltr'><strong><em>panem</em></strong></span> <span class='ocrx_word' id='word_1_37' title='bbox 875 1754 985 1840; x_wconf 71' lang='lat' dir='ltr'><strong><em>istum,</em></strong></span> <span class='ocrx_word' id='word_1_38' title='bbox 1012 1761 1045 1822; x_wconf 93' lang='lat' dir='ltr'><strong><em>et</em></strong></span> <span class='ocrx_word' id='word_1_39' title='bbox 1071 1754 1183 1822; x_wconf 84' lang='lat' dir='ltr'><strong><em>vinum</em></strong></span> <span class='ocrx_word' id='word_1_40' title='bbox 1211 1749 1309 1837; x_wconf 71' lang='lat' dir='ltr'><strong><em>istud,</em></strong></span> <span class='ocrx_word' id='word_1_41' title='bbox 1337 1771 1458 1843; x_wconf 91' lang='lat' dir='ltr'><strong><em>corpus</em></strong></span> <span class='ocrx_word' id='word_1_42' title='bbox 1486 1759 1519 1819; x_wconf 90' lang='lat' dir='ltr'><strong><em>et</em></strong></span> <span class='ocrx_word' id='word_1_43' title='bbox 1545 1753 1742 1841; x_wconf 85' lang='lat' dir='ltr'><strong><em>sangninem</em></strong></span> <span class='ocrx_word' id='word_1_44' title='bbox 1764 1747 1885 1820; x_wconf 80' lang='lat' dir='ltr'><strong>Christi</strong></span> <span class='ocrx_word' id='word_1_45' title='bbox 1908 1749 1972 1820; x_wconf 92' lang='lat' dir='ltr'><strong><em>Dei</em></strong></span> 
     </span>
     <span class='ocr_line' id='line_1_9' title="bbox 602 1870 718 1940; baseline -0.009 -2"><span class='ocrx_word' id='word_1_46' title='bbox 602 1870 718 1940; x_wconf 78' lang='lat' dir='ltr'>nostri.</span> 
     </span>
    </p>

    <p class='ocr_par' dir='ltr' id='par_1_7' title="bbox 707 1983 1041 2075">
     <span class='ocr_line' id='line_1_10' title="bbox 707 1983 1041 2075; baseline 0 -24"><span class='ocrx_word' id='word_1_47' title='bbox 707 1983 868 2075; x_wconf 83' lang='lat' dir='ltr'><strong><em>Populus.</em></strong></span> <span class='ocrx_word' id='word_1_48' title='bbox 923 1983 1041 2054; x_wconf 84' lang='lat' dir='ltr'><strong><em>Amen.</em></strong></span> 
     </span>
    </p>

    <p class='ocr_par' dir='ltr' id='par_1_8' title="bbox 602 2093 1972 2420">
     <span class='ocr_line' id='line_1_11' title="bbox 706 2093 1972 2192; baseline -0.002 -23"><span class='ocrx_word' id='word_1_49' title='bbox 706 2098 890 2169; x_wconf 76' lang='lat' dir='ltr'><strong><em>Sacerdos.</em></strong></span> <span class='ocrx_word' id='word_1_50' title='bbox 944 2095 1101 2168; x_wconf 90' lang='lat' dir='ltr'><strong><em>Feliciter</em></strong></span> <span class='ocrx_word' id='word_1_51' title='bbox 1126 2120 1188 2191; x_wconf 94' lang='lat' dir='ltr'><strong><em>per</em></strong></span> <span class='ocrx_word' id='word_1_52' title='bbox 1223 2118 1397 2169; x_wconf 87' lang='lat' dir='ltr'><strong><em>accessum</em></strong></span> <span class='ocrx_word' id='word_1_53' title='bbox 1430 2093 1582 2165; x_wconf 86' lang='lat' dir='ltr'><strong><em>adhaec</em></strong></span> <span class='ocrx_word' id='word_1_54' title='bbox 1610 2105 1833 2181; x_wconf 82' lang='lat' dir='ltr'><strong><em>sacramenta,</em></strong></span> <span class='ocrx_word' id='word_1_55' title='bbox 1861 2101 1972 2192; x_wconf 89' lang='lat' dir='ltr'><strong><em>parti-</em></strong></span> 
     </span>
     <span class='ocr_line' id='line_1_12' title="bbox 602 2209 1972 2309; baseline -0.001 -24"><span class='ocrx_word' id='word_1_56' title='bbox 602 2218 696 2309; x_wconf 86' lang='lat' dir='ltr'>cipes</span> <span class='ocrx_word' id='word_1_57' title='bbox 724 2216 769 2285; x_wconf 90' lang='lat' dir='ltr'><strong><em>tui</em></strong></span> <span class='ocrx_word' id='word_1_58' title='bbox 797 2214 987 2302; x_wconf 83' lang='lat' dir='ltr'><strong><em>efficiamur,</em></strong></span> <span class='ocrx_word' id='word_1_59' title='bbox 1015 2223 1048 2283; x_wconf 89' lang='lat' dir='ltr'><strong><em>et</em></strong></span> <span class='ocrx_word' id='word_1_60' title='bbox 1076 2235 1148 2283; x_wconf 90' lang='lat' dir='ltr'><strong><em>curn</em></strong></span> <span class='ocrx_word' id='word_1_61' title='bbox 1176 2212 1295 2283; x_wconf 87' lang='lat' dir='ltr'><strong><em>fiducia</em></strong></span> <span class='ocrx_word' id='word_1_62' title='bbox 1324 2236 1342 2281; x_wconf 93' lang='lat' dir='ltr'><strong><em>a</em></strong></span> <span class='ocrx_word' id='word_1_63' title='bbox 1371 2222 1403 2281; x_wconf 89' lang='lat' dir='ltr'><strong><em>te</em></strong></span> <span class='ocrx_word' id='word_1_64' title='bbox 1420 2233 1593 2296; x_wconf 87' lang='lat' dir='ltr'><strong><em>concessa,</em></strong></span> <span class='ocrx_word' id='word_1_65' title='bbox 1621 2209 1752 2305; x_wconf 75' lang='lat' dir='ltr'><strong><em>hpmnis</em></strong></span> <span class='ocrx_word' id='word_1_66' title='bbox 1773 2213 1972 2307; x_wconf 74' lang='lat' dir='ltr'>repleamur,</span> 
     </span>
     <span class='ocr_line' id='line_1_13' title="bbox 602 2328 1329 2420; baseline -0.003 -19"><span class='ocrx_word' id='word_1_67' title='bbox 602 2339 637 2401; x_wconf 90' lang='lat' dir='ltr'><strong><em>et</em></strong></span> <span class='ocrx_word' id='word_1_68' title='bbox 662 2330 848 2402; x_wconf 89' lang='lat' dir='ltr'><strong><em>referamus</em></strong></span> <span class='ocrx_word' id='word_1_69' title='bbox 877 2328 933 2400; x_wconf 86' lang='lat' dir='ltr'><strong><em>tihi</em></strong></span> <span class='ocrx_word' id='word_1_70' title='bbox 961 2328 1103 2420; x_wconf 84' lang='lat' dir='ltr'><strong><em>gloriam</em></strong></span> <span class='ocrx_word' id='word_1_71' title='bbox 1130 2339 1162 2398; x_wconf 90' lang='lat' dir='ltr'><strong><em>et</em></strong></span> <span class='ocrx_word' id='word_1_72' title='bbox 1189 2328 1329 2399; x_wconf 89' lang='lat' dir='ltr'><strong><em>laudem.</em></strong></span> 
     </span>
    </p>

    <p class='ocr_par' dir='ltr' id='par_1_9' title="bbox 706 2447 1041 2540">
     <span class='ocr_line' id='line_1_14' title="bbox 706 2447 1041 2540; baseline -0.006 -24"><span class='ocrx_word' id='word_1_73' title='bbox 706 2447 868 2540; x_wconf 86' lang='lat' dir='ltr'><strong><em>Populus.</em></strong></span> <span class='ocrx_word' id='word_1_74' title='bbox 923 2447 1041 2518; x_wconf 84' lang='lat' dir='ltr'><strong><em>Arnen.</em></strong></span> 
     </span>
    </p>

    <p class='ocr_par' dir='ltr' id='par_1_10' title="bbox 600 2557 1972 3235">
     <span class='ocr_line' id='line_1_15' title="bbox 705 2557 1971 2653; baseline -0.002 -20"><span class='ocrx_word' id='word_1_75' title='bbox 705 2562 881 2633; x_wconf 76' lang='lat' dir='ltr'><strong><em>Sacerdos</em></strong></span> <span class='ocrx_word' id='word_1_76' title='bbox 906 2562 1098 2631; x_wconf 81' lang='lat' dir='ltr'><strong><em>inclinatus.</em></strong></span> <span class='ocrx_word' id='word_1_77' title='bbox 1140 2557 1349 2630; x_wconf 80' lang='lat' dir='ltr'><strong><em>Generaliter</em></strong></span> <span class='ocrx_word' id='word_1_78' title='bbox 1376 2558 1418 2629; x_wconf 92' lang='lat' dir='ltr'><strong><em>ad</em></strong></span> <span class='ocrx_word' id='word_1_79' title='bbox 1445 2568 1477 2628; x_wconf 92' lang='lat' dir='ltr'><strong><em>te</em></strong></span> <span class='ocrx_word' id='word_1_80' title='bbox 1504 2569 1537 2629; x_wconf 91' lang='lat' dir='ltr'><strong><em>et</em></strong></span> <span class='ocrx_word' id='word_1_81' title='bbox 1565 2580 1625 2653; x_wconf 91' lang='lat' dir='ltr'><strong><em>pcr</em></strong></span> <span class='ocrx_word' id='word_1_82' title='bbox 1653 2568 1703 2644; x_wconf 64' lang='lat' dir='ltr'><strong><em>te,</em></strong></span> <span class='ocrx_word' id='word_1_83' title='bbox 1732 2562 1865 2653; x_wconf 87' lang='lat' dir='ltr'><strong><em>suscipe</em></strong></span> <span class='ocrx_word' id='word_1_84' title='bbox 1891 2558 1971 2630; x_wconf 90' lang='lat' dir='ltr'><strong><em>Do-</em></strong></span> 
     </span>
     <span class='ocr_line' id='line_1_16' title="bbox 601 2674 1971 2770; baseline 0.001 -23"><span class='ocrx_word' id='word_1_85' title='bbox 601 2679 691 2748; x_wconf 87' lang='lat' dir='ltr'><strong><em>mine</em></strong></span> <span class='ocrx_word' id='word_1_86' title='bbox 716 2677 775 2748; x_wconf 92' lang='lat' dir='ltr'><strong><em>has</em></strong></span> <span class='ocrx_word' id='word_1_87' title='bbox 803 2677 1000 2762; x_wconf 77' lang='lat' dir='ltr'><strong><em>oblationes,</em></strong></span> <span class='ocrx_word' id='word_1_88' title='bbox 1029 2697 1111 2770; x_wconf 89' lang='lat' dir='ltr'><strong><em>quas</em></strong></span> <span class='ocrx_word' id='word_1_89' title='bbox 1138 2697 1225 2745; x_wconf 88' lang='lat' dir='ltr'><strong><em>nunc</em></strong></span> <span class='ocrx_word' id='word_1_90' title='bbox 1253 2675 1310 2745; x_wconf 90' lang='lat' dir='ltr'><strong><em>tihi</em></strong></span> <span class='ocrx_word' id='word_1_91' title='bbox 1337 2674 1519 2756; x_wconf 71' lang='lat' dir='ltr'><strong><em>ollerimuS,</em></strong></span> <span class='ocrx_word' id='word_1_92' title='bbox 1546 2677 1578 2743; x_wconf 93' lang='lat' dir='ltr'><strong><em>in</em></strong></span> <span class='ocrx_word' id='word_1_93' title='bbox 1606 2678 1738 2746; x_wconf 90' lang='lat' dir='ltr'><strong><em>nomine</em></strong></span> <span class='ocrx_word' id='word_1_94' title='bbox 1765 2682 1880 2746; x_wconf 89' lang='lat' dir='ltr'><strong><em>sancto</em></strong></span> <span class='ocrx_word' id='word_1_95' title='bbox 1902 2685 1971 2763; x_wconf 76' lang='lat' dir='ltr'><strong><em>tua,</em></strong></span> 
     </span>
     <span class='ocr_line' id='line_1_17' title="bbox 600 2789 1970 2887; baseline -0.001 -25"><span class='ocrx_word' id='word_1_96' title='bbox 600 2815 665 2887; x_wconf 90' lang='lat' dir='ltr'><strong><em>pra</em></strong></span> <span class='ocrx_word' id='word_1_97' title='bbox 691 2791 846 2865; x_wconf 84' lang='lat' dir='ltr'><strong><em>Ecclesia</em></strong></span> <span class='ocrx_word' id='word_1_98' title='bbox 874 2803 928 2864; x_wconf 86' lang='lat' dir='ltr'><strong><em>tua</em></strong></span> <span class='ocrx_word' id='word_1_99' title='bbox 956 2801 1072 2863; x_wconf 90' lang='lat' dir='ltr'><strong><em>sancta</em></strong></span> <span class='ocrx_word' id='word_1_100' title='bbox 1100 2802 1133 2861; x_wconf 89' lang='lat' dir='ltr'><strong><em>et</em></strong></span> <span class='ocrx_word' id='word_1_101' title='bbox 1159 2789 1354 2862; x_wconf 87' lang='lat' dir='ltr'><strong><em>Pastoribus</em></strong></span> <span class='ocrx_word' id='word_1_102' title='bbox 1383 2792 1471 2881; x_wconf 81' lang='lat' dir='ltr'><strong><em>ejus,</em></strong></span> <span class='ocrx_word' id='word_1_103' title='bbox 1499 2811 1562 2883; x_wconf 93' lang='lat' dir='ltr'><strong><em>pro</em></strong></span> <span class='ocrx_word' id='word_1_104' title='bbox 1590 2790 1759 2862; x_wconf 84' lang='lat' dir='ltr'><strong><em>ordinibus</em></strong></span> <span class='ocrx_word' id='word_1_105' title='bbox 1787 2795 1841 2885; x_wconf 87' lang='lat' dir='ltr'><strong><em>qui</em></strong></span> <span class='ocrx_word' id='word_1_106' title='bbox 1869 2793 1901 2860; x_wconf 93' lang='lat' dir='ltr'><strong><em>in</em></strong></span> <span class='ocrx_word' id='word_1_107' title='bbox 1929 2813 1970 2862; x_wconf 90' lang='lat' dir='ltr'><strong><em>ea</em></strong></span> 
     </span>
     <span class='ocr_line' id='line_1_18' title="bbox 600 2904 1972 3004; baseline -0.004 -24"><span class='ocrx_word' id='word_1_108' title='bbox 600 2919 697 2996; x_wconf 81' lang='lat' dir='ltr'><strong><em>sumt,</em></strong></span> <span class='ocrx_word' id='word_1_109' title='bbox 725 2917 757 2979; x_wconf 91' lang='lat' dir='ltr'><strong><em>et</em></strong></span> <span class='ocrx_word' id='word_1_110' title='bbox 783 2931 844 3004; x_wconf 91' lang='lat' dir='ltr'><strong><em>pro</em></strong></span> <span class='ocrx_word' id='word_1_111' title='bbox 872 2931 956 3004; x_wconf 90' lang='lat' dir='ltr'><strong><em>pace</em></strong></span> <span class='ocrx_word' id='word_1_112' title='bbox 984 2912 1069 2978; x_wconf 91' lang='lat' dir='ltr'><strong><em>inter</em></strong></span> <span class='ocrx_word' id='word_1_113' title='bbox 1095 2928 1214 2997; x_wconf 71' lang='lat' dir='ltr'><strong><em>regna,</em></strong></span> <span class='ocrx_word' id='word_1_114' title='bbox 1241 2904 1470 2999; x_wconf 85' lang='lat' dir='ltr'><strong><em>bellorumque</em></strong></span> <span class='ocrx_word' id='word_1_115' title='bbox 1498 2909 1703 2991; x_wconf 86' lang='lat' dir='ltr'><strong><em>cessationo;</em></strong></span> <span class='ocrx_word' id='word_1_116' title='bbox 1738 2929 1799 3000; x_wconf 91' lang='lat' dir='ltr'><strong><em>pro</em></strong></span> <span class='ocrx_word' id='word_1_117' title='bbox 1827 2904 1972 2977; x_wconf 89' lang='lat' dir='ltr'><strong><em>henedi-</em></strong></span> 
     </span>
     <span class='ocr_line' id='line_1_19' title="bbox 601 3022 1971 3120; baseline -0.001 -27"><span class='ocrx_word' id='word_1_118' title='bbox 601 3025 712 3096; x_wconf 86' lang='lat' dir='ltr'><strong><em>ctione</em></strong></span> <span class='ocrx_word' id='word_1_119' title='bbox 738 3047 821 3120; x_wconf 88' lang='lat' dir='ltr'><strong><em>para</em></strong></span> <span class='ocrx_word' id='word_1_120' title='bbox 850 3027 936 3110; x_wconf 85' lang='lat' dir='ltr'><strong><em>anni,</em></strong></span> <span class='ocrx_word' id='word_1_121' title='bbox 963 3046 1025 3118; x_wconf 93' lang='lat' dir='ltr'><strong><em>pro</em></strong></span> <span class='ocrx_word' id='word_1_122' title='bbox 1054 3025 1142 3093; x_wconf 90' lang='lat' dir='ltr'><strong><em>tonui</em></strong></span> <span class='ocrx_word' id='word_1_123' title='bbox 1170 3044 1244 3092; x_wconf 85' lang='lat' dir='ltr'><strong><em>moa</em></strong></span> <span class='ocrx_word' id='word_1_124' title='bbox 1272 3022 1470 3110; x_wconf 78' lang='lat' dir='ltr'><strong><em>infirmitate,</em></strong></span> <span class='ocrx_word' id='word_1_125' title='bbox 1498 3031 1531 3091; x_wconf 89' lang='lat' dir='ltr'><strong><em>et</em></strong></span> <span class='ocrx_word' id='word_1_126' title='bbox 1557 3044 1619 3116; x_wconf 93' lang='lat' dir='ltr'><strong><em>pro</em></strong></span> <span class='ocrx_word' id='word_1_127' title='bbox 1647 3022 1710 3093; x_wconf 85' lang='lat' dir='ltr'><strong><em>illis</em></strong></span> <span class='ocrx_word' id='word_1_128' title='bbox 1740 3026 1794 3117; x_wconf 90' lang='lat' dir='ltr'><strong><em>qui</em></strong></span> <span class='ocrx_word' id='word_1_129' title='bbox 1822 3025 1853 3092; x_wconf 91' lang='lat' dir='ltr'><strong><em>in</em></strong></span> <span class='ocrx_word' id='word_1_130' title='bbox 1882 3045 1971 3115; x_wconf 90' lang='lat' dir='ltr'><strong><em>qua-</em></strong></span> 
     </span>
     <span class='ocr_line' id='line_1_20' title="bbox 601 3143 1211 3235; baseline -0.005 -24"><span class='ocrx_word' id='word_1_131' title='bbox 601 3163 745 3235; x_wconf 89' lang='lat' dir='ltr'><strong><em>cumque</em></strong></span> <span class='ocrx_word' id='word_1_132' title='bbox 771 3143 974 3212; x_wconf 86' lang='lat' dir='ltr'><strong><em>necessitatc</em></strong></span> <span class='ocrx_word' id='word_1_133' title='bbox 1001 3143 1100 3235; x_wconf 89' lang='lat' dir='ltr'><strong><em>positi</em></strong></span> <span class='ocrx_word' id='word_1_134' title='bbox 1128 3149 1211 3209; x_wconf 89' lang='lat' dir='ltr'><strong><em>sunt.</em></strong></span> 
     </span>
    </p>

    <p class='ocr_par' dir='ltr' id='par_1_11' title="bbox 600 3250 1971 3931">
     <span class='ocr_line' id='line_1_21' title="bbox 706 3250 1970 3339; baseline -0.002 -13"><span class='ocrx_word' id='word_1_135' title='bbox 706 3255 882 3327; x_wconf 84' lang='lat' dir='ltr'><strong><em>Sacerdos</em></strong></span> <span class='ocrx_word' id='word_1_136' title='bbox 915 3256 1050 3326; x_wconf 85' lang='lat' dir='ltr'><strong><em>elecous</em></strong></span> <span class='ocrx_word' id='word_1_137' title='bbox 1081 3276 1206 3324; x_wconf 84' lang='lat' dir='ltr'><strong><em>coeenr.</em></strong></span> <span class='ocrx_word' id='word_1_138' title='bbox 1261 3253 1311 3323; x_wconf 78' lang='lat' dir='ltr'><strong><em>&#39;l&#39;e</em></strong></span> <span class='ocrx_word' id='word_1_139' title='bbox 1341 3254 1483 3324; x_wconf 86' lang='lat' dir='ltr'><strong><em>Domine</em></strong></span> <span class='ocrx_word' id='word_1_140' title='bbox 1515 3252 1608 3323; x_wconf 91' lang='lat' dir='ltr'><strong><em>Deus</em></strong></span> <span class='ocrx_word' id='word_1_141' title='bbox 1642 3263 1757 3324; x_wconf 92' lang='lat' dir='ltr'><strong><em>noster</em></strong></span> <span class='ocrx_word' id='word_1_142' title='bbox 1791 3250 1970 3339; x_wconf 87' lang='lat' dir='ltr'><strong><em>adorando,</em></strong></span> 
     </span>
     <span class='ocr_line' id='line_1_22' title="bbox 600 3367 1971 3468; baseline -0.003 -24"><span class='ocrx_word' id='word_1_143' title='bbox 600 3394 773 3465; x_wconf 62' lang='lat' dir='ltr'><strong><em>rogamus</em></strong></span> <span class='ocrx_word' id='word_1_144' title='bbox 801 3377 934 3468; x_wconf 87' lang='lat' dir='ltr'><strong><em>suscipe</em></strong></span> <span class='ocrx_word' id='word_1_145' title='bbox 962 3371 1227 3467; x_wconf 87' lang='lat' dir='ltr'><strong><em>deprecationem</em></strong></span> <span class='ocrx_word' id='word_1_146' title='bbox 1255 3379 1417 3457; x_wconf 85' lang='lat' dir='ltr'><strong><em>nostram,</em></strong></span> <span class='ocrx_word' id='word_1_147' title='bbox 1444 3367 1683 3463; x_wconf 71' lang='lat' dir='ltr'><strong><em>imperfectam,</em></strong></span> <span class='ocrx_word' id='word_1_148' title='bbox 1711 3390 1772 3461; x_wconf 92' lang='lat' dir='ltr'><strong><em>pro</em></strong></span> <span class='ocrx_word' id='word_1_149' title='bbox 1792 3371 1879 3438; x_wconf 92' lang='lat' dir='ltr'><strong><em>omni</em></strong></span> <span class='ocrx_word' id='word_1_150' title='bbox 1901 3392 1971 3464; x_wconf 93' lang='lat' dir='ltr'><strong><em>po-</em></strong></span> 
     </span>
     <span class='ocr_line' id='line_1_23' title="bbox 600 3481 1971 3584; baseline -0.002 -24"><span class='ocrx_word' id='word_1_151' title='bbox 600 3487 680 3584; x_wconf 92' lang='lat' dir='ltr'><strong><em>pulo</em></strong></span> <span class='ocrx_word' id='word_1_152' title='bbox 708 3498 742 3559; x_wconf 87' lang='lat' dir='ltr'><strong><em>et</em></strong></span> <span class='ocrx_word' id='word_1_153' title='bbox 767 3486 972 3559; x_wconf 89' lang='lat' dir='ltr'><strong><em>haereditate</em></strong></span> <span class='ocrx_word' id='word_1_154' title='bbox 998 3488 1054 3559; x_wconf 90' lang='lat' dir='ltr'><strong><em>lilii</em></strong></span> <span class='ocrx_word' id='word_1_155' title='bbox 1081 3490 1141 3558; x_wconf 90' lang='lat' dir='ltr'><strong><em>tui:</em></strong></span> <span class='ocrx_word' id='word_1_156' title='bbox 1177 3489 1268 3557; x_wconf 86' lang='lat' dir='ltr'><strong><em>mitte</em></strong></span> <span class='ocrx_word' id='word_1_157' title='bbox 1295 3483 1392 3558; x_wconf 91' lang='lat' dir='ltr'><strong><em>nohis</em></strong></span> <span class='ocrx_word' id='word_1_158' title='bbox 1420 3495 1452 3556; x_wconf 86' lang='lat' dir='ltr'><strong><em>ct</em></strong></span> <span class='ocrx_word' id='word_1_159' title='bbox 1480 3485 1631 3557; x_wconf 84' lang='lat' dir='ltr'><strong><em>omnibus</em></strong></span> <span class='ocrx_word' id='word_1_160' title='bbox 1660 3481 1810 3553; x_wconf 85' lang='lat' dir='ltr'><strong><em>fidelibus</em></strong></span> <span class='ocrx_word' id='word_1_161' title='bbox 1839 3482 1971 3557; x_wconf 89' lang='lat' dir='ltr'><strong><em>divitias</em></strong></span> 
     </span>
     <span class='ocr_line' id='line_1_24' title="bbox 600 3598 1970 3697; baseline -0.004 -22"><span class='ocrx_word' id='word_1_162' title='bbox 600 3602 680 3676; x_wconf 90' lang='lat' dir='ltr'><strong><em>nulli</em></strong></span> <span class='ocrx_word' id='word_1_163' title='bbox 714 3608 857 3697; x_wconf 86' lang='lat' dir='ltr'><strong><em>egestati</em></strong></span> <span class='ocrx_word' id='word_1_164' title='bbox 891 3603 1077 3692; x_wconf 80' lang='lat' dir='ltr'><strong><em>obnoxias,</em></strong></span> <span class='ocrx_word' id='word_1_165' title='bbox 1118 3625 1288 3674; x_wconf 89' lang='lat' dir='ltr'><strong><em>munorum</em></strong></span> <span class='ocrx_word' id='word_1_166' title='bbox 1327 3613 1454 3673; x_wconf 92' lang='lat' dir='ltr'><strong><em>tucrum</em></strong></span> <span class='ocrx_word' id='word_1_167' title='bbox 1488 3600 1747 3684; x_wconf 78' lang='lat' dir='ltr'><strong><em>laetificandum,</em></strong></span> <span class='ocrx_word' id='word_1_168' title='bbox 1791 3598 1970 3670; x_wconf 88' lang='lat' dir='ltr'><strong><em>secundum</em></strong></span> 
     </span>
     <span class='ocr_line' id='line_1_25' title="bbox 602 3715 1969 3814; baseline -0.001 -25"><span class='ocrx_word' id='word_1_169' title='bbox 602 3723 858 3814; x_wconf 88' lang='lat' dir='ltr'><strong><em>promissionem</em></strong></span> <span class='ocrx_word' id='word_1_170' title='bbox 886 3723 1044 3811; x_wconf 86' lang='lat' dir='ltr'><strong><em>unigeniti</em></strong></span> <span class='ocrx_word' id='word_1_171' title='bbox 1071 3720 1146 3790; x_wconf 89' lang='lat' dir='ltr'><strong><em>Filii</em></strong></span> <span class='ocrx_word' id='word_1_172' title='bbox 1172 3722 1233 3808; x_wconf 75' lang='lat' dir='ltr'><strong><em>tui,</em></strong></span> <span class='ocrx_word' id='word_1_173' title='bbox 1266 3741 1339 3790; x_wconf 83' lang='lat' dir='ltr'><strong><em>cum</em></strong></span> <span class='ocrx_word' id='word_1_174' title='bbox 1368 3740 1433 3811; x_wconf 87' lang='lat' dir='ltr'><strong><em>quo</em></strong></span> <span class='ocrx_word' id='word_1_175' title='bbox 1460 3717 1653 3790; x_wconf 87' lang='lat' dir='ltr'><strong><em>benedictus</em></strong></span> <span class='ocrx_word' id='word_1_176' title='bbox 1682 3739 1738 3803; x_wconf 77' lang='lat' dir='ltr'><strong><em>ee,</em></strong></span> <span class='ocrx_word' id='word_1_177' title='bbox 1772 3715 1868 3785; x_wconf 92' lang='lat' dir='ltr'><strong><em>simul</em></strong></span> <span class='ocrx_word' id='word_1_178' title='bbox 1894 3737 1969 3787; x_wconf 90' lang='lat' dir='ltr'><strong><em>cum</em></strong></span> 
     </span>
     <span class='ocr_line' id='line_1_26' title="bbox 603 3835 1056 3931; baseline -0.002 -25"><span class='ocrx_word' id='word_1_179' title='bbox 603 3835 728 3931; x_wconf 77' lang='lat' dir='ltr'><strong><em>Spiritu</em></strong></span> <span class='ocrx_word' id='word_1_180' title='bbox 755 3846 811 3909; x_wconf 90' lang='lat' dir='ltr'><strong><em>tuo</em></strong></span> <span class='ocrx_word' id='word_1_181' title='bbox 839 3839 1056 3909; x_wconf 87' lang='lat' dir='ltr'><strong><em>sanctissimo.</em></strong></span> 
     </span>
    </p>

    <p class='ocr_par' dir='ltr' id='par_1_12' title="bbox 704 3950 1036 4044">
     <span class='ocr_line' id='line_1_27' title="bbox 704 3950 1036 4044; baseline -0.003 -24"><span class='ocrx_word' id='word_1_182' title='bbox 704 3950 864 4044; x_wconf 83' lang='lat' dir='ltr'><strong><em>Populus.</em></strong></span> <span class='ocrx_word' id='word_1_183' title='bbox 917 3953 1036 4022; x_wconf 86' lang='lat' dir='ltr'><strong><em>Amen.</em></strong></span> 
     </span>
    </p>

    <p class='ocr_par' dir='ltr' id='par_1_13' title="bbox 602 4061 2053 4392">
     <span class='ocr_line' id='line_1_28' title="bbox 643 4061 1971 4149; baseline -0.003 -13"><span class='ocrx_word' id='word_1_184' title='bbox 643 4069 646 4074; x_wconf 83' lang='grc'>’</span> <span class='ocrx_word' id='word_1_185' title='bbox 704 4066 879 4138; x_wconf 88' lang='lat' dir='ltr'><strong><em>Sacerdos</em></strong></span> <span class='ocrx_word' id='word_1_186' title='bbox 913 4067 1104 4136; x_wconf 83' lang='lat' dir='ltr'><strong><em>inclinatas.</em></strong></span> <span class='ocrx_word' id='word_1_187' title='bbox 1172 4063 1326 4135; x_wconf 90' lang='lat' dir='ltr'><strong><em>Perlecte</em></strong></span> <span class='ocrx_word' id='word_1_188' title='bbox 1362 4074 1546 4149; x_wconf 72' lang='lat' dir='ltr'><strong><em>memento,</em></strong></span> <span class='ocrx_word' id='word_1_189' title='bbox 1589 4062 1749 4149; x_wconf 83' lang='lat' dir='ltr'><strong><em>Domine,</em></strong></span> <span class='ocrx_word' id='word_1_190' title='bbox 1791 4061 1971 4134; x_wconf 90' lang='lat' dir='ltr'><strong><em>secundam</em></strong></span> 
     </span>
     <span class='ocr_line' id='line_1_29' title="bbox 602 4177 2053 4275; baseline -0.003 -22"><span class='ocrx_word' id='word_1_191' title='bbox 602 4186 797 4253; x_wconf 90' lang='lat' dir='ltr'><strong><em>memoriam</em></strong></span> <span class='ocrx_word' id='word_1_192' title='bbox 826 4183 970 4254; x_wconf 87' lang='lat' dir='ltr'><strong><em>divinam</em></strong></span> <span class='ocrx_word' id='word_1_193' title='bbox 997 4192 1105 4261; x_wconf 73' lang='lat' dir='ltr'><strong><em>tuan,</em></strong></span> <span class='ocrx_word' id='word_1_194' title='bbox 1134 4203 1247 4252; x_wconf 90' lang='lat' dir='ltr'><strong><em>eorum</em></strong></span> <span class='ocrx_word' id='word_1_195' title='bbox 1276 4182 1329 4275; x_wconf 92' lang='lat' dir='ltr'><strong><em>qui</em></strong></span> <span class='ocrx_word' id='word_1_196' title='bbox 1356 4202 1441 4250; x_wconf 87' lang='lat' dir='ltr'><strong><em>nunc</em></strong></span> <span class='ocrx_word' id='word_1_197' title='bbox 1469 4177 1641 4250; x_wconf 91' lang='lat' dir='ltr'><strong><em>nobiscum</em></strong></span> <span class='ocrx_word' id='word_1_198' title='bbox 1669 4178 1763 4251; x_wconf 91' lang='lat' dir='ltr'><strong><em>simul</em></strong></span> <span class='ocrx_word' id='word_1_199' title='bbox 1791 4181 1870 4250; x_wconf 90' lang='lat' dir='ltr'><strong><em>uuiti</em></strong></span> <span class='ocrx_word' id='word_1_200' title='bbox 1898 4189 1972 4251; x_wconf 91' lang='lat' dir='ltr'><strong><em>sunt</em></strong></span> <span class='ocrx_word' id='word_1_201' title='bbox 2051 4219 2053 4224; x_wconf 83' lang='lat'><em>.</em></span> 
     </span>
     <span class='ocr_line' id='line_1_30' title="bbox 604 4295 1343 4392; baseline -0.004 -24"><span class='ocrx_word' id='word_1_202' title='bbox 604 4305 638 4368; x_wconf 93' lang='lat' dir='ltr'><strong><em>et</em></strong></span> <span class='ocrx_word' id='word_1_203' title='bbox 665 4297 724 4369; x_wconf 86' lang='lat' dir='ltr'><strong><em>tibi</em></strong></span> <span class='ocrx_word' id='word_1_204' title='bbox 750 4302 834 4369; x_wconf 93' lang='lat' dir='ltr'><strong><em>noti:</em></strong></span> <span class='ocrx_word' id='word_1_205' title='bbox 863 4320 979 4369; x_wconf 90' lang='lat' dir='ltr'><strong><em>eorum</em></strong></span> <span class='ocrx_word' id='word_1_206' title='bbox 1006 4301 1060 4392; x_wconf 89' lang='lat' dir='ltr'><strong><em>qui</em></strong></span> <span class='ocrx_word' id='word_1_207' title='bbox 1087 4296 1183 4368; x_wconf 88' lang='lat' dir='ltr'><strong><em>iidem</em></strong></span> <span class='ocrx_word' id='word_1_208' title='bbox 1211 4295 1343 4368; x_wconf 89' lang='lat' dir='ltr'><strong><em>habent.</em></strong></span> 
     </span>
    </p>

    <p class='ocr_par' dir='ltr' id='par_1_14' title="bbox 603 4407 1971 4971">
     <span class='ocr_line' id='line_1_31' title="bbox 706 4407 1970 4502; baseline -0.002 -19"><span class='ocrx_word' id='word_1_209' title='bbox 706 4413 880 4484; x_wconf 87' lang='lat' dir='ltr'><strong><em>Sacerdos</em></strong></span> <span class='ocrx_word' id='word_1_210' title='bbox 913 4414 1050 4484; x_wconf 75' lang='lat' dir='ltr'><strong><em>elevans</em></strong></span> <span class='ocrx_word' id='word_1_211' title='bbox 1082 4435 1206 4482; x_wconf 85' lang='lat' dir='ltr'><strong><em>rocem.</em></strong></span> <span class='ocrx_word' id='word_1_212' title='bbox 1254 4411 1331 4483; x_wconf 83' lang='lat' dir='ltr'><strong><em>Lux</em></strong></span> <span class='ocrx_word' id='word_1_213' title='bbox 1357 4408 1596 4482; x_wconf 89' lang='lat' dir='ltr'><strong><em>inaccessibilis</em></strong></span> <span class='ocrx_word' id='word_1_214' title='bbox 1623 4420 1657 4479; x_wconf 88' lang='lat' dir='ltr'><strong><em>et</em></strong></span> <span class='ocrx_word' id='word_1_215' title='bbox 1682 4407 1821 4502; x_wconf 82' lang='lat' dir='ltr'><strong><em>largitor</em></strong></span> <span class='ocrx_word' id='word_1_216' title='bbox 1848 4433 1970 4481; x_wconf 90' lang='lat' dir='ltr'><strong><em>mune-</em></strong></span> 
     </span>
     <span class='ocr_line' id='line_1_32' title="bbox 603 4526 1970 4623; baseline -0.003 -23"><span class='ocrx_word' id='word_1_217' title='bbox 603 4551 674 4600; x_wconf 91' lang='lat' dir='ltr'><strong><em>rum</em></strong></span> <span class='ocrx_word' id='word_1_218' title='bbox 703 4528 906 4617; x_wconf 74' lang='lat' dir='ltr'><strong><em>divinorum,</em></strong></span> <span class='ocrx_word' id='word_1_219' title='bbox 938 4529 1079 4623; x_wconf 90' lang='lat' dir='ltr'><strong><em>fonsque</em></strong></span> <span class='ocrx_word' id='word_1_220' title='bbox 1108 4528 1305 4600; x_wconf 77' lang='lat' dir='ltr'><strong><em>auxiliorum</em></strong></span> <span class='ocrx_word' id='word_1_221' title='bbox 1332 4548 1369 4598; x_wconf 93' lang='lat' dir='ltr'><strong><em>es</em></strong></span> <span class='ocrx_word' id='word_1_222' title='bbox 1396 4526 1555 4612; x_wconf 87' lang='lat' dir='ltr'><strong><em>Domine,</em></strong></span> <span class='ocrx_word' id='word_1_223' title='bbox 1590 4548 1671 4617; x_wconf 86' lang='lat' dir='ltr'><strong><em>erga</em></strong></span> <span class='ocrx_word' id='word_1_224' title='bbox 1706 4529 1904 4619; x_wconf 90' lang='lat' dir='ltr'><strong><em>omnesqui</em></strong></span> <span class='ocrx_word' id='word_1_225' title='bbox 1938 4535 1970 4596; x_wconf 89' lang='lat' dir='ltr'><strong><em>tc</em></strong></span> 
     </span>
     <span class='ocr_line' id='line_1_33' title="bbox 603 4639 1970 4740; baseline -0.002 -24"><span class='ocrx_word' id='word_1_226' title='bbox 603 4648 770 4718; x_wconf 89' lang='lat' dir='ltr'><strong><em>invocant.</em></strong></span> <span class='ocrx_word' id='word_1_227' title='bbox 824 4646 955 4718; x_wconf 91' lang='lat' dir='ltr'><strong><em>Divites</em></strong></span> <span class='ocrx_word' id='word_1_228' title='bbox 982 4645 1057 4716; x_wconf 91' lang='lat' dir='ltr'><strong><em>illos</em></strong></span> <span class='ocrx_word' id='word_1_229' title='bbox 1084 4643 1138 4715; x_wconf 85' lang='lat' dir='ltr'><strong><em>lac</em></strong></span> <span class='ocrx_word' id='word_1_230' title='bbox 1166 4644 1287 4715; x_wconf 89' lang='lat' dir='ltr'><strong><em>divitiis</em></strong></span> <span class='ocrx_word' id='word_1_231' title='bbox 1316 4644 1378 4715; x_wconf 89' lang='lat' dir='ltr'><strong><em>illis</em></strong></span> <span class='ocrx_word' id='word_1_232' title='bbox 1404 4644 1561 4713; x_wconf 87' lang='lat' dir='ltr'><strong><em>laetitiam</em></strong></span> <span class='ocrx_word' id='word_1_233' title='bbox 1589 4639 1855 4740; x_wconf 76' lang='lat' dir='ltr'><strong><em>conciliantibus,</em></strong></span> <span class='ocrx_word' id='word_1_234' title='bbox 1892 4665 1970 4713; x_wconf 91' lang='lat' dir='ltr'><strong><em>mu·</em></strong></span> 
     </span>
     <span class='ocr_line' id='line_1_34' title="bbox 603 4756 1971 4854; baseline -0.003 -24"><span class='ocrx_word' id='word_1_235' title='bbox 603 4781 720 4831; x_wconf 88' lang='lat' dir='ltr'><strong><em>nerum</em></strong></span> <span class='ocrx_word' id='word_1_236' title='bbox 747 4772 876 4832; x_wconf 91' lang='lat' dir='ltr'><strong><em>tuorum</em></strong></span> <span class='ocrx_word' id='word_1_237' title='bbox 904 4761 1117 4847; x_wconf 76' lang='lat' dir='ltr'><strong><em>coelestium,</em></strong></span> <span class='ocrx_word' id='word_1_238' title='bbox 1154 4762 1229 4854; x_wconf 90' lang='lat' dir='ltr'><strong><em>quia</em></strong></span> <span class='ocrx_word' id='word_1_239' title='bbox 1258 4770 1311 4830; x_wconf 89' lang='lat' dir='ltr'><strong><em>tua</em></strong></span> <span class='ocrx_word' id='word_1_240' title='bbox 1340 4769 1391 4831; x_wconf 88' lang='lat' dir='ltr'><strong><em>est</em></strong></span> <span class='ocrx_word' id='word_1_241' title='bbox 1422 4761 1530 4849; x_wconf 85' lang='lat' dir='ltr'><strong><em>gratia</em></strong></span> <span class='ocrx_word' id='word_1_242' title='bbox 1557 4767 1590 4828; x_wconf 87' lang='lat' dir='ltr'><strong><em>et</em></strong></span> <span class='ocrx_word' id='word_1_243' title='bbox 1620 4761 1778 4849; x_wconf 86' lang='lat' dir='ltr'><strong><em>unigeniti</em></strong></span> <span class='ocrx_word' id='word_1_244' title='bbox 1806 4756 1880 4827; x_wconf 87' lang='lat' dir='ltr'><strong><em>Filii</em></strong></span> <span class='ocrx_word' id='word_1_245' title='bbox 1914 4759 1971 4844; x_wconf 83' lang='lat' dir='ltr'><strong><em>tui,</em></strong></span> 
     </span>
     <span class='ocr_line' id='line_1_35' title="bbox 604 4875 1114 4971; baseline -0.006 -24"><span class='ocrx_word' id='word_1_246' title='bbox 604 4885 638 4947; x_wconf 88' lang='lat' dir='ltr'><strong><em>et</em></strong></span> <span class='ocrx_word' id='word_1_247' title='bbox 663 4875 806 4971; x_wconf 76' lang='lat' dir='ltr'><strong><em>Spiritus</em></strong></span> <span class='ocrx_word' id='word_1_248' title='bbox 834 4881 879 4948; x_wconf 90' lang='lat' dir='ltr'><strong><em>tui</em></strong></span> <span class='ocrx_word' id='word_1_249' title='bbox 906 4878 1114 4950; x_wconf 73' lang='lat' dir='ltr'><strong><em>sanctissimi,</em></strong></span> 
     </span>
    </p>

    <p class='ocr_par' dir='ltr' id='par_1_15' title="bbox 709 4992 1041 5085">
     <span class='ocr_line' id='line_1_36' title="bbox 709 4992 1041 5085; baseline -0.003 -22"><span class='ocrx_word' id='word_1_250' title='bbox 709 4992 870 5085; x_wconf 86' lang='lat' dir='ltr'><strong><em>Populus.</em></strong></span> <span class='ocrx_word' id='word_1_251' title='bbox 923 4996 1041 5066; x_wconf 90' lang='lat' dir='ltr'><strong><em>Amen.</em></strong></span> 
     </span>
    </p>

    <p class='ocr_par' dir='ltr' id='par_1_16' title="bbox 603 5101 1972 5435">
     <span class='ocr_line' id='line_1_37' title="bbox 708 5101 1972 5200; baseline -0.007 -21"><span class='ocrx_word' id='word_1_252' title='bbox 708 5108 884 5180; x_wconf 87' lang='lat' dir='ltr'><strong><em>Sacerdos</em></strong></span> <span class='ocrx_word' id='word_1_253' title='bbox 919 5109 1110 5178; x_wconf 82' lang='lat' dir='ltr'><strong><em>inclinatos.</em></strong></span> <span class='ocrx_word' id='word_1_254' title='bbox 1172 5106 1279 5178; x_wconf 90' lang='lat' dir='ltr'><strong><em>Visita</em></strong></span> <span class='ocrx_word' id='word_1_255' title='bbox 1311 5106 1453 5178; x_wconf 89' lang='lat' dir='ltr'><strong><em>Domine</em></strong></span> <span class='ocrx_word' id='word_1_256' title='bbox 1485 5126 1546 5200; x_wconf 90' lang='lat' dir='ltr'><strong><em>per</em></strong></span> <span class='ocrx_word' id='word_1_257' title='bbox 1578 5101 1836 5175; x_wconf 84' lang='lat' dir='ltr'><strong><em>misericordiam</em></strong></span> <span class='ocrx_word' id='word_1_258' title='bbox 1872 5112 1972 5188; x_wconf 81' lang='lat' dir='ltr'><strong><em>taam,</em></strong></span> 
     </span>
     <span class='ocr_line' id='line_1_38' title="bbox 603 5217 1972 5319; baseline -0.005 -25"><span class='ocrx_word' id='word_1_259' title='bbox 603 5220 765 5297; x_wconf 87' lang='lat' dir='ltr'><strong><em>Pastores</em></strong></span> <span class='ocrx_word' id='word_1_260' title='bbox 791 5223 853 5297; x_wconf 91' lang='lat' dir='ltr'><strong><em>hos</em></strong></span> <span class='ocrx_word' id='word_1_261' title='bbox 880 5234 1031 5310; x_wconf 78' lang='lat' dir='ltr'><strong><em>nostr0S,</em></strong></span> <span class='ocrx_word' id='word_1_262' title='bbox 1065 5226 1120 5319; x_wconf 90' lang='lat' dir='ltr'><strong><em>qui</em></strong></span> <span class='ocrx_word' id='word_1_263' title='bbox 1152 5222 1266 5293; x_wconf 92' lang='lat' dir='ltr'><strong><em>claves</em></strong></span> <span class='ocrx_word' id='word_1_264' title='bbox 1300 5225 1457 5294; x_wconf 73' lang='lat' dir='ltr'><strong><em>scientiae</em></strong></span> <span class='ocrx_word' id='word_1_265' title='bbox 1491 5232 1567 5292; x_wconf 90' lang='lat' dir='ltr'><strong><em>tuae</em></strong></span> <span class='ocrx_word' id='word_1_266' title='bbox 1599 5228 1711 5291; x_wconf 87' lang='lat' dir='ltr'><strong><em>tenent</em></strong></span> <span class='ocrx_word' id='word_1_267' title='bbox 1736 5217 1902 5314; x_wconf 81' lang='lat' dir='ltr'><strong><em>perfecte3</em></strong></span> <span class='ocrx_word' id='word_1_268' title='bbox 1938 5225 1972 5288; x_wconf 89' lang='lat' dir='ltr'><strong><em>et</em></strong></span> 
     </span>
     <span class='ocr_line' id='line_1_39' title="bbox 605 5337 1427 5435; baseline -0.001 -27"><span class='ocrx_word' id='word_1_269' title='bbox 605 5337 648 5409; x_wconf 90' lang='lat' dir='ltr'><strong><em>da</em></strong></span> <span class='ocrx_word' id='word_1_270' title='bbox 673 5338 736 5413; x_wconf 91' lang='lat' dir='ltr'><strong><em>illis</em></strong></span> <span class='ocrx_word' id='word_1_271' title='bbox 762 5342 939 5415; x_wconf 89' lang='lat' dir='ltr'><strong><em>victoriam</em></strong></span> <span class='ocrx_word' id='word_1_272' title='bbox 965 5348 1103 5435; x_wconf 89' lang='lat' dir='ltr'><strong><em>propter</em></strong></span> <span class='ocrx_word' id='word_1_273' title='bbox 1127 5341 1303 5410; x_wconf 89' lang='lat' dir='ltr'><strong><em>veritatem</em></strong></span> <span class='ocrx_word' id='word_1_274' title='bbox 1330 5347 1427 5409; x_wconf 82' lang='lat' dir='ltr'><strong><em>mam.</em></strong></span> 
     </span>
    </p>
   </div>
   <div class='ocr_carea' id='block_1_3' title="bbox 0 0 2582 6532">
    <p class='ocr_par' dir='ltr' id='par_1_17' title="bbox 0 0 2582 6532">
     <span class='ocr_line' id='line_1_40' title="bbox 0 0 2582 6532; baseline 0 0"><span class='ocrx_word' id='word_1_275' title='bbox 0 0 2582 6532; x_wconf 95' lang='lat' dir='ltr'><strong><em> </em></strong></span> 
     </span>
    </p>
   </div>
  </div>
 </body>
</html>
