5150 6534
980 793 1211 921 nnonnom
1250 842 1590 922 trosrononnn.
1899 844 1973 922 tre

604 1036 785 1117 rectorum,
810 1029 1037 1103 Diaconorum
1061 1052 1220 1126 purorum
1247 1039 1281 1103 et
1298 1029 1595 1103 Subdiaconoruna
1619 1028 1800 1119 Memento,
1816 1030 1973 1119 Domine,

603 1145 717 1240 populi
744 1149 808 1234 tui,
843 1150 1024 1242 praecipue
1050 1146 1179 1220 ihorum
1207 1151 1263 1242 qui
1290 1146 1478 1221 obtulerunt
1503 1145 1563 1218 tihi
1588 1144 1774 1219 oblationes
1805 1149 1906 1236 istas,
1941 1155 1976 1217 et

602 1282 704 1354 parce
730 1265 988 1354 congregationi
1012 1265 1086 1350 isti,
1114 1284 1200 1357 quae
1226 1285 1342 1335 coram
1368 1272 1402 1334 te
1429 1261 1570 1334 collecta
1595 1272 1658 1333 est.

707 1377 858 1450 Menona
882 1399 1009 1449 nocem.
1062 1377 1106 1449 Ut
1131 1387 1316 1474 perpetuo,
1342 1381 1534 1471 incorrupte
1559 1380 1678 1450 vivant
1704 1400 1818 1450 coram
1851 1388 1904 1463 te,
1940 1388 1974 1450 et

600 1503 842 1587 praeparentur
874 1493 916 1565 ad
942 1492 1031 1566 hona
1059 1516 1145 1587 quae
1172 1517 1193 1565 a
1219 1503 1253 1565 te
1278 1493 1344 1565 illis
1369 1497 1535 1590 promissa
1561 1502 1654 1580 sunt,
1688 1516 1750 1592 per
1774 1497 1972 1567 misericor-

602 1606 689 1680 diam
709 1631 793 1701 erga
810 1608 906 1683 illos:
934 1619 1008 1681 esto
1030 1607 1094 1681 illis
1112 1613 1287 1704 propitius,
1314 1620 1470 1705 tanquam
1492 1608 1654 1680 Dominus
1671 1608 1780 1682 honus
1796 1618 1829 1682 et
1850 1610 1972 1683 multae

604 1727 758 1816 gratiae:
783 1723 1035 1820 referemusque
1061 1723 1120 1797 tihi
1146 1723 1309 1815 gloriam,
1337 1737 1401 1802 etc.

705 1839 902 1912 inclinatur.
931 1838 1113 1923 Memento,
1140 1840 1294 1929 Domine,
1320 1840 1453 1934 Regum
1478 1839 1621 1913 fidelium
1648 1844 1702 1935 qni
1728 1838 1868 1913 benefici
1895 1852 1972 1915 sunt

601 1954 726 2050 populo
753 1965 822 2039 tuo,
849 1965 883 2026 et
909 1954 1089 2028 clementes
1117 1947 1193 2027 sunt
1218 1978 1302 2048 erga
1329 1979 1416 2030 oves
1443 1956 1610 2029 redemtos
1636 1959 1799 2049 sangnine
1817 1967 1884 2029 tno.
1916 1959 1971 2031 Da

602 2068 667 2141 illis
694 2070 914 2143 fortitudinem
942 2093 1029 2165 quae
1055 2093 1075 2142 a
1101 2081 1135 2143 te
1162 2082 1225 2158 est,
1250 2095 1361 2167 neque
1388 2083 1585 2167 superentur
1610 2072 1653 2143 ah
1680 2076 1821 2145 inimicis
1847 2077 1926 2146 suis.

706 2186 856 2257 Eleoons
881 2209 1007 2257 vocem.
1058 2186 1102 2258 Et
1126 2188 1280 2279 Angelos
1308 2198 1382 2261 tuos
1417 2195 1552 2260 sanctos
1589 2191 1700 2277 mitte,
1731 2186 1893 2279 Domine,
1928 2190 1971 2262 ad

604 2300 761 2373 auxilium
787 2323 917 2373 eornm:
944 2301 1050 2374 libera
1077 2305 1175 2374 etiam
1203 2325 1265 2375 eos
1292 2304 1416 2376 adelo
1443 2306 1618 2399 tyrannico
1651 2313 1685 2374 et
1711 2326 1731 2375 a
1757 2304 1864 2376 Belial
1891 2309 1970 2401 spi-

603 2415 725 2506 rituali,
751 2427 787 2487 ut
811 2428 1069 2513 praeserventur
1095 2416 1137 2490 ab
1164 2418 1290 2490 insidiis
1316 2429 1350 2491 et
1374 2400 1669 2491 machinationibus
1683 2416 1827 2491 hostium
1840 2420 1970 2493 Eccle-

604 2535 676 2603 siae
702 2542 777 2604 tuae
803 2532 928 2603 tidelis:
961 2543 996 2604 ut
1021 2536 1056 2605 in
1081 2534 1330 2627 tranquillitate,
1362 2556 1448 2629 pace
1479 2546 1512 2608 et
1539 2529 1725 2608 ¹concordia
1759 2534 1908 2608 studiose
1935 2547 1970 2610 et

603 2657 864 2743 perseveranter
889 2648 1073 2722 referamus
1100 2648 1159 2722 tihi
1185 2649 1346 2742 gloriam,
1373 2662 1436 2723 etc.

705 2769 892 2856 Memento,
925 2769 1086 2857 Domine,
1127 2780 1160 2841 et
1194 2768 1325 2841 illorum
1360 2769 1415 2860 qui
1448 2789 1468 2838 a
1502 2763 1638 2837 sacerdo
1671 2762 1729 2835 tibi
1765 2764 1972 2860 placnenmt,

602 2887 787 2979 praecipue
813 2893 960 2972 sanctae,
987 2884 1176 2976 gloriosae,
1205 2905 1338 2979 semper
1363 2881 1511 2973 Virginis
1540 2880 1716 2951 Genitriois
1741 2880 1807 2952 Dei
1831 2881 1972 2976 Mariae,

601 2996 743 3073 loannis
770 3000 959 3094 Baptistae,
994 2999 1154 3095 Stephani
1183 3001 1341 3096 principis
1371 2995 1598 3070 Diaconorum
1632 3004 1665 3066 et
1697 3003 1972 3094 protomartyris3

604 3138 678 3187 cum
713 3116 848 3209 reliquis
883 3114 1079 3210 Prophetis,
1115 3114 1357 3209 Apostohsque
1390 3116 1531 3198 sanctis,
1565 3120 1599 3183 et
1634 3110 1795 3205 patribus
1815 3116 1880 3208 piis
1916 3120 1971 3210 qui
2065 3158 2072 3164 ·

603 3230 764 3303 obierunt.
804 3230 973 3303 Memento
1002 3235 1112 3317 etiarn,
1138 3231 1294 3320 Domine,
1321 3232 1465 3303 omnium
1491 3226 1718 3299 deiunotorum
1744 3226 1887 3300 fidelium
1914 3235 1970 3324 qni

603 3347 732 3443 pridem
761 3349 915 3421 obierunt
941 3357 975 3418 et
1000 3347 1042 3417 ad
1069 3358 1102 3418 te
1128 3356 1362 3442 pervenerunt.
1392 3346 1534 3439 Suscipe
1553 3342 1740 3416 oblationes
1762 3347 1857 3434 istas,
1884 3368 1970 3439 quae

602 3484 666 3559 pro
695 3463 757 3534 illis
784 3462 883 3534 hodie
909 3461 967 3533 tihi
993 3461 1189 3551 offeruntur,
1225 3472 1260 3533 et
1291 3464 1465 3557 quiescere
1497 3458 1573 3553 illos
1605 3456 1661 3529 iac
1692 3462 1725 3530 in
1760 3462 1834 3531 sinu
1868 3459 1969 3535 heato

600 3577 794 3652 Ahrahami.
848 3577 931 3651 Cum
959 3600 1021 3672 spe
1046 3577 1296 3650 misericordiae
1331 3587 1408 3649 tuae
1443 3578 1586 3669 quietem
1617 3588 1820 3670 acceperunt
1852 3600 1968 3650 omnes

602 3693 758 3784 defuncti,
786 3701 820 3765 et
844 3696 1076 3766 miserationes
1093 3718 1113 3766 a
1132 3703 1166 3765 te
1181 3701 1389 3788 exspectant,
1409 3693 1503 3764 Deus
1522 3701 1638 3764 noster
1652 3685 1831 3765 adorande.
1857 3692 1969 3766 Prae-

600 3818 653 3885 sta
678 3811 744 3883 illis
770 3820 805 3881 ut
829 3821 1019 3882 mereantur
1046 3810 1160 3888 audire
1186 3832 1309 3883 vocem
1334 3808 1423 3881 illam
1449 3807 1629 3895 vivificam,
1656 3820 1743 3901 qua'e
1760 3820 1861 3882 vocet
1880 3808 1968 3897 illos,

602 3937 637 4000 et
661 3925 816 4014 adducat,
842 3936 943 4020 utque
969 3929 1034 3997 sint
1059 3928 1188 3997 invitati
1214 3925 1255 3997 ad
1281 3946 1420 4016 regnum
1447 3935 1546 3997 tunm.
1574 3922 1732 3996 Concede
1753 3927 1852 3995 etiam
1871 3924 1968 3997 nohis

603 4045 729 4115 exitum
755 4042 982 4137 tranquillum,
1015 4063 1076 4136 per
1101 4044 1240 4133 gratiam
1268 4050 1375 4132 tuam,
1408 4051 1443 4111 et
1467 4037 1567 4112 chola
1592 4041 1796 4134 insipientias
1822 4049 1968 4130 nostras,

602 4180 664 4254 per
688 4158 950 4230 misericordiam
978 4167 1076 4229 tuam.

706 4274 856 4345 Eteonos
881 4296 1007 4343 nocem.
1058 4272 1151 4345 Unus
1178 4274 1264 4343 enim
1290 4270 1351 4343 iuit
1377 4273 1431 4366 qui
1456 4272 1551 4342 visus
1570 4268 1676 4341 'inerit
1702 4291 1803 4363 super
1831 4280 1967 4361 terram,

601 4392 674 4464 sine
700 4401 857 4488 peccato,
894 4392 1081 4480 unigenitus
1106 4387 1209 4459 Filius
1243 4398 1318 4458 tuus
1342 4387 1504 4459 Dominus
1535 4396 1651 4458 noster
1676 4385 1776 4458 lesus
1804 4384 1966 4473 Chrishrs,

598 4508 795 4602 propitiator
820 4526 960 4596 magnus
987 4507 1122 4595 generis
1147 4506 1269 4591 nostri,
1302 4505 1375 4598 ipse
1405 4524 1466 4596 per
1493 4524 1590 4595 quem
1616 4510 1650 4571 et
1675 4524 1738 4574 nos
1764 4504 1960 4573 misericor-

600 4620 690 4693 diam
725 4620 874 4693 obtinere
906 4642 1097 4716 speramus,
1132 4628 1166 4690 et
1196 4622 1426 4691 remissionem
1458 4626 1670 4712 peccatorum
1702 4626 1894 4690 nostrorum
1929 4626 1964 4687 et

599 4734 741 4812 illomm.
898 4728 900 4732 ¹

704 4853 864 4946 Populum.
919 4853 1070 4938 Quietem
1096 4861 1241 4948 praesta.
1895 4909 1896 4914 ,

703 4966 887 5040 Sacerdos.
939 4968 1047 5043 Nobis
1080 4970 1177 5039 etiam
1211 4976 1244 5038 et
1276 4964 1340 5038 illis
1372 4974 1446 5037 esto
1481 4965 1661 5060 propitius,
1693 4973 1727 5036 et
1759 4962 1965 5035 condonator

600 5076 813 5181 pcccatorum
840 5085 996 5170 Domine,
1021 5091 1056 5155 ut
1082 5086 1116 5153 in
1141 5082 1251 5170 nohis,
1277 5102 1339 5176 pro
1366 5079 1474 5168 nohis,
1507 5090 1541 5151 et
1565 5088 1703 5177 propter
1728 5101 1804 5168 nos,
1830 5078 1964 5171 glorifi-

600 5179 707 5291 cetur,
733 5199 902 5291 laudetur,
929 5209 963 5273 et
987 5199 1170 5272 honoretur
1195 5218 1316 5269 nomen
1342 5206 1433 5269 tuum
1459 5194 1734 5288 gloriosissimum
1761 5204 1795 5268 et
1819 5192 1964 5268 henedi-

1615 5311 1617 5316 ’
1676 5312 1727 5386 25
1740 5310 1758 5347 ⁴*
