5150 6534
588 831 663 909 592
1155 830 1387 909 totali

588 1042 685 1092 amen
711 1019 786 1091 dico
813 1017 930 1106 vobis,
963 1021 1039 1111 quia
1072 1021 1179 1090 omnis
1213 1020 1267 1114 qui
1300 1016 1476 1091 manducat
1509 1038 1632 1115 corpus
1658 1039 1788 1105 meum,
1815 1025 1849 1087 et
1874 1012 1958 1087 bibit

588 1138 784 1228 sanguinem
820 1156 929 1205 meum
962 1136 997 1205 in
1023 1157 1077 1205 me
1104 1144 1231 1223 monet,
1267 1144 1300 1207 et
1327 1156 1393 1227 ego
1422 1138 1455 1207 in
1481 1156 1544 1223 eo,
1580 1143 1615 1205 et
1648 1154 1715 1224 ego
1748 1130 1958 1204 resuscitabo

588 1274 664 1323 eum
689 1255 724 1323 in
750 1252 933 1321 novissimo
961 1249 1033 1337 die,
1070 1262 1104 1324 et
1138 1254 1171 1322 in
1194 1250 1352 1344 judicium
1379 1274 1447 1323 non
1474 1253 1586 1339 veuit,
1613 1249 1674 1321 sed
1701 1252 1842 1322 transire
1869 1247 1959 1321 illurn

586 1366 706 1441 faciam
735 1365 777 1436 de
804 1375 910 1436 morte
937 1364 1109 1438 advitam
1136 1378 1322 1440 aeternam:
1350 1371 1424 1462 ipse
1450 1390 1537 1439 nuuc
1557 1366 1733 1439 benedicat
1759 1385 1958 1457 congrega-

586 1486 667 1556 tioni
694 1490 850 1571 nostroe,
877 1487 912 1551 et
937 1493 1118 1553 conservet
1143 1493 1261 1555 statum
1289 1494 1459 1572 nostrum,
1492 1471 1525 1554 ol
1551 1483 1732 1575 gloriosum
1759 1480 1862 1554 iaciat
1887 1502 1959 1575 po-

586 1597 699 1695 pulum
725 1606 887 1685 nostrum,
914 1600 968 1690 qui
994 1601 1087 1670 veuit
1113 1608 1148 1669 et
1173 1599 1314 1672 laetatus
1345 1610 1397 1673 ast
1423 1603 1456 1670 in
1483 1602 1697 1695 susceptione
1723 1601 1959 1693 mysteriorum

589 1717 675 1808 cJ‘uS,
702 1712 969 1810 praeclarorum,
1004 1723 1208 1803 sanctorum,
1240 1715 1477 1788 vivificantium
1510 1725 1544 1787 et
1579 1715 1783 1799 divinorum,
1810 1718 1959 1808 vivoque

588 1831 687 1922 signo
715 1832 824 1901 crucis
851 1828 1034 1901 dominicae
1062 1833 1132 1904 sitis
1160 1831 1328 1923 obsignati
1355 1841 1390 1903 et
1415 1832 1582 1920 custoditi,
1609 1828 1652 1902 ab
1680 1827 1831 1902 omnibus
1858 1828 1959 1900 hau-

521 1951 524 1958 '
589 1944 685 2017 dibus
712 1948 863 2034 secretis,
891 1954 924 2015 et
950 1949 1075 2042 apertis
1101 1970 1188 2019 nunc
1215 1957 1248 2020 et
1275 1970 1418 2043 semper.

1022 2269 1524 2318 ψ

755 2661 820 2752 ΙΝ
871 2656 1803 2804 uluunoinulrosuoioaun

1102 2873 1451 2954 sanoroaun

1188 3073 1362 3159 uentu.

677 3373 706 3440 l.
729 3362 875 3456 Liturqio
902 3371 1115 3452 Apostolorum
1143 3380 1325 3433 sanctorem.
1377 3372 1441 3434 Hoc
1476 3373 1562 3436 titulo
1589 3374 1761 3436 Nestoriani
1796 3373 1962 3456 insigniunt

590 3496 777 3543 communem
802 3496 901 3552 suam,
932 3483 962 3538 et
993 3493 1070 3556 qnae
1093 3493 1133 3536 ex
1156 3473 1250 3537 tribus
1274 3492 1348 3555 quas
1371 3475 1498 3556 babent,
1528 3478 1693 3558 praecipua
1716 3485 1763 3540 est
1785 3477 1961 3557 Liturgiam,
2075 3464 2078 3476 ¹

587 3578 653 3642 sive
676 3576 819 3638 Ordinem
840 3576 1051 3658 lllpsteriorum
1073 3573 1337 3635 celebrandorum:
1366 3591 1433 3636 nam
1462 3583 1495 3637 ut
1516 3575 1596 3656 apud
1619 3576 1771 3655 Graecos,
1800 3575 1960 3657 bipoteric,

588 3675 806 3740 Eucharistiam
836 3692 957 3756 quicque
986 3672 1065 3753 apud
1095 3691 1149 3735 eos
1179 3671 1358 3754 significant.
1421 3672 1562 3737 Continet
1591 3683 1691 3738 autem
1720 3674 1796 3736 hacc
1825 3673 1961 3757 Liturgia

588 3793 649 3838 non
679 3773 768 3838 modo
796 3781 830 3837 ut
860 3773 972 3834 alterae
1002 3771 1080 3834 duae
1111 3772 1208 3833 omnia
1238 3761 1316 3851 quae
1343 3790 1460 3834 sacram
1481 3771 1640 3835 Actionem
1662 3773 1785 3854 proprie
1809 3779 1959 3853 spectant,

582 3875 710 3961 vscilicet
732 3891 840 3954 preces
865 3872 902 3934 ab
925 3870 1037 3934 Oscula
1067 3872 1167 3952 pacis,
1199 3888 1296 3951 usque
1319 3870 1356 3932 ad
1379 3871 1473 3934 Officii
1496 3871 1601 3949 linem,
1631 3873 1685 3934 sed
1715 3871 1960 3953 praeparatorios

589 3975 696 4051 etiarn,
726 3990 803 4054 quaa
826 3972 877 4034 ubi
900 3970 977 4032 aliae
1000 3969 1207 4046 celebrantur,
1231 3989 1270 4032 ex
1294 3970 1399 4032 eadem
1422 3971 1497 4033 sumi
1521 3971 1640 4033 debent.
1686 3970 1763 4044 Quin
1786 3988 1861 4033 vero
1883 3988 1961 4051 ger-

588 4091 676 4136 mana
698 4071 748 4134 illa
770 4072 809 4134 sit
829 4070 1077 4134 Nestorionorurn
1098 4069 1190 4132 Missa
1213 4069 1341 4131 dubitari
1363 4088 1423 4131 non
1446 4078 1563 4151 potest,
1591 4089 1652 4132 non
1680 4070 1768 4132 modo
1792 4069 1872 4150 quod
1895 4068 1960 4131 Co-

589 4173 672 4236 dices
694 4169 780 4235 ltlSS.
802 4190 842 4233 ex
864 4168 970 4250 quihus
993 4167 1074 4231 illam
1097 4171 1314 4250 expressimus,
1337 4168 1448 4232 suerint
1469 4173 1499 4231 iu
1521 4187 1579 4232 usu
1602 4170 1682 4251 apud
1704 4168 1882 4246 Chaldaeos,
1908 4167 1960 4229 vel

590 4272 735 4355 Syrianos
759 4277 791 4331 ut
812 4271 917 4332 vocari
941 4275 1054 4346 amant,
1078 4275 1108 4329 et
1131 4269 1181 4348 qui
1204 4269 1362 4331 certissimi
1384 4267 1553 4331 Nestoriani
1576 4275 1660 4344 sunt,
1690 4268 1744 4330 sed
1767 4270 1855 4330 etium
1877 4267 1959 4348 quod

588 4372 757 4435 blalahares
781 4368 957 4446 Christiani,
989 4368 1039 4448 qui
1062 4367 1092 4428 in
1115 4366 1219 4429 eadem
1242 4375 1327 4429 secta
1350 4375 1450 4445 eraut,
1474 4366 1723 4449 Bagdndensique
1747 4368 1879 4429 nnrisriti
1901 4384 1958 4429 seu

591 4470 763 4547 Catholico,
793 4468 937 4550 subjecti,
961 4486 998 4529 ea
1020 4465 1191 4531 utebantur.
1236 4467 1321 4530 Unde
1344 4467 1449 4529 Latina
1470 4468 1584 4544 versio,
1607 4484 1685 4547 quae
1709 4467 1808 4528 Alexii
1830 4467 1957 4528 Menesii

591 4590 662 4635 cura
686 4578 717 4634 et
738 4568 838 4632 studio
861 4574 1033 4648 procurata,
1057 4564 1266 4629 conimbricae
1289 4566 1367 4629 edita
1391 4573 1453 4641 est,
1476 4565 1585 4628 deinde
1608 4567 1637 4627 in
1660 4565 1875 4627 bibliothecam
1898 4566 1959 4626 Pa-

589 4675 668 4730 trum
691 4668 844 4746 translata,
866 4666 952 4729 titulo
975 4665 1088 4727 Missae
1101 4663 1342 4728 Christianorum
1364 4667 1447 4745 opud
1464 4665 1567 4740 Indos,
1591 4665 1696 4727 eadem
1720 4683 1789 4726 esse
1812 4667 1961 4750 agnosci·

591 4777 650 4846 tur,
673 4768 810 4848 exceptis
834 4784 911 4847 quae
934 4764 985 4827 ille
1008 4764 1145 4826 mutanda
1165 4764 1321 4845 judicavit.

677 4865 839 4946 Apostolos
860 4872 983 4928 sanctos
1009 4870 1119 4926 vocant
1148 4863 1320 4926 Nestoriani
1349 4864 1486 4927 Adaeum
1515 4861 1546 4927 et
1575 4864 1688 4943 lilarin,
1718 4880 1795 4944 quos
1826 4863 1959 4926 Orientis

590 4965 755 5046 Apostolos
777 4964 873 5028 tuisse
897 4964 1066 5026 existimant
1089 4981 1128 5024 cx
1150 4963 1271 5043 antiqua
1293 4982 1348 5026 sua
1364 4964 1535 5043 traditione,
1551 4980 1639 5045 quam
1658 4963 1765 5026 fabulis
1779 4964 1960 5044 inquinatam
2031 5032 2039 5037 ,

592 5067 708 5146 scripto
731 5065 920 5147 consignavit
942 5063 1033 5126 liaris
1056 5061 1175 5142 quidam
1197 5060 1275 5125 lilius
1294 5063 1472 5144 Salomonis,
1496 5083 1536 5126 ex
1559 5066 1644 5146 cujus
1666 5062 1960 5143 historiaEpitomen

590 5163 664 5228 lecit
685 5163 797 5227 Amrus
819 5162 896 5225 lilius
919 5160 1063 5239 blathaei,
1093 5179 1133 5222 ex
1161 5178 1220 5241 qua
1243 5161 1370 5225 babetur
1391 5164 1546 5227 successio
1570 5161 1790 5225 Catholicorum
1812 5162 1876 5223 sive
1899 5158 1961 5220 Pn-

591 5261 787 5324 triarcharum
798 5269 901 5326 sectae
914 5261 1123 5336 Nestorianae,
1137 5277 1234 5342 usque
1257 5261 1295 5324 ad
1318 5263 1470 5326 saeculum
1493 5263 1639 5325 decimum
1663 5263 1789 5324 tertium.
1811 5258 1959 5336 Adaeum,

591 5369 625 5424 ut
648 5360 818 5427 Orientales
847 5361 1002 5442 scribunt,
1032 5360 1168 5424 eumdem
1198 5380 1267 5424 esse
1297 5380 1364 5424 cum
1395 5362 1551 5442 Thadaeo,
1582 5361 1718 5444 plerique
1740 5366 1905 5423 testantur:
1928 5363 1960 5418 et
