5150 6534
757 832 976 912 ultonem
1000 829 1142 907 ldlllOR
1168 828 1335 907 sancti
1360 826 1533 904 taoottt.
1756 828 1830 900 127

455 1063 460 1070 -
511 1016 515 1060 ἕ
562 1020 729 1113 Populus.
777 1017 950 1091 Habemus
970 1017 1018 1088 ad
1044 1016 1231 1088 Dominum.

564 1135 748 1207 Sacerdos.
801 1133 934 1205 Gratias
962 1154 1111 1224 agamus.

442 1291 459 1324 ,·
564 1250 726 1344 Populea.
778 1249 924 1340 Dignum
952 1258 986 1319 et
1008 1252 1133 1340 justum
1159 1256 1220 1316 est.

564 1364 741 1437 Sacerdor
767 1365 958 1435 inclinatur.
1010 1362 1104 1433 Vere
1137 1359 1270 1451 dignum
1305 1371 1339 1431 et
1367 1364 1491 1452 justum
1518 1370 1583 1445 est,
1625 1382 1688 1432 nos
1723 1360 1831 1456 opifici

460 1483 567 1552 omnis
593 1491 768 1552 creaturae
794 1482 919 1572 gratias
947 1499 1062 1570 agere,
1090 1497 1231 1569 eumque
1259 1473 1402 1545 adorare
1429 1486 1464 1545 et
1489 1473 1688 1566 glorificare.

565 1596 715 1667 Ηευαπε
740 1618 866 1666 nocem.
903 1594 1010 1679 Quem
1036 1591 1170 1663 laudaut
1194 1590 1345 1662 Virtutes
1373 1590 1557 1678 coelestes3
1584 1611 1771 1686 corporeae
1798 1601 1833 1662 et

461 1712 685 1806 incorporeae
710 1710 925 1800 (creaturae)
952 1707 1004 1781 sol
1031 1718 1066 1779 et
1090 1705 1167 1777 luna
1195 1717 1229 1778 et
1255 1728 1372 1778 omnes
1399 1706 1536 1793 stellae,
1569 1716 1659 1776 terra
1692 1716 1727 1776 et
1752 1728 1831 1775 ma-

461 1828 525 1913 ria,
551 1828 762 1920 primogeniti
788 1824 945 1919 descripti
971 1826 1004 1894 in
1031 1821 1218 1894 Jerusalem
1245 1821 1403 1920 coelesti,
1436 1820 1583 1913 Angeli,
1614 1820 1833 1911 Archangeli,

461 1940 689 2036 Principatus‚
723 1941 933 2029 Potestutes,
967 1937 1111 2024 Throni,
1143 1939 1417 2026 Dominationes,
1450 1936 1618 2025 Virtutes,
1653 1934 1832 2007 Cherubim

462 2055 651 2147 multioculi,
678 2054 852 2150 Seraphim
880 2077 945 2128 sex
983 2053 1044 2124 alis
1079 2056 1249 2142 instructi,
1281 2057 1337 2146 qui
1372 2055 1498 2148 opertis
1525 2051 1676 2124 faciebus
1705 2062 1738 2123 et
1763 2076 1831 2147 pe-
1943 2092 1947 2099 ·

463 2170 571 2260 dihus,
597 2156 712 2242 volant
738 2171 822 2242 alter
849 2170 892 2242 ad
920 2169 1072 2259 alterum,
1098 2166 1317 2257 sanctificant,
1344 2167 1487 2240 clamant
1513 2178 1547 2238 et
1573 2167 1693 2239 dicunt.

564 2285 725 2378 Populus.
779 2286 934 2373 Sanctus,
961 2294 1023 2355 etc.

565 2401 741 2472 Socerdor
771 2400 963 2471 inclinatus.
1015 2398 1108 2470 Vere
1150 2406 1285 2469 sanctus
1322 2420 1381 2484 es,
1415 2408 1449 2469 et
1488 2396 1728 2485 sanctificator,
1768 2421 1833 2470 rex

463 2514 683 2588 saeculorum.
736 2516 878 2587 Sanctus
906 2518 1006 2585 etiam
1032 2512 1136 2585 Filius
1162 2522 1250 2602 tuus,
1275 2513 1438 2585 Dominus
1460 2525 1575 2587 noster
1600 2514 1700 2586 lesus
1729 2512 1832 2585 Chri-

463 2640 542 2702 stus.
595 2630 738 2701 Sanctus
764 2632 863 2702 etiam
891 2630 1034 2724 Spiritus
1060 2638 1135 2700 tuus
1169 2636 1324 2717 sanctus,
1358 2631 1412 2722 qui
1443 2639 1606 2701 scmtatur
1638 2630 1833 2704 abscondita
1968 2710 1973 2714 ,

461 2753 528 2816 tua.
581 2745 634 2816 De
661 2755 750 2817 terra
777 2745 943 2816 hominem
970 2748 1111 2832 creasti,
1144 2753 1178 2815 et
1213 2748 1247 2814 in
1273 2745 1431 2841 paradiso
1467 2745 1655 2818 collocasti:
1692 2769 1833 2842 cumque

462 2869 695 2953 transgressus
721 2859 841 2933 fuisset
866 2859 1055 2932 mandatum
1081 2870 1189 2948 tuum,
1225 2882 1295 2932 non
1328 2862 1504 2935 deseruisti
1536 2862 1625 2935 illum
1653 2874 1831 2950 errantem,

464 2974 525 3048 sed
551 2975 701 3048 direxisti
727 2976 819 3048 illum
844 2998 906 3070 per
932 2974 1131 3070 Prophetas:
1153 2975 1357 3071 tandemque
1389 2981 1591 3069 unigenitum
1616 2977 1717 3051 lilium
1744 2989 1832 3051 hrum

463 3093 579 3162 misisti
604 3095 638 3162 in
664 3091 831 3180 mundum,
859 3093 914 3185 qui
940 3094 1130 3162 incarnatus
1158 3100 1209 3162 est
1236 3090 1278 3162 de
1298 3092 1422 3186 Spiritu
1448 3103 1574 3184 sancto,
1602 3105 1636 3166 et
1662 3118 1708 3166 ex
1726 3096 1834 3167 llaria

463 3205 618 3297 Virgine:
645 3215 679 3278 et
704 3210 883 3278 renovavit
910 3208 1088 3298 imaginem
1115 3215 1214 3292 tuam,
1243 3229 1329 3301 quae
1356 3207 1528 3303 deturpata
1556 3221 1637 3280 erat.

565 3321 716 3392 Elecnna
741 3344 866 3393 ccccm.
921 3320 1005 3393 Cum
1031 3342 1116 3392 vero
1143 3329 1278 3415 paratus
1306 3332 1398 3394 esset
1415 3322 1458 3393 ad
1473 3325 1716 3419 suscipiendam
1737 3350 1834 3398 mor·

464 3445 529 3507 tem
555 3436 790 3528 voluntariam,
816 3459 880 3533 pro
907 3436 1006 3509 nohis
1033 3436 1280 3531 peccatoribus,
1306 3440 1379 3532 ipse
1407 3441 1461 3532 qui
1488 3451 1661 3533 peccatum
1680 3464 1748 3513 non
1774 3442 1833 3513 le-

463 3563 568 3641 cerat,
596 3557 725 3648 accepit
751 3576 869 3649 panem
897 3556 931 3623 in
957 3574 1074 3624 manus
1101 3576 1179 3625 suas
1207 3561 1356 3643 sanctas,
1375 3559 1555 3646 etgratias
1582 3578 1699 3648 agens,
1726 3556 1833 3648 †he-

464 3666 601 3755 nedixit,
629 3669 658 3755 †
683 3669 902 3741 sanctificavit
927 3669 956 3755 †
990 3667 1164 3759 etfregit,
1199 3667 1354 3763 deditque
1385 3670 1560 3764 Apostolis
1594 3674 1663 3745 auis
1697 3678 1833 3757 sanctis,

464 3792 498 3854 et
523 3782 615 3854 dixit.
667 3784 833 3879 Accipite,
861 3783 1056 3855 manducate
1085 3806 1132 3855 ex
1159 3806 1211 3858 eo.
1263 3784 1340 3857 Hoc
1367 3796 1419 3857 est
1444 3807 1566 3880 corpus
1592 3810 1716 3875 meum,
1746 3787 1835 3882 quod

463 3918 525 3991 pro
552 3895 652 3971 vohis
679 3908 713 3969 et
738 3921 800 3993 pro
828 3898 936 3970 multis
962 3897 1144 3990 frangitur,
1181 3911 1214 3971 et
1241 3900 1338 3971 datur
1369 3900 1410 3971 ad
1447 3905 1676 3974 remissionem
1703 3925 1834 3998 pecca-

463 4021 581 4099 torum,
609 4022 643 4084 et
668 4015 769 4084 vitam
797 4024 976 4085 aeternam.

569 4128 730 4221 Populus.
781 4131 900 4201 Amen.

569 4243 754 4315 Sacerdos.
787 4244 945 4316 Similiter
973 4254 1007 4316 et
1033 4244 1171 4316 calicem
1198 4250 1339 4342 accepit,
1367 4258 1401 4318 et
1426 4250 1552 4339 gratias
1580 4271 1686 4341 agens
1712 4252 1741 4337 ᾧ
1766 4251 1835 4321 he-

465 4359 608 4445 nedixit,
635 4360 675 4458 h,
691 4358 926 4449 sanctificavit,
953 4361 981 4446 †
1008 4369 1042 4430 et
1067 4359 1157 4433 dedit
1187 4362 1305 4434 iisdem
1331 4365 1506 4458 Apostolis
1532 4368 1601 4437 suis
1634 4370 1775 4451 sanct-is,
1804 4374 1836 4436 et

466 4474 559 4544 dixit.
598 4474 765 4568 Accipite,
791 4474 895 4547 hihite
921 4498 968 4547 ex
994 4497 1036 4546 eo
1064 4499 1129 4548 vos
1157 4498 1283 4549 omnes.
1322 4480 1385 4550 llic
1413 4491 1465 4552 est
1491 4485 1627 4572 sanguis
1654 4504 1760 4568 meus,
1780 4484 1835 4576 qui

344 4671 351 4679 ,
465 4610 527 4685 pro
553 4589 653 4661 vohis
680 4598 715 4660 et
739 4611 801 4683 pro
828 4591 937 4684 multis
965 4588 1139 4663 ellur'rditnr
1165 4603 1200 4663 et
1225 4593 1339 4683 datur,
1375 4595 1417 4665 ad
1449 4599 1682 4669 remissionem
1708 4621 1835 4693 pecca-

465 4714 585 4790 torum,
613 4714 647 4773 et
671 4708 775 4775 vitam
802 4716 981 4777 aeternam.

569 4818 731 4911 Populus.
781 4820 901 4892 Amen.

569 4933 754 5005 Sacerdos.
806 4936 883 5008 Hoc
924 4936 1023 5009 facite
1063 4941 1097 5010 in
1139 4946 1248 5011 meam
1297 4945 1660 5014 commemorationem:
1704 4942 1836 5035 quando

465 5049 752 5122 communicabitis
779 5051 855 5123 huic
881 5058 1056 5149 mysterio,
1083 5067 1223 5127 mortem
1236 5078 1345 5129 meam
1372 5068 1406 5128 et
1422 5060 1701 5128 resurrectionem
1727 5078 1836 5128 meam

465 5175 736 5254 commemorate,
765 5166 873 5240 donec
898 5172 1043 5240 veniam.

569 5280 731 5373 Populea.
783 5281 904 5357 Mortis
930 5293 1007 5357 tuae
1033 5286 1188 5378 Domine,
1216 5298 1279 5360 etc.
