5150 6534
1062 904 1103 979 tu
1128 902 1336 980 uuuuuuu
1362 904 1393 980 S.
1419 904 1470 980 ΧΥ
1472 905 1540 982 stt.
1912 906 1987 984 145

612 1082 748 1147 nassalus
771 1092 803 1147 et
826 1084 886 1162 aiii,
909 1101 970 1147 non
983 1083 1150 1148 doctrinam
1170 1086 1261 1163 ittam,
1284 1087 1338 1150 sed
1352 1086 1531 1151 additionem
1554 1087 1722 1169 particulae
1743 1089 1878 1171 Filioque
1899 1110 1986 1174 sym-

609 1180 683 1247 bolo
707 1181 815 1245 tactam
837 1184 1071 1265 reprehendunt.
1752 1206 1756 1215 ·
1831 1213 1839 1227 ·
1957 1206 1961 1218 ·

974 1446 1009 1515 5.
1054 1445 1134 1516 Cum
1156 1446 1334 1538 porticulo
1357 1448 1616 1538 propitiatoria.

698 1633 776 1709 Vox
797 1655 921 1714 ttttutm
943 1664 1021 1728 quae
1049 1648 1107 1710 hoc
1138 1648 1207 1712 loco
1237 1651 1370 1713 occurrit
1389 1649 1613 1729 perfectionena,
1634 1640 1813 1727 τελείωσιν,
1837 1656 1867 1711 et
1886 1645 1982 1712 τελε-

607 1734 664 1831 τὴν
692 1747 850 1830 significat,
874 1769 916 1813 ex
937 1751 1031 1830 prima
1054 1751 1188 1832 origine:
1211 1753 1362 1835 significat
1384 1753 1473 1814 etiam
1497 1749 1674 1814 Carbonem.
1719 1750 1852 1834 Uimque
1881 1753 1981 1834 signi-

606 1847 746 1909 ficatione
769 1856 931 1929 usurpatur
952 1848 989 1910 ad
1013 1848 1229 1931 designandam
1258 1851 1435 1933 particulam
1461 1849 1685 1929 Eucharistiae,
1715 1858 1748 1912 ut
1768 1849 1835 1913 'hoc
1857 1849 1925 1912 loco
1949 1857 1980 1921 et

607 1945 639 2007 in
661 1946 775 2009 Ordine
806 1947 965 2026 Generati,
994 1956 1025 2009 ut
1057 1950 1144 2010 etiam
1174 1949 1252 2031 apud
1282 1949 1446 2012 Barsalibi:
1477 1947 1643 2029 eademque
1674 1948 1810 2029 acceptio
1845 1947 1981 2028 ejusdem

605 2045 691 2107 vocis
715 2054 762 2108 est
783 2046 814 2108 in
836 2045 940 2108 Otilcio
965 2049 1204 2110 consecrationis
1227 2048 1310 2111 Diaei
1333 2049 1413 2111 sacri
1430 2048 1496 2110 sive
1510 2054 1640 2127 patenae
1651 2044 1878 2108 Eucharisticae
1901 2063 1980 2125 quae

607 2142 702 2205 Temo
728 2146 765 2208 ¹⁰.
789 2144 870 2208 edita
899 2152 956 2209 est.
1006 2146 1149 2227 Figurata
1175 2146 1252 2210 haec
1281 2148 1436 2228 acceptio,
1466 2153 1500 2208 ut
1528 2145 1589 2208 illic
1618 2146 1805 2223 notavimus,
1835 2162 1876 2206 ex
1902 2142 1979 2208 isaia

605 2250 702 2304 sumta
725 2250 781 2307 est.

766 2935 1159 3064 irruatur
1213 2943 1812 3091 sauciaretur,

921 3181 1203 3260 inrumpis
1243 3132 1665 3259 urosroaonuu.

1009 3438 1159 3508 Primam
1187 3436 1309 3507 Oratio
1335 3441 1416 3507 eale
1441 3434 1578 3507 Pacem.

705 3727 888 3801 Sacerdos.
935 3701 1117 3804 Execesti
1156 3730 1211 3820 qui
1247 3749 1284 3799 es
1312 3730 1345 3797 in
1373 3726 1529 3815 saecula,
1563 3738 1597 3799 et
1623 3724 1716 3800 solus
1743 3734 1884 3822 potens,
1911 3747 1977 3795 ca-

601 3847 684 3915 ritas
710 3844 860 3939 perfecta
888 3856 921 3916 et
948 3866 1042 3917 amor
1073 3841 1247 3914 naturalis:
1275 3843 1368 3914 Deus
1395 3846 1488 3937 pacis
1524 3852 1558 3913 et
1590 3842 1752 3915 Dominus
1786 3841 1976 3936 tranquilli-

602 3962 694 4031 tatis:
731 3959 772 4031 da
805 3960 902 4032 nobis
939 3958 1107 4044 omnibus,
1149 3979 1278 4050 nosque
1315 3958 1436 4048 dignos
1471 3958 1581 4044 effice,
1615 3966 1650 4027 ut
1688 3961 1723 4028 in
1756 3960 1975 4053 inspiratione

601 4078 709 4165 vitae,
743 4097 762 4145 a
795 4075 1024 4147 misericordia
1057 4082 1131 4160 tna,
1166 4072 1404 4165 amplectamur
1430 4074 1574 4143 invicem
1600 4074 1635 4164 in
1662 4072 1790 4164 osculo,
1818 4072 1906 4166 quod
1934 4075 1977 4144 sit

602 4191 675 4261 sine
711 4189 807 4278 dolo,
840 4201 873 4261 et
907 4191 997 4282 digni
1032 4189 1210 4260 efficiamur
1238 4186 1470 4281 tranquillitate
1498 4209 1583 4280 quae
1610 4210 1630 4258 a
1656 4197 1690 4259 te
1717 4199 1785 4276 est,
1821 4198 1854 4258 et
1890 4210 1976 4281 quae

600 4303 748 4397 pacilicis
769 4306 885 4378 datur:
912 4328 973 4401 per
1000 4304 1178 4375 adventum
1204 4305 1451 4374 miserationum
1476 4302 1541 4373 Dei
1574 4305 1685 4394 magni
1720 4312 1755 4374 et
1787 4302 1975 4376 salvatoris

600 4423 707 4493 nostri
732 4421 814 4494 lesu
842 4419 975 4509 Christi,
1002 4442 1064 4516 per
1091 4442 1189 4513 quem
1216 4428 1349 4491 etcum
1378 4440 1443 4512 quo
1472 4427 1506 4489 te
1539 4416 1636 4507 decet
1662 4417 1771 4509 gloria
1798 4429 1832 4490 et
1857 4417 1974 4491 honor.

704 4535 864 4627 Populea.
917 4537 1037 4607 Amen.

703 4648 888 4721 Sacerdos.
942 4650 1038 4723 Nunc
1066 4672 1198 4744 quoqne
1224 4651 1384 4736 Domine,
1417 4647 1563 4719 illumina
1594 4645 1721 4719 vadium
1754 4659 1845 4720 tuum
1872 4669 1974 4741 super

599 4784 677 4854 nos,
703 4774 737 4836 et
763 4765 857 4838 salva
884 4787 948 4839 nos
976 4765 1018 4837 ab
1046 4765 1198 4837 omnihus
1231 4767 1371 4836 inimicis
1406 4767 1460 4857 qni
1494 4763 1634 4835 oderunt
1659 4784 1745 4835 nos:
1773 4762 1848 4835 dele
1874 4766 1973 4833 etiam

599 4888 634 4950 ct
659 4878 783 4952 dimitte
809 4883 996 4974 iniquitates
1023 4891 1173 4955 nostras:
1202 4891 1235 4951 et
1260 4878 1445 4952 referemus
1471 4877 1530 4950 tibi
1555 4879 1709 4971 gloriam,
1737 4886 1800 4951 etc.

703 4995 864 5088 Populus.
918 4998 1038 5069 Amen.

701 5110 886 5184 Sacerdos.
939 5114 1014 5184 Pax
1040 5112 1140 5184 vobis
1168 5108 1329 5182 omnibus.

703 5224 865 5317 Populea.
918 5228 1062 5299 Etcum
1090 5230 1207 5321 spiritu
1232 5236 1301 5297 tuo.

702 5339 889 5413 Diaconos.
941 5344 1009 5413 Det
1033 5362 1152 5437 pacem
1177 5343 1411 5437 unusquisqne.
