5150 6534
504 804 653 906 jace
1078 799 1439 879 u1runu1n

573 999 647 1078 tua,
680 993 717 1061 ct
739 1011 852 1061 cauom
878 986 1128 1061 misericordiae
1154 997 1253 1077 tuae,
1287 1008 1349 1083 per
1379 986 1505 1059 bonam
1534 994 1570 1059 et
1604 993 1823 1081 temperatam
1845 985 1950 1059 ιιιιιι

468 1157 471 1163 -
575 1098 852 1190 constitutionem,
880 1102 1045 1175 fructuum
1070 1100 1266 1191 ubertatem,
1293 1100 1493 1195 frugumque
1519 1099 1770 1189 abundantiam,
1788 1102 1950 1172 ,reneu-

573 1230 706 1315 temque
733 1217 861 1291 dorum.
904 1219 1096 1293 Praeserva
1122 1240 1197 1290 eam
1224 1214 1267 1289 ub
1295 1214 1449 1289 omnibus
1474 1215 1585 1312 plagis
1610 1215 1748 1306 furoris,
1772 1223 1809 1285 et
1827 1211 1871 1285 ah
1890 1218 1969 1313 in·-

575 1332 715 1405 sultibus
751 1336 870 1429 iniquis
906 1335 1134 1422 inimicorum,
1168 1344 1235 1403 tum
1271 1332 1488 1427 spiritualium
1527 1353 1625 1425 quom
1657 1320 1880 1418 sensibilim
1912 1336 1951 1401 ut

575 1448 703 1542 absque
730 1447 795 1520 ulla
822 1451 1016 1543 passionum
1043 1471 1148 1539 noxa,
1173 1456 1358 1544 perpetuos
1384 1445 1528 1543 hymnos
1555 1447 1683 1538 gloriae
1702 1464 1862 1517 muamus
1879 1440 1950 1530 tibi,

575 1573 610 1634 et
635 1566 805 1655 unigenito
831 1562 917 1634 Filio
945 1572 1013 1634 tuo.

679 1676 842 1772 Populus.
894 1680 1016 1751 Amen.

678 1791 855 1863 Sacerdos
880 1792 1072 1863 inclinatur.
1124 1792 1179 1867 Ad
1206 1790 1400 1881 altareboc,
1427 1802 1461 1864 ot
1487 1790 1530 1862 od
1554 1789 1632 1862 illud
1650 1790 1748 1865 coelo
1764 1726 1951 1880 subimus,

575 1910 734 1978 memoria
760 1908 849 1980 bona
877 1910 919 1979 sit
936 1907 999 1980 illis
1026 1906 1179 1981 omnibus
1206 1910 1261 2002 qui
1288 1930 1334 1979 ex
1361 1905 1482 1979 mundo
1504 1906 1563 1978 tibi
1577 1905 1783 2002 placuerunt
1824 1906 1954 1978 Prae*

576 2027 672 2119 cipue
698 2044 783 2093 vero
811 2032 947 2094 sunctae
975 2022 1153 2094 Genitricis
1168 2023 1246 2111 Dei,
1272 2024 1412 2096 Joannis
1428 2023 1556 2111 nuncii,
1583 2022 1766 2117 Baptistae,
1790 2032 1950 2116 etprae-

576 2142 740 2211 eursoris:
767 2137 857 2209 Petri
874 2149 908 2210 et
920 2138 1026 2226 Pauli,
1045 2141 1211 2231 totiusque
1226 2148 1342 2210 coetus
1354 2137 1610 2232 Apostolorum:
1630 2135 1789 2231 Stephani
1803 2156 1949 2231 quoquc,

579 2266 613 2325 et
639 2258 819 2325 universae
846 2251 963 2325 turbae
989 2252 1192 2350 Martyrum,
1219 2264 1253 2324 et
1279 2275 1395 2325 eorum
1423 2256 1584 2342 omnium,
1612 2256 1757 2345 quiante
1774 2273 1850 2341 eos,
1875 2272 1949 2322 cum

575 2365 660 2457 illis,
689 2378 722 2438 et
748 2378 825 2464 post
851 2390 913 2441 eos
938 2368 1152 2464 placuerunt,
1181 2379 1214 2440 et
1239 2369 1374 2464 placent
1398 2368 1468 2441 ubi

680 2483 830 2554 Eteonos
859 2504 985 2554 ccccm.
1038 2482 1083 2554 Et
1108 2484 1238 2579 quaudo
1266 2485 1397 2578 quidem
1424 2493 1522 2577 potes
1542 2484 1670 2571 omnia,
1697 2480 1850 2554 coetibus
1867 2431 1951 2553 illo·

456 2626 459 2631 ·
576 2619 648 2668 rum
674 2597 880 2688 dilectorum,
907 2607 941 2670 et
968 2593 1225 2672 domesticorum
1247 2608 1376 2671 tuorum
1394 2599 1540 2689 adjunge
1563 2598 1783 2670 infirmitatem
1800 2605 1950 2670 nostram

575 2712 734 2784 Domine:
761 2717 1018 2807 congregationi
1053 2715 1099 2787 illi
1129 2714 1271 2803 beatae,
1303 2717 1390 2810 parii
1422 2713 1498 2786 huic
1531 2711 1684 2800 ιιιιιιιιιο,
1723 2722 1759 2784 ut
1792 2734 1857 2808 per
1887 2732 1948 2788 eus

578 2830 798 2923 suscipiantur
836 2827 1024 2905 oblationes
1062 2841 1096 2901 et
1135 2833 1303 2902 orationes
1337 2841 1475 2902 nostrae
1505 2850 1621 2901 coram
1656 2828 1776 2900 throno
1809 2827 1949 2901 excelso

576 2945 757 3034 majestatis
785 2952 874 3030 tuae,
903 2966 945 3015 eo
966 2944 1055 3038 quod
1081 2944 1232 3020 imbelles
1251 2946 1416 3017 etinhrmi
1430 2966 1554 3033 sumus,
1581 2944 1841 3038 indigentesque
1859 2942 1949 3014 bdu-

576 3059 628 3128 cia
662 3056 749 3153 apud
782 3068 824 3129 te.
880 3058 1039 3131 Nimirum
1074 3070 1249 3191 peccatum
1293 3072 1442 3134 nostrum
1483 3073 1517 3132 et
1552 3062 1678 3152 justitia
1716 3067 1832 3130 nostre
1872 3054 1949 3128 nihil

576 3183 667 3263 sunt,
694 3173 736 3245 ad
763 3171 904 3270 pelagus
931 3171 1069 3245 effusum
1097 3183 1132 3244 et
1157 3152 1350 3245 lmmensum
1377 3175 1629 3248 misericordiae
1654 3183 1743 3245 tuae
1794 3173 1833 3245 ln
1846 3170 1950 3251 corda

574 3290 674 3379 igitur
700 3286 906 3383 singulorum
933 3291 1159 3386 perspiciens,
1186 3288 1419 3363 retributiones
1446 3289 1555 3362 bonas
1590 3292 1789 3401 petitionum
1816 3308 1951 3360 sumum

563 3406 751 3497 unicuique
783 3406 889 3490 mitte,
922 3412 959 3475 ut
990 3407 1025 3474 iu
1058 3402 1211 3476 omnibus
1243 3407 1339 3475 etin
1371 3406 1510 3497 singulis
1542 3405 1699 3476 adoretur
1731 3398 1767 3475 et
1798 3402 1950 3475 laudetur

577 3519 744 3608 majestas
764 3530 818 3590 tua
846 3527 879 3589 et
905 3521 1066 3612 unigeniti
1092 3518 1168 3590 Filii
1196 3523 1250 3590 tui.

681 3634 842 3726 Populus.
895 3633 1016 3705 Amen.

681 3748 857 3819 Sacerdos
891 3749 1084 3820 inclinatur.
1137 3749 1308 3823 Memento
1342 3750 1488 3822 Domine
1521 3752 1665 3821 omniurn
1689 3747 1950 3844 Episcopomm,

579 3864 762 3936 Doctorum
789 3874 823 3935 et
849 3863 1043 3936 Praesulum
1061 3864 1236 3936 Ecclesiae
1264 3875 1339 3936 tuae
1367 3876 1503 3937 sanctae
1529 3887 1645 3936 eorum
1674 3867 1728 3958 qui
1747 3856 1949 3938 adacoho⁵

577 3977 758 4072 Apostolo,
783 3977 954 4074 Episcopo
984 3989 1017 4050 et
1029 3978 1182 4074 Martyre
1207 4003 1314 4075 usquc
1343 3981 1384 4052 ad
1410 3979 1604 4052 hodiernum
1621 3980 1727 4067 diem,
1753 3980 1951 4075 placuerunt

578 4104 611 4163 et
637 4093 770 4187 placent
795 4092 862 4165 tibi.

680 4208 830 4279 Elaeam
854 4232 979 4281 ccccm.
1031 4211 1147 4282 Insere
1173 4214 1206 4281 in
1237 4211 1336 4282 nobis
1362 4213 1507 4282 Domine
1541 4210 1637 4282 tidem
1672 4231 1787 4282 eorum
1818 4232 1950 4298 veram,

578 4334 611 4393 et
643 4323 750 4393 zelum
784 4345 900 4395 eorum
931 4347 994 4419 pro
1027 4346 1112 4396 vera
1145 4325 1328 4417 rchgionc,
1360 4330 1530 4398 caritatem
1558 4347 1674 4396 eorum
1707 4328 1889 4413 sinceram,
1906 4333 1952 4396 ‘et

577 4435 657 4507 nulli
684 4436 826 4509 defectui
853 4437 1044 4528 obnoxiam,
1071 4463 1184 4512 mores
1203 4463 1319 4512 eorum
1339 4440 1572 4536 inculpabiles:
1600 4450 1635 4511 ut
1660 4443 1814 4532 vestigiis
1834 4461 1950 4513 eorum

577 4551 806 4640 inhaerentes,
833 4557 1013 4650 participes
1040 4556 1204 4628 mercedis
1233 4578 1347 4626 eorum
1364 4559 1484 4656 simus,
1512 4564 1546 4627 et
1561 4578 1761 4629 coronarum
1774 4560 1949 4643 victoriae,

577 4689 663 4760 quae
689 4666 751 4739 illis
777 4678 916 4763 paratae
943 4673 1078 4741 suntin
1104 4691 1211 4761 regno
1238 4682 1294 4742 tuo
1322 4670 1476 4743 coelesti:
1503 4670 1634 4771 illicque
1661 4669 1758 4745 simul
1784 4694 1858 4743 curn
1885 4669 1952 4742 illis

577 4800 735 4853 canamus
762 4782 821 4853 tibi
847 4783 989 4874 gloriam
1016 4783 1270 4873 indesinentem,
1299 4799 1332 4857 et
1358 4791 1528 4880 unigenito
1557 4786 1641 4859 Filio
1669 4799 1736 4858 tuo.

680 4897 841 4988 Papulae.
894 4900 1013 4970 Amen.

682 5008 858 5083 Sacerdos
884 5015 1075 5085 inclinatus.
1130 5013 1299 5088 Memento
1325 5020 1470 5090 Domine
1487 5020 1630 5089 omnium
1647 5016 1877 5089 detuncaomn
1896 5016 1953 5110 qai

577 5130 805 5202 decubnenmr
830 5151 903 5199 oum
931 5151 993 5224 spe
1020 5139 1091 5220 tua,
1117 5133 1151 5199 in
1177 5128 1241 5200 fide
1267 5154 1369 5204 vera:
1397 5137 1592 5227 praesertim
1619 5155 1705 5204 vero
1733 5143 1767 5204 at
1791 5137 1952 5205 nomina-

577 5238 653 5322 tim,
693 5251 842 5334 patrum,
874 5243 1031 5333 fratrum,
1065 5249 1366 5341 magistrorumque
1400 5257 1607 5336 nostrorum,
1642 5247 1870 5344 corporalium
1896 5257 1953 5320 aot
