5150 6534
548 873 599 949 DE
620 867 790 948 sinistis
811 867 1084 946 lIEhCHITARUll
1106 869 1154 944 nt
1172 865 1438 945 Jtcossnnnttn
1462 865 1656 942 LITURCllS.
1710 861 1817 934 ‘XVll

448 1068 484 1130 ut
509 1058 596 1153 apud
621 1057 762 1131 Latinos
789 1067 944 1144 veteres,
973 1055 1125 1140 oblat-io,
1154 1055 1287 1140 litatio,
1315 1056 1439 1140 Actio,
1475 1062 1531 1123 aut
1563 1051 1660 1123 aliter
1694 1061 1817 1123 vocata

450 1174 613 1268 quondam
640 1173 709 1244 luit.
762 1173 967 1272 Praeparato
995 1172 1110 1261 altari,
1146 1168 1314 1242 Sacerdos
1347 1169 1500 1241 diversas
1533 1189 1652 1262 preces
1687 1170 1818 1255 recitat,

451 1312 548 1364 saera
580 1293 778 1362 vestimenta
813 1289 934 1377 induit,
967 1296 1002 1359 et
1034 1290 1080 1357 ita
1113 1286 1155 1357 ad
1188 1289 1410 1359 sanctuarium
1445 1281 1664 1381 progreditur.
1716 1283 1818 1354 Panis

449 1403 697 1477 Eucharisticus
723 1427 797 1476 cum
825 1405 946 1494 calice,
974 1427 994 1474 a
1020 1401 1192 1493 Prothesi,
1218 1401 1275 1473 ubi
1301 1404 1411 1475 statim
1436 1403 1658 1489 collocantur,
1693 1399 1735 1472 ad
1761 1400 1817 1470 al-

449 1532 523 1591 tare
549 1519 756 1611 deseruntur,
784 1520 901 1592 eadem
927 1522 1206 1614 properatione,
1233 1542 1299 1613 qua
1325 1518 1360 1589 lit
1382 1517 1470 1614 apud
1490 1515 1642 1590 Graecos
1669 1539 1817 1611 mopere,

449 1647 486 1708 ut
510 1645 635 1711 vocant
659 1636 842 1713 introitus:
871 1634 912 1707 de
940 1656 1004 1729 quo
1031 1637 1097 1705 ritu
1129 1633 1246 1705 dicitur
1276 1637 1311 1705 in
1346 1633 1591 1706 Commentario
1626 1632 1668 1703 ad
1700 1631 1846 1703 Litur-¹

450 1755 539 1842 giam
566 1751 685 1825 Jacobi
710 1752 904 1847 Syriacam,
931 1761 965 1822 et
992 1750 1113 1821 dictum
1140 1761 1192 1822 est
1227 1748 1269 1821 ad
1302 1746 1475 1845 Coptieam
1506 1749 1631 1821 Basilii.
1685 1747 1818 1820 blisce-

450 1877 505 1938 tur
530 1891 616 1962 aqna
642 1870 775 1957 vinum,
801 1889 848 1939 ex
873 1869 1099 1938 vetustissima
1127 1865 1314 1937 traditione:
1342 1865 1429 1937 dona
1455 1864 1512 1936 ubi
1534 1865 1576 1936 ad
1598 1865 1704 1936 altare
1730 1863 1818 1935 illata

451 1993 543 2071 sunt,
572 1982 691 2078 duplici
716 1982 813 2073 velo,
839 1985 958 2073 majori
985 1994 1019 2054 et
1044 1985 1162 2054 minori
1180 1991 1354 2075 teguntur,
1377 1991 1411 2052 et
1425 1984 1647 2052 incensantur.
1687 1981 1819 2051 Dicun-

360 2104 365 2111 '
451 2107 504 2168 tur
528 2102 657 2170 interea
689 2102 805 2169 variae
840 2098 1256 2190 orationes,·'l'risogium,
1284 2097 1399 2170 Gloria
1433 2099 1466 2168 in
1502 2096 1663 2168 excelsis:
1696 2095 1820 2168 Psalmi

376 2293 380 2300 ⁴
453 2214 591 2308 aliquot:
618 2213 742 2309 Hymni
768 2213 894 2286 diversi
921 2213 1101 2286 seeundum
1129 2212 1219 2304 dies,
1246 2216 1394 2286 carmine
1419 2211 1642 2308 Ephremitico
1669 2212 1727 2283 vel
1751 2211 1819 2283 la-

452 2329 613 2401 cohitico:
640 2328 826 2401 Prooemia.
879 2329 1009 2401 Deinde
1035 2328 1190 2420 legrmtur
1216 2334 1384 2402 sectiones
1413 2352 1457 2400 ex
1475 2329 1635 2424 Epistolis
1654 2327 1759 2418 Pauli,
1787 2338 1822 2400 et

453 2443 650 2532 Catholicis,
678 2444 853 2540 aliquando
882 2468 928 2516 ex
953 2447 1047 2516 Actis
1073 2446 1311 2540 Apostolorum
1340 2455 1374 2516 et
1400 2468 1446 2517 ex
1464 2445 1579 2518 Veteri
1591 2444 1820 2536 Testamento,

448 2562 544 2651 juxta
570 2558 697 2632 indices
724 2563 779 2654 qui
805 2557 965 2631 habentur
991 2563 1025 2630 in
1052 2560 1212 2652 singulari
1238 2561 1376 2649 codice,
1408 2583 1518 2656 neque
1553 2564 1640 2632 enim
1672 2571 1709 2632 ut
1734 2560 1822 2655 apud

452 2674 611 2763 Latinos,
637 2674 817 2746 Lectiones
843 2674 937 2747 libris
963 2674 1153 2748 blissalibus
1180 2681 1384 2765 inseruntur,
1411 2674 1473 2750 sed
1498 2685 1653 2771 petuntur
1679 2699 1725 2747 ex
1744 2676 1820 2748 Le-

383 2821 385 2825 >
454 2792 643 2877 ctionariis,
671 2811 757 2884 quae
785 2789 872 2884 apud
898 2791 1024 2886 Spros,
1051 2802 1086 2863 et
1110 2792 1257 2887 reliquos
1273 2791 1461 2864 Orientales
1476 2789 1649 2881 habentur,
1675 2803 1711 2864 ut
1734 2791 1822 2887 apud

453 2907 604 2978 Graecos
635 2902 1026 3007 Ἀποστολοευαγγέλια.
1084 2907 1229 2999 Preces,
1263 2908 1579 3002 benedictionesque
1615 2908 1821 2997 Sacerdotis,

454 3021 657 3096 hortationes
682 3021 824 3094 Diaconi
851 3022 894 3094 ad
919 3022 1095 3118 populum,
1123 3024 1261 3115 singulis
1298 3023 1495 3097 lectionibus
1532 3023 1755 3116 adjunguntur
1791 3035 1825 3097 et

455 3138 574 3209 eodem
599 3147 733 3228 tenore,
767 3147 865 3210 antea
898 3139 955 3211 vel
987 3139 1086 3233 paulo
1125 3150 1204 3234 post
1230 3139 1380 3210 dicuntur
1419 3140 1586 3210 orationes
1623 3139 1820 3236 Εἰρηνικαί,

454 3258 529 3326 sive
554 3276 616 3350 pro
643 3277 745 3348 pace,
773 3265 807 3325 et
833 3254 906 3327 aliis
932 3254 1102 3326 beneficiis
1130 3278 1216 3348 quae
1243 3279 1263 3326 a
1289 3254 1365 3327 Deo
1391 3252 1614 3350 postulantur,
1640 3263 1823 3350 praeeunte

452 3369 622 3443 Diacono:
650 3370 836 3443 Sacerdote
862 3381 1027 3444 secretam
1055 3373 1236 3442 orationem
1264 3374 1391 3443 interea
1418 3372 1665 3464 pronunciante,
1692 3380 1726 3440 et
1750 3390 1821 3464 po-

452 3485 530 3581 pulo
558 3486 763 3557 acclamante
789 3485 899 3578 quic
912 3487 1049 3558 cleison.
1084 3485 1328 3582 Scripturarum
1348 3484 1447 3558 lectio
1463 3484 1498 3556 tit
1509 3490 1648 3579 primum
1663 3483 1821 3581 Syriaco:

455 3612 488 3672 et
512 3611 633 3697 postea
658 3602 825 3691 Arabico,
854 3623 939 3696 quae
965 3601 1079 3694 lingua
1106 3611 1157 3676 est
1183 3605 1349 3674 maximae
1374 3607 1478 3696 partis
1512 3595 1661 3674 Orientis'
1689 3624 1822 3674 verna-

455 3718 539 3789 cula.
590 3716 652 3788 His
678 3721 823 3812 peractis
854 3722 982 3790 canitur
1008 3719 1150 3814 Syriaco
1184 3742 1204 3789 a
1236 3716 1359 3814 populo
1391 3717 1574 3790 Nicaenum
1609 3716 1822 3813 Symbolum:

455 3832 624 3905 Sacerdos
650 3854 766 3905 manus
793 3833 901 3905 lavat:
928 3833 1138 3906 commendat
1163 3855 1202 3906 se
1228 3837 1507 3907 circumstantium
1533 3835 1688 3929 precibus
1704 3844 1739 3905 et
1764 3837 1822 3904 in-

454 3952 574 4044 cipitur
598 3947 797 4044 Anapbora,
831 3955 905 4025 sive
932 3973 1029 4023 sacra
1061 3952 1171 4022 Actio.
1231 3949 1321 4021 Illius
1354 3952 1477 4022 initium
1513 3960 1565 4023 est
1600 3954 1705 4022 oratio
1746 3961 1823 4022 ante

457 4065 603 4137 osculum
630 4069 742 4160 pacis,
770 4076 804 4138 et
830 4078 1006 4161 antequam
1033 4066 1161 4138 dicatur
1188 4076 1341 4160 superest
1367 4069 1400 4138 in
1426 4066 1598 4140 codicibus
1612 4061 1731 4138 MSSP.
1752 4089 1823 4137 ve-

456 4190 509 4252 tus
535 4179 676 4252 formula
702 4182 853 4273 ejiciendi
880 4182 1050 4253 audientes
1078 4192 1111 4254 et
1142 4183 1367 4276 poenitentes,
1401 4186 1495 4256 testis
1529 4185 1682 4277 antiquae
1716 4182 1823 4254 disci-

456 4295 576 4391 pliuae.
627 4297 712 4368 'l'um
737 4296 926 4369 benedictio
955 4300 1196 4392 antiquissima:
1223 4297 1362 4369 Caritas
1392 4298 1463 4369 Dei
1497 4299 1635 4386 Putris,
1671 4304 1734 4367 etc.
1769 4299 1824 4369 si-

456 4434 557 4504 gnum
585 4415 693 4484 crucis
721 4433 822 4508 super
848 4412 1012 4509 populum.

559 4525 643 4598 Post
668 4528 816 4599 osculum
842 4533 955 4625 pacis,
982 4529 1122 4601 Sursum
1148 4530 1257 4600 corde
1290 4539 1324 4600 et
1354 4528 1498 4624 reliqua,
1534 4531 1628 4621 cujus
1662 4525 1825 4601 formulae

457 4641 578 4737 ubique
604 4653 763 4738 receptae
789 4647 823 4714 in
850 4644 1000 4717 omnibus
1028 4648 1263 4739 cujuscumque
1289 4644 1423 4737 linguae
1449 4644 1609 4740 Liturgiis
1627 4654 1721 4717 extat
1745 4666 1824 4714 me-

458 4763 582 4830 moria·
628 4756 797 4862 Prpefatio
825 4783 911 4854 quae
938 4772 991 4833 est
1009 4761 1051 4832 de
1066 4764 1245 4853 gratiarum
1262 4763 1404 4849 actione,
1422 4759 1639 4856 laudibusque
1657 4760 1699 4832 ad
1716 4760 1824 4831 Deum

457 4871 643 4946 referendis
669 4886 807 4974 propter
835 4879 943 4947 omnia
971 4880 1002 4947 in
1030 4899 1137 4969 genus
1162 4877 1336 4947 humanum
1355 4873 1529 4965 beneficia,
1556 4878 1746 4963 creationis,
1766 4874 1824 4944 le-

457 4992 510 5081 gis
537 4989 787 5085 promulgatae,
814 4995 981 5064 missionis
1008 4991 1264 5088 Prophetarum,
1291 4991 1423 5063 tandem
1456 4993 1659 5065 liberationis
1692 4990 1823 5061 humani

458 5108 593 5196 generis
619 5128 681 5201 per
706 5107 990 5195 lucarnationem,
1018 5106 1262 5202 salutaremque
1290 5107 1568 5203 dispensationem
1597 5105 1717 5178 Christi
1743 5105 1823 5176 Do-

457 5224 545 5291 mini.
612 5221 767 5316 Sequitur
801 5225 834 5294 in
867 5221 1086 5294 Praelationis
1121 5224 1185 5295 ime
1220 5224 1372 5321 Hymnus
1409 5222 1631 5312 Cherubicus,
1664 5220 1825 5314 Sanctus,

459 5335 617 5425 Sanctus,
644 5337 803 5430 Sanctus,
830 5341 885 5433 qui
912 5341 1039 5411 canitur
1065 5362 1085 5409 a
1110 5339 1243 5435 populo.

490 5475 614 5518 nummu.
1592 5455 1616 5528 3
