5150 6534
1182 799 1339 875 432
2201 799 2922 879 LITURGIA

1186 987 1425 1060 fiducia
1480 997 1548 1060 et
1599 991 1900 1076 caritate,
1955 988 2315 1061 audeamus
2366 989 2693 1062 invocare
2743 997 2811 1058 te
2862 989 3130 1057 Patrem
3189 997 3511 1074 sanctum,
3567 997 3635 1057 et
3691 989 3947 1077 dicere,

1187 1103 1392 1177 Pater
1444 1114 1675 1178 noster
1726 1107 1836 1200 qui
1891 1126 1968 1176 es
2022 1107 2090 1176 in
2147 1101 2373 1177 coelis.

1397 1218 1723 1313 Populus.
1832 1220 2311 1299 Sanctificetur.

1398 1336 1770 1407 Sacerdos.
1880 1336 1937 1408 Ο
1991 1336 2195 1408 Pater
2244 1333 2447 1424 bone,
2503 1345 2571 1408 et
2624 1345 2882 1407 amator
2934 1333 3286 1417 bonorum,
3338 1357 3424 1405 ne
3479 1357 3607 1405 nos
3664 1337 3943 1405 inducas

1191 1454 1259 1523 in
1309 1455 1761 1538 tentationem,
1814 1473 2035 1546 neque
2088 1450 2461 1524 dominetur
2522 1455 2592 1522 in
2660 1449 2856 1524 nohis
2922 1453 3054 1521 ulla
3122 1453 3455 1545 iniquitas:
3527 1453 3670 1521 Sed
3727 1449 3943 1521 libera

1191 1592 1319 1642 nos
1387 1567 1472 1641 ab
1529 1567 1849 1664 operibus
1918 1567 2148 1657 malis3
2217 1570 2791 1663 cogitationesque
2866 1569 3286 1657 intlecentffi,
3354 1581 3422 1637 et
3487 1569 3947 1653 tentationem,

1195 1708 1370 1779 quae
1411 1707 1505 1756 ex
1543 1687 1922 1780 privatione
1966 1685 2368 1757 visitationis
2411 1694 2567 1757 tuae
2612 1686 2926 1769 nascitur,
2970 1685 3246 1781 depe-lle.
3322 1685 3547 1757 Mutus
3595 1686 3799 1753 etiam
3839 1685 3947 1777 qui

1193 1824 1233 1871 a
1266 1799 1481 1888 nohiS,
1524 1810 1592 1872 et
1628 1802 1695 1870 in
1726 1800 1922 1872 nobis
1960 1802 2353 1887 excitantur,
2408 1810 2478 1871 et
2505 1799 2990 1895 proclivitatem
3038 1825 3210 1897 quae
3246 1821 3370 1873 nos
3398 1801 3483 1869 ad
3527 1797 3947 1897 >peccandum

1153 1961 1161 1970 ,
1190 1918 1388 2011 rapit,
1413 1937 1683 2004 coerce,
1708 1938 1833 2010 per
1847 1914 2180 1987 Christum
2205 1925 2385 1988 tuum
2412 1927 2714 1989 sanctum
2732 1938 2878 1989 cum
2910 1937 3038 2009 quo
3066 1925 3126 1989 te
3154 1917 3346 1985 decet
3370 1917 3591 2005 gloria
3619 1925 3687 1985 et
3711 1917 3947 1985 honor.
4027 1906 4038 1910 ’

1399 2030 1722 2124 Populus.
1826 2030 2067 2102 Amen.

1403 2146 1773 2218 Sacerdos.
1879 2147 2050 2218 Pax.

1401 2262 1722 2356 Populus.
1829 2260 1919 2334 Et
1970 2285 2120 2333 cum
2174 2267 2408 2358 spiritu
2460 2276 2597 2337 tuo.

1397 2379 1775 2450 Diaconus.
1851 2379 2083 2449 Ante.

1398 2493 1724 2586 Populus.
1832 2492 2081 2565 Coram
2134 2504 2201 2565 te
2252 2495 2558 2568 Domine.

1398 2607 1767 2680 Sacerdos.
1877 2607 2046 2681 Cum
2111 2611 2298 2682 collis
2372 2614 2680 2705 corporis
2745 2621 3003 2683 mentes
3076 2632 3344 2706 quoque
3405 2620 3682 2684 nostras
3736 2607 3945 2681 incli-

1189 2745 1449 2814 namuS,
1500 2727 1915 2816 majestatem
1970 2725 2230 2819 quidem
2284 2735 2460 2798 tuam
2477 2777 2499 2815 ,
2571 2728 2958 2799 servitutem
3024 2748 3195 2798 vero
3262 2726 3526 2821 qualem
3576 2728 3941 2821 unicuique

1189 2851 1489 2914 nostrum
1542 2845 1860 2913 convenit
1913 2840 2257 2932 exhibere,
2312 2841 2429 2913 tibi
2482 2843 2914 2915 confitentes:
2967 2864 3418 2938 rogamusque
3468 2853 3576 2931 te,
3627 2838 3815 2915 hone
3875 2847 3943 2911 et

1192 2968 1452 3029 amator
1503 2954 1859 3045 hominum,
1913 2966 1983 3027 ut
2032 2960 2358 3053 propitius
2413 2957 2665 3048 factus,
2721 2982 2759 3030 a
2813 2956 3237 3054 passionibus
3292 2960 3519 3031 noxiis
3570 2979 3702 3032 nos
3752 2954 3939 3029 libe-

1190 3094 1336 3145 res:
1391 3081 1609 3144 motus
1682 3075 1879 3142 etiam
1947 3074 2167 3143 carnis
2239 3073 2324 3144 ad
2393 3077 2658 3168 peccati
2712 3094 3008 3145 amorem
3059 3076 3492 3166 instigantes,
3550 3074 3935 3147 obscoenas

1188 3190 1569 3283 passiones,
1626 3186 1897 3260 dissidia
1950 3187 2383 3260 adversarum
2413 3193 2822 3284 passionum,
2877 3191 3099 3261 omnia
3141 3189 3343 3279 bella,
3395 3199 3528 3261 tam
3565 3211 3661 3261 ex
3713 3186 3933 3274 nobis,

1192 3327 1387 3399 quam
1440 3306 1506 3374 in
1558 3302 1777 3390 nobiS,
1832 3306 2058 3375 varias
2113 3306 2587 3377 sententiarum
2639 3306 3152 3400 opinionumque
3215 3304 3703 3377 haereticarum
3755 3323 3932 3376 con-

1190 3422 1620 3508 certationes,
1673 3418 2052 3491 facilitatem
2107 3420 2192 3490 ad
2242 3420 2648 3515 loquendum
2703 3421 2977 3509 inutilia,
3037 3420 3523 3507 altercationes,
3547 3420 3930 3492 contentio-

1194 3557 1334 3621 saS,
1391 3533 1474 3606 ah
1531 3532 1835 3607 omnibus
1891 3535 2182 3609 moribus
2237 3540 2593 3628 extingue,
2665 3547 2733 3608 et
2783 3540 2847 3608 in
2904 3535 3209 3608 omnihus
3260 3534 3622 3608 familiares
3677 3546 3744 3607 et
3797 3533 3932 3606 do-

1191 3654 1504 3722 mesticos
1577 3650 1686 3721 fac
1750 3673 1874 3722 nos
1947 3650 2063 3722 tibi
2134 3663 2200 3722 et
2261 3676 2383 3748 per
2448 3655 2832 3748 patientiam
2898 3650 3257 3725 voluntatis
3328 3662 3481 3725 tuae
3549 3649 3927 3724 consolare.

1188 3768 1292 3837 Da
1347 3764 1541 3870 nobis
1597 3767 1792 3835 etiam
1848 3788 2052 3851 nunc,
2107 3771 2419 3838 virtutem
2473 3770 2842 3863 sapientiae
2896 3779 2964 3839 et
3018 3767 3331 3841 auxilium
3384 3768 3812 3863 prudentiae,
3864 3775 3932 3837 ut

1190 3903 1394 3975 supra
1450 3902 1686 3953 sensus
1740 3882 2118 3954 materiales
2173 3882 2422 3955 elevati
2457 3887 2685 3972 simus,
2739 3906 2957 3978 neque
3005 3884 3449 3979 corruptelae,
3502 3903 3723 3975 neque
3757 3903 3929 3976 pas-

1189 3995 1486 4071 sionibus
1552 3995 1844 4071 obnoxii.
1962 3999 2050 4070 Et
2114 4001 2283 4070 sicut
2344 4000 2474 4071 hoc
2542 4009 2778 4071 natura
2850 3995 2911 4034 ¹¹
2966 4011 3069 4072 est
3144 4000 3531 4094 mysterium
3597 3996 3932 4089 Unigeniti

1191 4116 1319 4201 tui,
1391 4115 1480 4184 ita
1550 4136 1674 4208 per
1739 4112 1895 4184 illud
1961 4118 2397 4209 suscipiamus
2466 4114 2750 4204 donum,
2824 4116 2907 4186 ad
2971 4119 3435 4189 remissionem
3499 4122 3926 4207 peccatorum

1188 4237 1590 4314 nostrorum,
1646 4239 1713 4299 et
1766 4228 1850 4299 ad
1904 4229 2189 4321 gloriam
2243 4234 2526 4302 nominis
2584 4234 2697 4321 tui,
2752 4242 2820 4303 et
2874 4231 3070 4322 illius,
3125 4244 3191 4305 et
3243 4233 3528 4327 Spiritus
3583 4234 3816 4302 sancti.

1397 4343 1720 4435 Populus.
1826 4344 2065 4416 Amen.

1396 4458 1765 4530 Sacerdos.
1872 4462 2040 4532 Pax.

1282 4612 1284 4614 >
1396 4572 1720 4666 Populus.
1825 4574 1914 4646 Et
1968 4599 2112 4647 cum
2169 4580 2401 4673 spiritu
2456 4588 2588 4651 tuo.

1396 4690 1790 4763 Sacerdos.'
1873 4691 1994 4763 Sit.

1396 4805 1771 4877 Diaconus.
1880 4807 2048 4880 Cum
2103 4811 2358 4880 timore.

1398 4919 1769 4993 Sacerdos.
1878 4923 2125 4996 Sancta
2182 4925 2449 4996 sanctis.

1395 5036 1721 5130 Populus,
1828 5038 2011 5111 Unus
2064 5038 2268 5110 Pater
2320 5049 2610 5111 sanctus.

1396 5151 1765 5227 Sacerdos.
1871 5154 2419 5249 Quandoquidem
2471 5156 2952 5250 incorruptioni
3004 5155 3328 5251 spirituali
3382 5159 3927 5229 communicavi-

1189 5289 1360 5359 mus,
1415 5280 1483 5341 et
1533 5292 1663 5365 per
1709 5274 2017 5345 virtutem
2070 5274 2333 5343 animae
2385 5270 2751 5343 confirmati
2816 5248 3092 5377 fuimus,
3166 5271 3285 5345 tibi
3352 5275 3552 5345 etiam
3600 5273 3925 5361 benefice,
