5150 6534
725 836 778 911 40
1231 839 1650 917 niliacis·

725 1027 845 1110 nostri,
873 1047 948 1096 cum
975 1048 1040 1120 quo
1067 1020 1218 1098 laudatus
1245 1035 1280 1097 et
1304 1023 1499 1098 benedictus
1526 1048 1581 1115 es,
1608 1028 1773 1101 incaelis
1801 1038 1835 1100 et
1860 1030 1998 1099 interra
2017 1050 2092 1099 cum

725 1142 842 1236 spiritu
869 1150 942 1228 tuo,
970 1150 1032 1211 etc.
1778 1148 1781 1157 '

828 1255 989 1348 Populos.
1016 1258 1136 1329 Amen.

830 1371 1006 1443 Sacerdos
1032 1371 1117 1444 Pax.
1275 1372 1438 1467 Populos.
1465 1374 1509 1445 Et
1537 1398 1620 1447 cum.

828 1487 1012 1559 Sacerdos.
1039 1487 1294 1561 Misericordiae
1319 1488 1394 1561 Dei.

828 1604 989 1696 Populus.
1017 1602 1161 1675 Etcum
1188 1607 1302 1700 spiritu
1330 1616 1396 1678 tuo.

827 1718 1015 1790 Diaconos.
1042 1718 1277 1814 Unusquisque
1310 1744 1385 1792 cum
1411 1724 1531 1793 timore
1558 1732 1591 1794 et
1618 1731 1763 1793 tremore
1791 1722 1833 1793 ad
1860 1724 1966 1796 Deum
2000 1726 2097 1819 aspi-

725 1836 811 1924 ciat,
838 1845 872 1905 et
898 1834 1159 1908 misericordiam
1186 1844 1220 1907 et
1246 1840 1387 1928 gratiam
1415 1860 1434 1908 a
1460 1838 1604 1909 Domino
1630 1837 1785 1932 postulet.

827 1949 1012 2022 Sacerdos.
1037 1950 1193 2041 Sanctus,
1223 1951 1384 2043 Sanctus,
1410 1952 1552 2026 Sanctus
1573 1953 1735 2026 Dominus
1761 1955 1855 2027 Deus
1882 1966 2001 2050 potens
2024 1956 2096 2029 Sa-

723 2062 841 2157 baoth,
868 2066 958 2162 pleni
985 2076 1061 2139 sunt
1087 2068 1173 2140 coeli
1201 2078 1235 2139 et
1261 2078 1352 2141 terra
1378 2069 1530 2142 laudibus
1556 2074 1631 2142 tuis.
1683 2068 1846 2142 Exultare
1866 2094 1967 2165 super
1982 2072 2097 2145 coelos

723 2182 832 2270 Deus,
860 2193 895 2253 et
920 2205 1021 2278 super
1047 2206 1179 2256 omnem
1205 2193 1328 2255 terram
1355 2185 1463 2277 gloria
1487 2196 1559 2258 tua:
1587 2185 1630 2258 ad
1659 2198 1693 2259 te
1719 2186 1834 2258 levavi
1860 2188 1975 2260 oculos
2003 2210 2098 2260 meos

725 2302 780 2392 qui
806 2297 936 2371 habitas
964 2303 996 2369 in
1024 2300 1147 2387 coelis,
1176 2312 1240 2372 etc.

827 2414 876 2485 Et
890 2421 971 2508 post
988 2439 1105 2508 pauco
1126 2416 1384 2507 Eucharistiam
1406 2421 1581 2510 accipiens
1595 2421 1631 2487 ia
1643 2416 1797 2487 morsibus
1814 2418 1899 2488 dicit
1924 2419 1985 2488 ida
2003 2440 2097 2490 coce.

829 2530 951 2602 Sancta
984 2534 1107 2603 sanctis
1140 2535 1175 2603 in
1205 2532 1430 2627 perfectione,
1462 2536 1605 2630 puritate
1639 2543 1674 2604 et
1706 2538 1883 2607 sanctitate
1917 2533 2097 2606 traduntur.

831 2647 912 2717 Tura
938 2647 1054 2717 dicuat
1080 2670 1193 2719 omaes
1219 2649 1324 2720 simul.
1352 2648 1444 2720 Unus
1470 2651 1571 2720 Pater
1597 2658 1745 2737 sanctus,
1772 2671 1857 2720 unus
1881 2649 1984 2722 Filius
2010 2673 2097 2724 san-

723 2770 812 2851 ctus,
839 2784 923 2834 unus
951 2762 1093 2858 Spiritus
1120 2776 1264 2837 sanctus.
1301 2764 1352 2837 Sit
1378 2787 1499 2839 nomen
1520 2767 1656 2838 Domini
1681 2763 1903 2854 benedictum,
1932 2771 1987 2860 qui
2013 2788 2098 2838 unus

724 2883 834 2950 estin
861 2878 958 2952 coelo
986 2889 1019 2950 et
1044 2883 1077 2951 in
1106 2890 1210 2952 terra:
1237 2884 1301 2975 ipsi
1328 2882 1436 2973 gloria
1462 2884 1496 2951 in
1522 2881 1665 2954 saecula.
1722 2880 1837 2952 Gloria
1853 2882 1943 2953 Patri
1972 2893 2006 2954 et
2031 2884 2097 2954 Fi-

722 2993 789 3086 lio,
815 3006 849 3067 et
875 2994 1008 3090 Spiritui
1036 3007 1171 3084 sancto,
1200 3001 1310 3069 omnia
1337 2997 1570 3085 sanctificanti,
1598 3009 1632 3070 et
1659 3000 1770 3069 omnia
1798 3001 1958 3092 expianti.

826 3112 1010 3184 Sacerdos.
1062 3113 1206 3185 Domine
1232 3135 1317 3185 uere
1344 3126 1378 3185 et
1404 3123 1497 3184 certo
1524 3111 1707 3199 credimus,
1738 3122 1771 3183 et
1797 3116 1831 3182 in
1857 3122 1890 3183 te
1917 3113 2096 3205 credimus,

723 3227 997 3321 quemadmodum
1025 3229 1188 3301 creditin
1222 3242 1256 3302 te
1292 3228 1447 3301 Ecclesia
1482 3240 1598 3300 sancta
1634 3237 1668 3298 et
1700 3226 1888 3299 Catholica:
1926 3228 2014 3322 quod
2049 3232 2096 3302 sis

721 3364 806 3414 unus
832 3343 933 3416 Pater
960 3354 1114 3434 sanctus,
1142 3348 1193 3415 cui
1220 3349 1262 3415 sit
1289 3345 1416 3435 gloria,
1443 3346 1563 3416 Amen.
1603 3343 1696 3413 Unus
1722 3343 1825 3413 Filius
1854 3353 2009 3433 sanctus,
2035 3347 2099 3439 ipsi

721 3457 813 3548 laus,
843 3459 964 3530 Amen.
999 3459 1092 3532 Unus
1118 3458 1260 3555 Spiritus
1294 3471 1441 3548 sanctus,
1477 3462 1540 3553 ipsi
1564 3459 1672 3550 gloria
1698 3469 1732 3528 et
1752 3460 1934 3549 gratiarum
1957 3463 2044 3531 actio
2067 3462 2100 3530 in

722 3573 869 3664 saecula,
895 3575 1015 3646 Amen.

792 3681 795 3686 ’
832 3692 1020 3763 Diaconos.
1077 3691 1116 3762 ln
1149 3694 1398 3789 resurrectione
1433 3691 1555 3764 Christi
1589 3691 1696 3782 Regis
1734 3692 1934 3783 accipiamus
1967 3696 2100 3765 veniam

727 3805 899 3882 animabus
933 3809 1056 3879 nostris
1092 3809 1126 3877 in
1158 3806 1244 3897 lide,
1285 3819 1320 3879 et
1353 3807 1499 3880 dicamus
1537 3828 1652 3879 omnes
1685 3807 1884 3900 aequaliter,
1921 3809 2007 3879 Filio
2044 3812 2099 3902 qui

723 3923 870 3996 salvavit
894 3946 958 3996 uos
984 3946 1045 4019 per
1072 3945 1205 3995 crucem
1232 3946 1336 3998 suam.
1388 3924 1588 3995 Benedictus
1615 3922 1777 3994 Salvator·
1799 3934 1914 3995 noster
1941 3923 2095 4010 Sanctus,

722 4038 884 4131 Sanctus,
915 4040 1058 4112 Sanctus
1086 4063 1123 4112 es
1151 4039 1303 4112 omnihus
1330 4040 1457 4129 modis,
1483 4038 1700 4130 magnificans
1732 4043 1924 4110 memoriam
1952 4041 2097 4131 genitri-

723 4158 773 4226 cis
800 4177 901 4244 suae,
929 4168 1117 4229 sanctorum
1145 4167 1178 4227 et
1205 4154 1432 4227 defunctorum
1458 4154 1617 4241 fidelium,
1643 4153 1795 4224 Alleluia.
1830 4153 1979 4224 Virtutes
2007 4176 2095 4225 coc-

616 4340 619 4350 .
724 4271 834 4344 lorum
860 4281 948 4344 stant
972 4269 1206 4343 nobiscumin
1240 4270 1351 4343 medio
1385 4274 1582 4358 sanctuarii,
1624 4280 1657 4340 ct
1691 4272 1907 4339 ministerium
1942 4267 2099 4341 exhibent

725 4390 860 4482 corpori
885 4387 960 4457 Filii
985 4386 1070 4478 Dei,
1096 4390 1152 4483 qui
1179 4386 1365 4459 immolatus
1393 4398 1445 4459 est
1472 4409 1587 4457 coram
1620 4382 1726 4457 nobis.
1785 4384 1966 4472 Accedite,
2001 4388 2097 4456 acci-

724 4505 793 4599 pite
820 4525 866 4573 ex
893 4527 934 4576 eo
961 4505 1192 4577 remissionem
1217 4514 1432 4598 peccatorum
1460 4513 1493 4573 et
1529 4500 1741 4587 delictorum,
1772 4499 1927 4572 Alleluia.
1988 4499 2098 4595 Super

727 4618 832 4690 altare
859 4629 949 4690 tuum
975 4629 1123 4690 sanctum
1150 4620 1311 4706 Domine,
1345 4620 1504 4689 memoria
1532 4618 1588 4688 fiat
1614 4628 1761 4713 patrum,
1788 4614 1944 4704 fratrum,
1973 4615 2096 4686 docto-

726 4756 865 4828 rumque
892 4744 1099 4822 nostrorum,
1126 4743 1368 4828 resurgantque
1396 4732 1438 4804 ad
1464 4732 1637 4804 dexteram
1664 4744 1753 4805 tuam
1780 4734 1813 4800 in
1836 4728 1889 4801 die
1910 4741 2001 4802 ortus
2019 4754 2097 4801 ma-

724 4852 854 4941 jestatis
882 4861 978 4936 tuae,
1005 4847 1083 4919 Rex
1110 4847 1250 4920 Christe.
1303 4848 1456 4920 Alleluia.
1511 4848 1710 4919 Benedictus
1741 4847 1900 4917 Dominus
1928 4849 1982 4938 qui
2009 4844 2099 4916 dedit
2220 4840 2224 4846 ’

730 4964 828 5038 nohis
855 4985 977 5059 corpus
1005 4976 1038 5035 et
1065 4968 1261 5055 sanguinem
1288 4987 1381 5036 suum
1409 4968 1542 5053 vivum,
1573 4975 1609 5036 ut
1634 4987 1696 5060 per
1722 4962 1777 5032 illa
1804 4965 1937 5032 veniam
1970 4983 2099 5032 conse-

659 5122 661 5128 *
730 5103 882 5175 quamur,
911 5092 973 5152 etc.
1028 5076 1110 5150 Cum
1137 5083 1229 5153 statis
1258 5083 1291 5150 in
1319 5083 1507 5153 sanctuario
1535 5080 1736 5152 Sacerdotes
1765 5080 1892 5171 aperite
1914 5082 1999 5149 ostia
2015 5099 2100 5148 cor-

730 5193 817 5267 dium
833 5207 1038 5287 vestrorum,
1062 5195 1158 5267 dicite
1183 5196 1345 5291 psalmum
1366 5207 1399 5267 et
1418 5196 1603 5268 benedicito
1625 5218 1726 5293 super
1748 5192 1989 5267 Eucharistiam
2011 5192 2098 5263 hanc

733 5311 767 5381 in
794 5316 981 5384 sanctuario
1009 5314 1159 5408 positam.
1212 5313 1367 5385 Psalmus
1395 5312 1481 5383 150.
