5150 6534
594 822 669 898 aea
1091 796 1451 898 arroasia

591 1007 693 1081 etde
717 1009 781 1080 illis
807 1017 906 1103 atque
931 1007 1028 1081 nobis
1054 1010 1210 1080 virtutem
1235 1004 1504 1102 insuperabilem,
1531 1016 1566 1078 et
1590 1005 1688 1079 nobis
1709 1017 1743 1080 et
1758 1008 1842 1103 ipsis
1868 1027 1961 1079 cen-

592 1123 675 1195 cede
702 1134 852 1218 tempora
879 1125 1007 1218 quietis,
1034 1133 1068 1194 et
1093 1122 1358 1218 tranquillitatem
1385 1122 1512 1213 salutis,
1537 1126 1764 1218 pergratiam
1788 1133 1824 1194 et
1848 1126 1960 1196 mise-

591 1240 767 1313 ricordiam
793 1248 829 1311 et
854 1261 1000 1311 amorem
1027 1259 1109 1330 erga
1141 1237 1291 1311 homines
1322 1242 1481 1330 unigeniti
1513 1239 1589 1310 Filii
1619 1240 1666 1310 tui
1697 1260 1760 1335 per
1794 1260 1892 1333 quam
1925 1244 1963 1310 at

592 1379 666 1429 cum
695 1378 760 1450 quo
787 1367 821 1428 te
848 1356 945 1426 decet
971 1354 1079 1446 gloria
1106 1364 1141 1425 et
1165 1352 1282 1441 honor,
1310 1366 1373 1426 etc.

697 1471 858 1566 Populos.
894 1472 1030 1565 (Amen.

694 1586 870 1659 Sacerdos
895 1586 1087 1657 inclinatos.
1138 1582 1264 1657 Eorum
1285 1588 1389 1678 vebum
1425 1587 1569 1658 omnium
1603 1587 1658 1680 qui
1690 1582 1855 1676 agonibus
1888 1585 1962 1657 suis

592 1702 651 1774 tibi
676 1702 883 1798 placuerunt,
909 1710 945 1773 et
969 1723 1128 1774 summum
1154 1700 1303 1773 moribus
1330 1706 1400 1774 suis
1426 1692 1569 1793 gloriam
1592 1705 1764 1773 consecuti
1789 1711 1877 1790 suna
1902 1698 1962 1774 fae

593 1817 716 1892 bonam
741 1823 934 1892 memoriam
961 1818 1115 1904 Domine,
1142 1814 1207 1888 hoc
1232 1825 1399 1912 tempore:
1426 1827 1555 1912 patrum
1574 1813 1850 1905 Patriarcharum,
1864 1816 1960 1890 Pro-

594 1933 776 2030 phetarum,
802 1931 1054 2027 Apostolorum,
1081 1930 1365 2021 Praedicatorum,
1391 1934 1688 2035 Aunnnciatorum,
1714 1929 1960 2023 Evangelistu-

595 2073 679 2140 rium,
705 2050 845 2121 loannis
872 2048 1056 2144 Baptistae,
1083 2045 1242 2142 Stephani
1269 2048 1426 2138 Diaconi,
1460 2059 1493 2120 et
1520 2049 1697 2122 Geniuicie
1728 2048 1793 2120 Dei
1818 2047 1961 2138 Manae,
1997 2066 2031 2141 ι

594 2157 668 2237 eum
696 2161 847 2237 omnibus
873 2164 1016 2236 Sanctis.

696 2281 845 2352 Εῑεοαηε
870 2302 995 2351 ooccm.
1046 2279 1171 2352 Eorum
1204 2284 1259 2375 qui
1293 2283 1473 2353 certamine
1512 2280 1667 2354 athletico
1710 2303 1772 2354 suo
1807 2277 1961 2375 perfecti,

595 2408 628 2469 et
654 2418 764 2488 agone
788 2398 935 2488 justitiae
962 2400 1181 2469 consummati
1206 2407 1290 2468 sunt.
1343 2397 1512 2469 Memento
1539 2400 1639 2469 etiam
1662 2398 1804 2469 Domine
1831 2415 1961 2483 eorum,

596 2517 650 2608 qui
676 2516 710 2583 in
736 2512 874 2603 singulis
899 2514 1092 2604 regionibus
1128 2524 1161 2584 et
1194 2513 1380 2585 civitatibus
1411 2512 1604 2608 placuerunt
1635 2513 1714 2601 tibi,
1745 2516 1801 2607 qni
1833 2512 1962 2582 exitum

596 2631 688 2700 vitae
714 2627 911 2723 inculpatum
937 2626 1098 2701 habentes
1126 2652 1170 2700 ax
1195 2629 1260 2700 hoc
1280 2629 1401 2700 mundo
1416 2629 1570 2724 proiecti,
1597 2630 1639 2699 ad
1664 2639 1698 2700 te
1722 2634 1965 2725 pervenerunt,

596 2755 630 2816 et
656 2742 697 2814 ad
723 2743 889 2817 coelestes
923 2743 1040 2816 domos
1068 2743 1191 2816 elevati
1217 2756 1311 2818 sunt:
1343 2743 1476 2815 Petrum
1504 2748 1711 2838 antiquorum
1747 2754 1780 2815 et
1806 2745 1963 2815 Patriar-

595 2858 742 2948 obarum,
768 2862 950 2955 principum
975 2858 1182 2949 familiarum
1210 2864 1265 2955 qui
1292 2864 1450 2955 mysteria
1479 2858 1633 2931 viderunt
1666 2870 1700 2932 et
1732 2859 1964 2931 revelationes

595 2983 865 3073 penetraverunt,
893 2998 1152 3048 oeconomorum
1181 2976 1408 3071 spiritualium,
1434 2976 1699 3072 praedicatorum
1724 2975 1964 3067 gloriosorum,

595 3103 630 3163 et
656 3090 846 3162 dilectorum
873 3090 931 3162 tibi
959 3090 1204 3187 deprecantium
1231 3104 1277 3182 te,
1310 3093 1434 3188 tibique
1469 3101 1679 3189 acceptorum
1715 3101 1749 3161 et
1781 3090 1966 3186 dispensa-

595 3218 704 3279 torum
730 3208 846 3279 domus
872 3216 958 3278 tuae.
1011 3209 1177 3304 Propitius
1205 3218 1277 3280 esto
1307 3209 1450 3281 Domine
1476 3207 1698 3303 iniquitatibus
1730 3209 1872 3295 nostris,
1898 3227 1965 3302 per

596 3327 765 3397 orationes
792 3345 918 3394 eorum.
972 3322 1024 3393 Da
1049 3323 1147 3396 nobis
1173 3334 1209 3395 ut
1234 3346 1308 3396 cum
1335 3324 1400 3396 lide
1427 3322 1627 3413 orthodoxa,
1654 3321 1832 3395 secundum
1868 3343 1964 3394 exa-

596 3449 682 3512 ctam
710 3438 891 3510 doctrinam
918 3461 1046 3528 eorum,
1073 3461 1250 3535 sequamur
1275 3439 1405 3512 illorum
1430 3443 1587 3531 vestigia,
1614 3443 1781 3533 simusque
1796 3435 1964 3510 haeredes

596 3557 853 3648 promissionum
880 3577 965 3649 quae
993 3555 1034 3627 ad
1062 3577 1122 3628 eos
1139 3555 1249 3627 iactae
1264 3567 1351 3646 sunt,
1377 3560 1622 3653 participesque
1635 3554 1800 3627 mercedis
1827 3575 1965 3645 eorum;

597 3682 631 3742 et
656 3693 731 3741 cum
758 3674 808 3741 eis
833 3669 1013 3759 laetemur,
1048 3670 1156 3766 adepti
1184 3692 1327 3743 coronas
1356 3675 1539 3761 victoriae,
1573 3681 1672 3767 atque
1705 3674 1791 3742 inter
1826 3672 1964 3760 agmina

598 3807 713 3858 eorum
741 3808 898 3858 canamus
925 3784 983 3857 tibi
1009 3786 1152 3878 gloriam
1178 3798 1212 3859 et
1236 3787 1370 3859 laudem
1395 3800 1429 3860 et
1454 3791 1623 3879 unigenito
1652 3787 1736 3858 Filio
1763 3796 1830 3858 tuo.
1920 3861 1924 3868 ,

702 3901 863 3994 Populos.
893 3903 1012 3973 Amen.

700 4017 875 4089 Sacerdos
909 4017 1099 4088 inclinatus.
1143 4016 1449 4092 commemoramus
1490 4040 1604 4098 corani
1639 4027 1672 4089 te
1711 4015 1775 4088 hoc
1810 4025 1966 4112 tempore

597 4136 759 4221 Domine,
786 4141 940 4229 pastores
972 4156 1095 4223 veros,
1130 4145 1165 4206 et
1197 4136 1354 4207 doctores
1388 4140 1553 4220 sinceros,
1587 4155 1701 4206 omnes
1732 4133 1849 4204 Patres
1884 4133 1966 4205 ele-

600 4260 672 4321 ctos
699 4258 734 4319 et
759 4250 896 4337 beatos,
924 4253 1068 4322 maxime
1093 4273 1177 4322 vero
1204 4252 1379 4342 Ignatium,
1406 4251 1613 4347 Dionysium,
1642 4273 1715 4321 cum
1742 4250 1878 4343 reliquis
1905 4248 1966 4320 di-

597 4365 692 4435 lectis
719 4368 794 4436 tuis

702 4480 852 4551 Eleocns
877 4503 1001 4551 ccccm.
1029 4479 1099 4552 Eos
1127 4484 1181 4574 qui
1215 4502 1316 4575 super
1349 4490 1476 4574 petram
1509 4483 1741 4552 inconcussam
1768 4480 1966 4554 confessio-

599 4598 649 4667 nis
675 4595 915 4689 Apcstolicae,
943 4596 1215 4684 aedificaverunt,
1243 4606 1276 4666 et
1303 4594 1532 4667 stabiliverunt
1570 4596 1684 4685 fidem,
1718 4596 1966 4668 extenderunt-

600 4734 664 4805 que
691 4720 726 4781 et
751 4709 970 4783 dilataverunt
998 4715 1169 4783 tentorium
1185 4710 1360 4783 Ecclesiae
1387 4720 1473 4798 tuae,
1502 4736 1520 4782 a
1548 4710 1665 4783 finibus
1687 4711 1852 4806 usquead
1878 4713 1994 4786 fines·

600 4836 725 4897 terrae:
761 4829 815 4920 qui
847 4827 1105 4898 aedificaverunt
1141 4828 1230 4898 ovile
1267 4837 1354 4898 tuum
1388 4831 1421 4897 in
1453 4830 1611 4899 universa
1654 4839 1742 4900 terra
1774 4826 1965 4900 habitabili:

601 4946 655 5036 qui
682 4946 713 5012 in
740 4946 842 5037 pratis
870 4942 1109 5037 spiritualibuS,
1137 4953 1170 5013 et
1195 4941 1412 5034 Evangelicis
1445 4941 1641 5014 fortitudinis
1674 4953 1771 5032 tuae,
1798 4953 1968 5036 paverunt

602 5078 686 5128 oves
714 5066 786 5128 tuas
814 5059 1010 5147 rationaleS,
1038 5070 1071 5129 et
1097 5081 1197 5154 super
1223 5082 1328 5152 aquas
1356 5062 1474 5153 quietis
1501 5060 1708 5131 deduxerunt
1734 5081 1841 5150 agnos
1874 5080 1967 5151 gre-
2018 5121 2025 5130 .

601 5175 654 5261 gis
681 5174 744 5242 tui:
772 5177 826 5267 qui
861 5196 976 5245 coram
1009 5173 1145 5266 regibus
1179 5185 1212 5245 et
1246 5179 1396 5270 tyrannis
1431 5177 1709 5271 praedicaverunt
1739 5175 1966 5266 Evangelium

601 5295 704 5376 tuum,
732 5298 766 5359 et
792 5311 904 5361 coram
927 5290 1091 5381 judicibus
1118 5293 1236 5385 iniquis
1263 5290 1542 5364 confirmaverunt
1566 5291 1762 5384 religionem
1778 5303 1882 5363 tuam:
1911 5293 1969 5385 qut
