<?xml version="1.0" encoding="UTF-8"?>
<!DOCTYPE html PUBLIC "-//W3C//DTD XHTML 1.0 Transitional//EN"
    "http://www.w3.org/TR/xhtml1/DTD/xhtml1-transitional.dtd">
<html xmlns="http://www.w3.org/1999/xhtml" xml:lang="en" lang="en">
 <head>
  <title>
</title>
<meta http-equiv="Content-Type" content="text/html;charset=utf-8" />
  <meta name='ocr-system' content='tesseract 3.04.00' />
  <meta name='ocr-capabilities' content='ocr_page ocr_carea ocr_par ocr_line ocrx_word'/>
</head>
<body>
  <div class='ocr_page' id='page_1' title='image "./liturgiarumorie00renagoog_0623.png"; bbox 0 0 5150 6534; ppageno 0'>
   <div class='ocr_carea' id='block_1_1' title="bbox 918 790 1976 871">
    <p class='ocr_par' dir='ltr' id='par_1_1' title="bbox 918 790 1976 871">
     <span class='ocr_line' id='line_1_1' title="bbox 918 790 1976 871; baseline 0.002 -5"><span class='ocrx_word' id='word_1_1' title='bbox 918 791 1170 871; x_wconf 81' lang='lat' dir='ltr'>BEATORUM</span> <span class='ocrx_word' id='word_1_2' title='bbox 1199 790 1546 870; x_wconf 78' lang='lat' dir='ltr'>trostoloooll</span> <span class='ocrx_word' id='word_1_3' title='bbox 1581 806 1631 869; x_wconf 81' lang='lat' dir='ltr'>uc.</span> <span class='ocrx_word' id='word_1_4' title='bbox 1900 792 1976 869; x_wconf 77' lang='lat'>585</span> 
     </span>
    </p>
   </div>
   <div class='ocr_carea' id='block_1_2' title="bbox 674 1062 2106 1157">
    <p class='ocr_par' dir='ltr' id='par_1_2' title="bbox 674 1062 2106 1157">
     <span class='ocr_line' id='line_1_2' title="bbox 674 1062 2106 1157; baseline 0.003 -20"><span class='ocrx_word' id='word_1_5' title='bbox 674 1065 852 1138; x_wconf 74' lang='lat' dir='ltr'><strong><em>Sacerdos</em></strong></span> <span class='ocrx_word' id='word_1_6' title='bbox 877 1068 963 1139; x_wconf 86' lang='lat' dir='ltr'>dicit</span> <span class='ocrx_word' id='word_1_7' title='bbox 988 1066 1078 1139; x_wconf 83' lang='lat' dir='ltr'>banc</span> <span class='ocrx_word' id='word_1_8' title='bbox 1106 1066 1316 1157; x_wconf 74' lang='lat' dir='ltr'><strong><em>Orationem,</em></strong></span> <span class='ocrx_word' id='word_1_9' title='bbox 1341 1064 1525 1137; x_wconf 72' lang='lat' dir='ltr'>inclinatus</span> <span class='ocrx_word' id='word_1_10' title='bbox 1552 1072 1587 1138; x_wconf 88' lang='lat' dir='ltr'>et</span> <span class='ocrx_word' id='word_1_11' title='bbox 1612 1064 1777 1139; x_wconf 80' lang='lat' dir='ltr'>submisso</span> <span class='ocrx_word' id='word_1_12' title='bbox 1801 1087 1897 1140; x_wconf 88' lang='lat' dir='ltr'>cocc.</span> <span class='ocrx_word' id='word_1_13' title='bbox 2100 1062 2106 1073; x_wconf 81' lang='grc'>’</span> 
     </span>
    </p>
   </div>
   <div class='ocr_carea' id='block_1_3' title="bbox 579 1252 1979 2840">
    <p class='ocr_par' dir='ltr' id='par_1_3' title="bbox 579 1252 1979 2840">
     <span class='ocr_line' id='line_1_3' title="bbox 710 1252 1979 1352; baseline 0 -24"><span class='ocrx_word' id='word_1_14' title='bbox 710 1256 854 1328; x_wconf 83' lang='lat' dir='ltr'>Domine</span> <span class='ocrx_word' id='word_1_15' title='bbox 880 1254 974 1326; x_wconf 91' lang='lat' dir='ltr'>Deus</span> <span class='ocrx_word' id='word_1_16' title='bbox 1000 1265 1132 1352; x_wconf 90' lang='lat' dir='ltr'>potens,</span> <span class='ocrx_word' id='word_1_17' title='bbox 1160 1256 1295 1349; x_wconf 81' lang='lat' dir='ltr'><strong>suscipe</strong></span> <span class='ocrx_word' id='word_1_18' title='bbox 1329 1252 1414 1326; x_wconf 89' lang='lat' dir='ltr'>banc</span> <span class='ocrx_word' id='word_1_19' title='bbox 1440 1255 1662 1344; x_wconf 91' lang='lat' dir='ltr'>oblationem,</span> <span class='ocrx_word' id='word_1_20' title='bbox 1697 1276 1760 1351; x_wconf 89' lang='lat' dir='ltr'>pro</span> <span class='ocrx_word' id='word_1_21' title='bbox 1788 1260 1878 1328; x_wconf 93' lang='lat' dir='ltr'>omni</span> <span class='ocrx_word' id='word_1_22' title='bbox 1903 1256 1979 1328; x_wconf 84' lang='lat' dir='ltr'>Ec-</span> 
     </span>
     <span class='ocr_line' id='line_1_4' title="bbox 607 1366 1977 1469; baseline 0.001 -26"><span class='ocrx_word' id='word_1_23' title='bbox 607 1372 711 1445; x_wconf 91' lang='lat' dir='ltr'>clesia</span> <span class='ocrx_word' id='word_1_24' title='bbox 738 1366 853 1444; x_wconf 86' lang='lat' dir='ltr'>sancta</span> <span class='ocrx_word' id='word_1_25' title='bbox 881 1370 1070 1461; x_wconf 85' lang='lat' dir='ltr'>Catholica,</span> <span class='ocrx_word' id='word_1_26' title='bbox 1107 1381 1141 1443; x_wconf 89' lang='lat' dir='ltr'>et</span> <span class='ocrx_word' id='word_1_27' title='bbox 1165 1393 1228 1467; x_wconf 91' lang='lat' dir='ltr'>pro</span> <span class='ocrx_word' id='word_1_28' title='bbox 1257 1369 1409 1443; x_wconf 90' lang='lat' dir='ltr'>omnibus</span> <span class='ocrx_word' id='word_1_29' title='bbox 1440 1371 1605 1445; x_wconf 84' lang='lat' dir='ltr'>Patribus</span> <span class='ocrx_word' id='word_1_30' title='bbox 1626 1374 1689 1469; x_wconf 93' lang='lat' dir='ltr'>piis</span> <span class='ocrx_word' id='word_1_31' title='bbox 1724 1380 1758 1443; x_wconf 89' lang='lat' dir='ltr'>et</span> <span class='ocrx_word' id='word_1_32' title='bbox 1788 1373 1887 1464; x_wconf 87' lang='lat' dir='ltr'>justis</span> <span class='ocrx_word' id='word_1_33' title='bbox 1921 1377 1977 1468; x_wconf 87' lang='lat' dir='ltr'>qui</span> 
     </span>
     <span class='ocr_line' id='line_1_5' title="bbox 605 1484 1974 1585; baseline 0.001 -26"><span class='ocrx_word' id='word_1_34' title='bbox 605 1489 719 1584; x_wconf 81' lang='lat' dir='ltr'>placiti</span> <span class='ocrx_word' id='word_1_35' title='bbox 744 1486 877 1559; x_wconf 86' lang='lat' dir='ltr'>luerunt</span> <span class='ocrx_word' id='word_1_36' title='bbox 902 1488 981 1575; x_wconf 90' lang='lat' dir='ltr'>tibi,</span> <span class='ocrx_word' id='word_1_37' title='bbox 1018 1498 1051 1559; x_wconf 88' lang='lat' dir='ltr'>et</span> <span class='ocrx_word' id='word_1_38' title='bbox 1084 1511 1147 1585; x_wconf 93' lang='lat' dir='ltr'>pro</span> <span class='ocrx_word' id='word_1_39' title='bbox 1174 1484 1326 1558; x_wconf 90' lang='lat' dir='ltr'>omnibus</span> <span class='ocrx_word' id='word_1_40' title='bbox 1354 1485 1528 1583; x_wconf 84' lang='lat' dir='ltr'>Prophetis</span> <span class='ocrx_word' id='word_1_41' title='bbox 1555 1498 1589 1559; x_wconf 92' lang='lat' dir='ltr'>et</span> <span class='ocrx_word' id='word_1_42' title='bbox 1613 1487 1810 1584; x_wconf 85' lang='lat' dir='ltr'>Apostobs,</span> <span class='ocrx_word' id='word_1_43' title='bbox 1846 1499 1879 1559; x_wconf 90' lang='lat' dir='ltr'>et</span> <span class='ocrx_word' id='word_1_44' title='bbox 1912 1511 1974 1584; x_wconf 92' lang='lat' dir='ltr'>pro</span> 
     </span>
     <span class='ocr_line' id='line_1_6' title="bbox 606 1601 1974 1701; baseline 0.001 -26"><span class='ocrx_word' id='word_1_45' title='bbox 606 1604 758 1677; x_wconf 89' lang='lat' dir='ltr'>omnibus</span> <span class='ocrx_word' id='word_1_46' title='bbox 791 1602 1015 1700; x_wconf 72' lang='lat' dir='ltr'>blartpribus,</span> <span class='ocrx_word' id='word_1_47' title='bbox 1048 1615 1083 1676; x_wconf 92' lang='lat' dir='ltr'>et</span> <span class='ocrx_word' id='word_1_48' title='bbox 1113 1602 1392 1693; x_wconf 88' lang='lat' dir='ltr'>Coniessoribus,</span> <span class='ocrx_word' id='word_1_49' title='bbox 1425 1614 1460 1675; x_wconf 90' lang='lat' dir='ltr'>et</span> <span class='ocrx_word' id='word_1_50' title='bbox 1492 1626 1554 1701; x_wconf 91' lang='lat' dir='ltr'>pro</span> <span class='ocrx_word' id='word_1_51' title='bbox 1588 1601 1739 1675; x_wconf 91' lang='lat' dir='ltr'>omnibus</span> <span class='ocrx_word' id='word_1_52' title='bbox 1771 1603 1974 1697; x_wconf 85' lang='lat' dir='ltr'>lugentibus,</span> 
     </span>
     <span class='ocr_line' id='line_1_7' title="bbox 607 1718 1973 1815; baseline 0 -23"><span class='ocrx_word' id='word_1_53' title='bbox 607 1722 804 1813; x_wconf 88' lang='lat' dir='ltr'>angustiatis</span> <span class='ocrx_word' id='word_1_54' title='bbox 831 1730 864 1791; x_wconf 91' lang='lat' dir='ltr'>et</span> <span class='ocrx_word' id='word_1_55' title='bbox 892 1723 1053 1812; x_wconf 77' lang='lat' dir='ltr'>aegrotis,</span> <span class='ocrx_word' id='word_1_56' title='bbox 1089 1729 1123 1792; x_wconf 89' lang='lat' dir='ltr'>et</span> <span class='ocrx_word' id='word_1_57' title='bbox 1147 1741 1209 1815; x_wconf 91' lang='lat' dir='ltr'>pro</span> <span class='ocrx_word' id='word_1_58' title='bbox 1237 1718 1389 1791; x_wconf 91' lang='lat' dir='ltr'>omnibus</span> <span class='ocrx_word' id='word_1_59' title='bbox 1420 1722 1655 1791; x_wconf 88' lang='lat' dir='ltr'>necessitatem</span> <span class='ocrx_word' id='word_1_60' title='bbox 1691 1730 1725 1791; x_wconf 89' lang='lat' dir='ltr'>ct</span> <span class='ocrx_word' id='word_1_61' title='bbox 1757 1724 1973 1794; x_wconf 87' lang='lat' dir='ltr'>vexationem</span> 
     </span>
     <span class='ocr_line' id='line_1_8' title="bbox 605 1834 1975 1934; baseline 0.001 -27"><span class='ocrx_word' id='word_1_62' title='bbox 605 1837 824 1934; x_wconf 89' lang='lat' dir='ltr'>patientibus,</span> <span class='ocrx_word' id='word_1_63' title='bbox 860 1847 893 1908; x_wconf 91' lang='lat' dir='ltr'>et</span> <span class='ocrx_word' id='word_1_64' title='bbox 928 1860 991 1933; x_wconf 90' lang='lat' dir='ltr'>pru</span> <span class='ocrx_word' id='word_1_65' title='bbox 1026 1834 1178 1908; x_wconf 91' lang='lat' dir='ltr'>omnibus</span> <span class='ocrx_word' id='word_1_66' title='bbox 1210 1834 1346 1906; x_wconf 86' lang='lat' dir='ltr'>infirmis</span> <span class='ocrx_word' id='word_1_67' title='bbox 1382 1845 1415 1907; x_wconf 92' lang='lat' dir='ltr'>et</span> <span class='ocrx_word' id='word_1_68' title='bbox 1441 1838 1629 1933; x_wconf 91' lang='lat' dir='ltr'>oppressis,</span> <span class='ocrx_word' id='word_1_69' title='bbox 1663 1845 1696 1907; x_wconf 91' lang='lat' dir='ltr'>et</span> <span class='ocrx_word' id='word_1_70' title='bbox 1728 1857 1790 1930; x_wconf 92' lang='lat' dir='ltr'>pro</span> <span class='ocrx_word' id='word_1_71' title='bbox 1822 1835 1975 1909; x_wconf 91' lang='lat' dir='ltr'>omnibus</span> 
     </span>
     <span class='ocr_line' id='line_1_9' title="bbox 579 1951 1975 2047; baseline 0.006 -31"><span class='ocrx_word' id='word_1_72' title='bbox 579 1952 779 2040; x_wconf 74' lang='lat' dir='ltr'>defunctis,</span> <span class='ocrx_word' id='word_1_73' title='bbox 807 1956 862 2047; x_wconf 90' lang='lat' dir='ltr'>qui</span> <span class='ocrx_word' id='word_1_74' title='bbox 902 1977 922 2024; x_wconf 92' lang='lat' dir='ltr'>a</span> <span class='ocrx_word' id='word_1_75' title='bbox 953 1951 1050 2025; x_wconf 91' lang='lat' dir='ltr'>nobis</span> <span class='ocrx_word' id='word_1_76' title='bbox 1085 1952 1233 2047; x_wconf 90' lang='lat' dir='ltr'>separati</span> <span class='ocrx_word' id='word_1_77' title='bbox 1258 1953 1500 2043; x_wconf 88' lang='lat' dir='ltr'>migraverunt:</span> <span class='ocrx_word' id='word_1_78' title='bbox 1533 1962 1600 2024; x_wconf 92' lang='lat' dir='ltr'>tum</span> <span class='ocrx_word' id='word_1_79' title='bbox 1632 1972 1695 2047; x_wconf 93' lang='lat' dir='ltr'>pro</span> <span class='ocrx_word' id='word_1_80' title='bbox 1731 1952 1883 2026; x_wconf 90' lang='lat' dir='ltr'>omnibus</span> <span class='ocrx_word' id='word_1_81' title='bbox 1919 1956 1975 2047; x_wconf 87' lang='lat' dir='ltr'>qui</span> 
     </span>
     <span class='ocr_line' id='line_1_10' title="bbox 604 2066 1974 2165; baseline -0.001 -26"><span class='ocrx_word' id='word_1_82' title='bbox 604 2077 719 2165; x_wconf 90' lang='lat' dir='ltr'>petunt</span> <span class='ocrx_word' id='word_1_83' title='bbox 746 2072 930 2140; x_wconf 91' lang='lat' dir='ltr'>orationem</span> <span class='ocrx_word' id='word_1_84' title='bbox 959 2066 1000 2139; x_wconf 94' lang='lat' dir='ltr'>ab</span> <span class='ocrx_word' id='word_1_85' title='bbox 1026 2069 1211 2141; x_wconf 85' lang='lat' dir='ltr'>infirmitate</span> <span class='ocrx_word' id='word_1_86' title='bbox 1236 2077 1372 2155; x_wconf 90' lang='lat' dir='ltr'>nostra,</span> <span class='ocrx_word' id='word_1_87' title='bbox 1412 2077 1446 2139; x_wconf 90' lang='lat' dir='ltr'>et</span> <span class='ocrx_word' id='word_1_88' title='bbox 1471 2089 1532 2165; x_wconf 94' lang='lat' dir='ltr'>pro</span> <span class='ocrx_word' id='word_1_89' title='bbox 1558 2090 1613 2139; x_wconf 91' lang='lat' dir='ltr'>me</span> <span class='ocrx_word' id='word_1_90' title='bbox 1647 2077 1829 2165; x_wconf 79' lang='lat' dir='ltr'>peccatore</span> <span class='ocrx_word' id='word_1_91' title='bbox 1862 2066 1974 2139; x_wconf 91' lang='lat' dir='ltr'>humili</span> 
     </span>
     <span class='ocr_line' id='line_1_11' title="bbox 605 2183 1972 2273; baseline 0 -18"><span class='ocrx_word' id='word_1_92' title='bbox 605 2195 640 2255; x_wconf 93' lang='lat' dir='ltr'>et</span> <span class='ocrx_word' id='word_1_93' title='bbox 666 2183 805 2258; x_wconf 83' lang='lat' dir='ltr'>infirmo.</span> <span class='ocrx_word' id='word_1_94' title='bbox 857 2185 1000 2256; x_wconf 88' lang='lat' dir='ltr'>Domino</span> <span class='ocrx_word' id='word_1_95' title='bbox 1026 2184 1118 2256; x_wconf 90' lang='lat' dir='ltr'>Deus</span> <span class='ocrx_word' id='word_1_96' title='bbox 1144 2193 1271 2273; x_wconf 88' lang='lat' dir='ltr'>noster,</span> <span class='ocrx_word' id='word_1_97' title='bbox 1299 2183 1479 2254; x_wconf 91' lang='lat' dir='ltr'>secundum</span> <span class='ocrx_word' id='word_1_98' title='bbox 1505 2187 1741 2257; x_wconf 79' lang='lat' dir='ltr'>miserationes</span> <span class='ocrx_word' id='word_1_99' title='bbox 1767 2195 1854 2273; x_wconf 88' lang='lat' dir='ltr'>tuas,</span> <span class='ocrx_word' id='word_1_100' title='bbox 1881 2183 1972 2256; x_wconf 93' lang='lat' dir='ltr'>mul-</span> 
     </span>
     <span class='ocr_line' id='line_1_12' title="bbox 604 2299 1973 2395; baseline 0 -24"><span class='ocrx_word' id='word_1_101' title='bbox 604 2299 841 2395; x_wconf 90' lang='lat' dir='ltr'>titudinemque</span> <span class='ocrx_word' id='word_1_102' title='bbox 867 2302 1047 2393; x_wconf 82' lang='lat' dir='ltr'>gratiarum</span> <span class='ocrx_word' id='word_1_103' title='bbox 1073 2311 1213 2386; x_wconf 89' lang='lat' dir='ltr'>tuarum,</span> <span class='ocrx_word' id='word_1_104' title='bbox 1242 2302 1356 2394; x_wconf 84' lang='lat' dir='ltr'>aspice</span> <span class='ocrx_word' id='word_1_105' title='bbox 1373 2299 1528 2395; x_wconf 89' lang='lat' dir='ltr'>populum</span> <span class='ocrx_word' id='word_1_106' title='bbox 1555 2308 1656 2388; x_wconf 90' lang='lat' dir='ltr'>tuum,</span> <span class='ocrx_word' id='word_1_107' title='bbox 1684 2308 1718 2371; x_wconf 91' lang='lat' dir='ltr'>et</span> <span class='ocrx_word' id='word_1_108' title='bbox 1732 2322 1786 2372; x_wconf 89' lang='lat' dir='ltr'>me</span> <span class='ocrx_word' id='word_1_109' title='bbox 1800 2299 1973 2387; x_wconf 84' lang='lat' dir='ltr'>infirmum,</span> 
     </span>
     <span class='ocr_line' id='line_1_13' title="bbox 604 2414 1974 2512; baseline 0.001 -26"><span class='ocrx_word' id='word_1_110' title='bbox 604 2438 714 2511; x_wconf 89' lang='lat' dir='ltr'>neque</span> <span class='ocrx_word' id='word_1_111' title='bbox 742 2414 922 2487; x_wconf 92' lang='lat' dir='ltr'>secundum</span> <span class='ocrx_word' id='word_1_112' title='bbox 948 2426 1089 2512; x_wconf 90' lang='lat' dir='ltr'>peccata</span> <span class='ocrx_word' id='word_1_113' title='bbox 1117 2438 1201 2503; x_wconf 90' lang='lat' dir='ltr'>mea,</span> <span class='ocrx_word' id='word_1_114' title='bbox 1229 2424 1263 2487; x_wconf 90' lang='lat' dir='ltr'>et</span> <span class='ocrx_word' id='word_1_115' title='bbox 1283 2416 1488 2509; x_wconf 78' lang='lat' dir='ltr'>insipientias</span> <span class='ocrx_word' id='word_1_116' title='bbox 1514 2437 1626 2488; x_wconf 89' lang='lat' dir='ltr'>meas:</span> <span class='ocrx_word' id='word_1_117' title='bbox 1653 2416 1712 2489; x_wconf 90' lang='lat' dir='ltr'>sed</span> <span class='ocrx_word' id='word_1_118' title='bbox 1726 2423 1762 2488; x_wconf 91' lang='lat' dir='ltr'>ut</span> <span class='ocrx_word' id='word_1_119' title='bbox 1778 2415 1869 2508; x_wconf 88' lang='lat' dir='ltr'>digni</span> <span class='ocrx_word' id='word_1_120' title='bbox 1894 2415 1974 2487; x_wconf 87' lang='lat' dir='ltr'>fiant</span> 
     </span>
     <span class='ocr_line' id='line_1_14' title="bbox 605 2529 1971 2628; baseline 0.002 -27"><span class='ocrx_word' id='word_1_121' title='bbox 605 2535 805 2604; x_wconf 88' lang='lat' dir='ltr'>remissione</span> <span class='ocrx_word' id='word_1_122' title='bbox 831 2540 1044 2627; x_wconf 86' lang='lat' dir='ltr'>peccatorum</span> <span class='ocrx_word' id='word_1_123' title='bbox 1071 2553 1218 2620; x_wconf 90' lang='lat' dir='ltr'>suorum,</span> <span class='ocrx_word' id='word_1_124' title='bbox 1252 2553 1315 2628; x_wconf 92' lang='lat' dir='ltr'>per</span> <span class='ocrx_word' id='word_1_125' title='bbox 1341 2553 1463 2627; x_wconf 86' lang='lat' dir='ltr'>corpus</span> <span class='ocrx_word' id='word_1_126' title='bbox 1488 2529 1554 2605; x_wconf 92' lang='lat' dir='ltr'>boc</span> <span class='ocrx_word' id='word_1_127' title='bbox 1580 2542 1748 2619; x_wconf 89' lang='lat' dir='ltr'>sanctum,</span> <span class='ocrx_word' id='word_1_128' title='bbox 1782 2531 1871 2627; x_wconf 86' lang='lat' dir='ltr'>quod</span> <span class='ocrx_word' id='word_1_129' title='bbox 1897 2555 1971 2604; x_wconf 85' lang='lat' dir='ltr'>curn</span> 
     </span>
     <span class='ocr_line' id='line_1_15' title="bbox 605 2647 1972 2744; baseline 0.001 -26"><span class='ocrx_word' id='word_1_130' title='bbox 605 2647 670 2719; x_wconf 90' lang='lat' dir='ltr'>fide</span> <span class='ocrx_word' id='word_1_131' title='bbox 697 2651 872 2744; x_wconf 87' lang='lat' dir='ltr'>accipiunt,</span> <span class='ocrx_word' id='word_1_132' title='bbox 898 2668 959 2742; x_wconf 93' lang='lat' dir='ltr'>per</span> <span class='ocrx_word' id='word_1_133' title='bbox 985 2650 1127 2738; x_wconf 85' lang='lat' dir='ltr'>gratiam</span> <span class='ocrx_word' id='word_1_134' title='bbox 1153 2647 1401 2719; x_wconf 85' lang='lat' dir='ltr'>misericordiae</span> <span class='ocrx_word' id='word_1_135' title='bbox 1428 2656 1505 2720; x_wconf 84' lang='lat' dir='ltr'>tuae</span> <span class='ocrx_word' id='word_1_136' title='bbox 1531 2650 1564 2719; x_wconf 90' lang='lat' dir='ltr'>in</span> <span class='ocrx_word' id='word_1_137' title='bbox 1590 2647 1723 2721; x_wconf 78' lang='lat' dir='ltr'>saecula</span> <span class='ocrx_word' id='word_1_138' title='bbox 1752 2647 1972 2721; x_wconf 87' lang='lat' dir='ltr'>saeculorum.</span> 
     </span>
     <span class='ocr_line' id='line_1_16' title="bbox 605 2765 724 2840; baseline -0.05 0"><span class='ocrx_word' id='word_1_139' title='bbox 605 2765 724 2840; x_wconf 87' lang='lat' dir='ltr'>Amen.</span> 
     </span>
    </p>
   </div>
   <div class='ocr_carea' id='block_1_4' title="bbox 911 3038 1667 3131">
    <p class='ocr_par' dir='ltr' id='par_1_4' title="bbox 911 3038 1667 3131">
     <span class='ocr_line' id='line_1_17' title="bbox 911 3038 1667 3131; baseline 0 -22"><span class='ocrx_word' id='word_1_140' title='bbox 911 3040 952 3109; x_wconf 81' lang='lat' dir='ltr'>ln</span> <span class='ocrx_word' id='word_1_141' title='bbox 978 3039 1048 3110; x_wconf 84' lang='lat' dir='ltr'>ulio</span> <span class='ocrx_word' id='word_1_142' title='bbox 1075 3040 1196 3111; x_wconf 85' lang='lat' dir='ltr'>codice</span> <span class='ocrx_word' id='word_1_143' title='bbox 1221 3042 1273 3110; x_wconf 79' lang='lat' dir='ltr'>ito</span> <span class='ocrx_word' id='word_1_144' title='bbox 1299 3041 1421 3131; x_wconf 74' lang='lat' dir='ltr'>incipit</span> <span class='ocrx_word' id='word_1_145' title='bbox 1446 3038 1508 3109; x_wconf 83' lang='lat' dir='ltr'>ttta</span> <span class='ocrx_word' id='word_1_146' title='bbox 1535 3038 1667 3109; x_wconf 82' lang='lat' dir='ltr'>Oratio.</span> 
     </span>
    </p>
   </div>
   <div class='ocr_carea' id='block_1_5' title="bbox 600 3204 1971 4370">
    <p class='ocr_par' dir='ltr' id='par_1_5' title="bbox 600 3204 1971 4370">
     <span class='ocr_line' id='line_1_18' title="bbox 707 3204 1971 3322; baseline -0.003 -21"><span class='ocrx_word' id='word_1_147' title='bbox 707 3230 849 3301; x_wconf 93' lang='lat' dir='ltr'>Domine</span> <span class='ocrx_word' id='word_1_148' title='bbox 876 3230 968 3301; x_wconf 92' lang='lat' dir='ltr'>Deus</span> <span class='ocrx_word' id='word_1_149' title='bbox 995 3236 1126 3322; x_wconf 92' lang='lat' dir='ltr'>potens,</span> <span class='ocrx_word' id='word_1_150' title='bbox 1154 3227 1276 3299; x_wconf 86' lang='lat' dir='ltr'>exaudi</span> <span class='ocrx_word' id='word_1_151' title='bbox 1294 3249 1415 3301; x_wconf 90' lang='lat' dir='ltr'>vocem</span> <span class='ocrx_word' id='word_1_152' title='bbox 1442 3226 1597 3299; x_wconf 91' lang='lat' dir='ltr'>clamoris</span> <span class='ocrx_word' id='word_1_153' title='bbox 1623 3204 1689 3300; x_wconf 84' lang='lat' dir='ltr'>mei</span> <span class='ocrx_word' id='word_1_154' title='bbox 1705 3249 1821 3300; x_wconf 90' lang='lat' dir='ltr'>coram</span> <span class='ocrx_word' id='word_1_155' title='bbox 1845 3234 1880 3297; x_wconf 89' lang='lat' dir='ltr'>te</span> <span class='ocrx_word' id='word_1_156' title='bbox 1905 3225 1971 3297; x_wconf 92' lang='lat' dir='ltr'>hoc</span> 
     </span>
     <span class='ocr_line' id='line_1_19' title="bbox 604 3342 1970 3441; baseline -0.004 -24"><span class='ocrx_word' id='word_1_157' title='bbox 604 3354 772 3441; x_wconf 90' lang='lat' dir='ltr'>tempore:</span> <span class='ocrx_word' id='word_1_158' title='bbox 798 3343 937 3417; x_wconf 90' lang='lat' dir='ltr'>intende.</span> <span class='ocrx_word' id='word_1_159' title='bbox 957 3344 1099 3415; x_wconf 89' lang='lat' dir='ltr'>Domine</span> <span class='ocrx_word' id='word_1_160' title='bbox 1126 3352 1159 3415; x_wconf 91' lang='lat' dir='ltr'>et</span> <span class='ocrx_word' id='word_1_161' title='bbox 1186 3342 1262 3415; x_wconf 92' lang='lat' dir='ltr'>audi</span> <span class='ocrx_word' id='word_1_162' title='bbox 1288 3345 1431 3435; x_wconf 87' lang='lat' dir='ltr'>gemitus</span> <span class='ocrx_word' id='word_1_163' title='bbox 1453 3364 1547 3415; x_wconf 90' lang='lat' dir='ltr'>meos</span> <span class='ocrx_word' id='word_1_164' title='bbox 1568 3365 1681 3414; x_wconf 91' lang='lat' dir='ltr'>coram</span> <span class='ocrx_word' id='word_1_165' title='bbox 1704 3346 1877 3435; x_wconf 89' lang='lat' dir='ltr'>majestate</span> <span class='ocrx_word' id='word_1_166' title='bbox 1901 3350 1970 3431; x_wconf 91' lang='lat' dir='ltr'>tua,</span> 
     </span>
     <span class='ocr_line' id='line_1_20' title="bbox 605 3458 1970 3557; baseline -0.002 -25"><span class='ocrx_word' id='word_1_167' title='bbox 605 3464 804 3556; x_wconf 83' lang='lat' dir='ltr'>suscipeqoe</span> <span class='ocrx_word' id='word_1_168' title='bbox 831 3461 1099 3557; x_wconf 87' lang='lat' dir='ltr'>deprecationem</span> <span class='ocrx_word' id='word_1_169' title='bbox 1127 3463 1192 3531; x_wconf 91' lang='lat' dir='ltr'>mei</span> <span class='ocrx_word' id='word_1_170' title='bbox 1206 3462 1405 3554; x_wconf 91' lang='lat' dir='ltr'>peccatoris,</span> <span class='ocrx_word' id='word_1_171' title='bbox 1432 3483 1495 3554; x_wconf 86' lang='lat' dir='ltr'>qua</span> <span class='ocrx_word' id='word_1_172' title='bbox 1518 3458 1693 3554; x_wconf 91' lang='lat' dir='ltr'>interpello</span> <span class='ocrx_word' id='word_1_173' title='bbox 1711 3462 1850 3551; x_wconf 86' lang='lat' dir='ltr'>gratiam</span> <span class='ocrx_word' id='word_1_174' title='bbox 1869 3469 1970 3544; x_wconf 88' lang='lat' dir='ltr'>tuam,</span> 
     </span>
     <span class='ocr_line' id='line_1_21' title="bbox 604 3575 1970 3672; baseline -0.001 -25"><span class='ocrx_word' id='word_1_175' title='bbox 604 3575 668 3647; x_wconf 91' lang='lat' dir='ltr'>bac</span> <span class='ocrx_word' id='word_1_176' title='bbox 694 3576 776 3649; x_wconf 89' lang='lat' dir='ltr'>bora</span> <span class='ocrx_word' id='word_1_177' title='bbox 804 3601 869 3672; x_wconf 91' lang='lat' dir='ltr'>qua</span> <span class='ocrx_word' id='word_1_178' title='bbox 895 3576 1030 3648; x_wconf 88' lang='lat' dir='ltr'>offertur</span> <span class='ocrx_word' id='word_1_179' title='bbox 1050 3576 1252 3649; x_wconf 74' lang='lat' dir='ltr'>suentana</span> <span class='ocrx_word' id='word_1_180' title='bbox 1279 3578 1366 3672; x_wconf 91' lang='lat' dir='ltr'>patri</span> <span class='ocrx_word' id='word_1_181' title='bbox 1392 3585 1458 3647; x_wconf 91' lang='lat' dir='ltr'>tuo.</span> <span class='ocrx_word' id='word_1_182' title='bbox 1511 3576 1676 3649; x_wconf 85' lang='lat' dir='ltr'>Miserere</span> <span class='ocrx_word' id='word_1_183' title='bbox 1693 3578 1839 3648; x_wconf 88' lang='lat' dir='ltr'>omnium</span> <span class='ocrx_word' id='word_1_184' title='bbox 1865 3595 1970 3645; x_wconf 89' lang='lat' dir='ltr'>crea-</span> 
     </span>
     <span class='ocr_line' id='line_1_22' title="bbox 603 3679 1970 3788; baseline 0 -24"><span class='ocrx_word' id='word_1_185' title='bbox 603 3704 765 3764; x_wconf 87' lang='lat' dir='ltr'>turarum:</span> <span class='ocrx_word' id='word_1_186' title='bbox 793 3716 897 3788; x_wconf 90' lang='lat' dir='ltr'>parce</span> <span class='ocrx_word' id='word_1_187' title='bbox 923 3696 1009 3781; x_wconf 91' lang='lat' dir='ltr'>reis,</span> <span class='ocrx_word' id='word_1_188' title='bbox 1042 3704 1205 3764; x_wconf 88' lang='lat' dir='ltr'>converte</span> <span class='ocrx_word' id='word_1_189' title='bbox 1241 3701 1409 3780; x_wconf 81' lang='lat' dir='ltr'>errantes3</span> <span class='ocrx_word' id='word_1_190' title='bbox 1445 3713 1627 3786; x_wconf 89' lang='lat' dir='ltr'>oppressos</span> <span class='ocrx_word' id='word_1_191' title='bbox 1660 3679 1797 3780; x_wconf 83' lang='lat' dir='ltr'>recrea3</span> <span class='ocrx_word' id='word_1_192' title='bbox 1830 3692 1970 3764; x_wconf 88' lang='lat' dir='ltr'>turbatis</span> 
     </span>
     <span class='ocr_line' id='line_1_23' title="bbox 605 3807 1970 3906; baseline 0.001 -26"><span class='ocrx_word' id='word_1_193' title='bbox 605 3812 750 3903; x_wconf 91' lang='lat' dir='ltr'>quietem</span> <span class='ocrx_word' id='word_1_194' title='bbox 776 3819 928 3904; x_wconf 90' lang='lat' dir='ltr'>praesta:</span> <span class='ocrx_word' id='word_1_195' title='bbox 955 3830 1036 3881; x_wconf 89' lang='lat' dir='ltr'>sana</span> <span class='ocrx_word' id='word_1_196' title='bbox 1063 3807 1225 3880; x_wconf 83' lang='lat' dir='ltr'>infirmos:</span> <span class='ocrx_word' id='word_1_197' title='bbox 1261 3807 1439 3879; x_wconf 90' lang='lat' dir='ltr'>consolare</span> <span class='ocrx_word' id='word_1_198' title='bbox 1467 3808 1625 3897; x_wconf 83' lang='lat' dir='ltr'>afflictos3</span> <span class='ocrx_word' id='word_1_199' title='bbox 1659 3818 1694 3880; x_wconf 89' lang='lat' dir='ltr'>et</span> <span class='ocrx_word' id='word_1_200' title='bbox 1717 3809 1843 3906; x_wconf 87' lang='lat' dir='ltr'>perfice</span> <span class='ocrx_word' id='word_1_201' title='bbox 1869 3809 1970 3882; x_wconf 89' lang='lat' dir='ltr'>elee-</span> 
     </span>
     <span class='ocr_line' id='line_1_24' title="bbox 603 3926 1968 4019; baseline 0.003 -24"><span class='ocrx_word' id='word_1_202' title='bbox 603 3946 762 4019; x_wconf 65' lang='lat' dir='ltr'>mosynas</span> <span class='ocrx_word' id='word_1_203' title='bbox 789 3946 904 3996; x_wconf 90' lang='lat' dir='ltr'>eorum</span> <span class='ocrx_word' id='word_1_204' title='bbox 925 3928 980 4019; x_wconf 92' lang='lat' dir='ltr'>qui</span> <span class='ocrx_word' id='word_1_205' title='bbox 1008 3935 1186 4019; x_wconf 88' lang='lat' dir='ltr'>operantur</span> <span class='ocrx_word' id='word_1_206' title='bbox 1202 3926 1373 4014; x_wconf 89' lang='lat' dir='ltr'>justitiam,</span> <span class='ocrx_word' id='word_1_207' title='bbox 1398 3933 1536 4019; x_wconf 91' lang='lat' dir='ltr'>propter</span> <span class='ocrx_word' id='word_1_208' title='bbox 1555 3945 1678 3998; x_wconf 88' lang='lat' dir='ltr'>nomen</span> <span class='ocrx_word' id='word_1_209' title='bbox 1698 3934 1788 3996; x_wconf 91' lang='lat' dir='ltr'>tuum</span> <span class='ocrx_word' id='word_1_210' title='bbox 1808 3935 1968 3999; x_wconf 89' lang='lat' dir='ltr'>sanctum.</span> 
     </span>
     <span class='ocr_line' id='line_1_25' title="bbox 602 4040 1968 4136; baseline 0.001 -23"><span class='ocrx_word' id='word_1_211' title='bbox 602 4040 670 4113; x_wconf 86' lang='lat' dir='ltr'>Mei</span> <span class='ocrx_word' id='word_1_212' title='bbox 703 4063 834 4135; x_wconf 88' lang='lat' dir='ltr'>quoque</span> <span class='ocrx_word' id='word_1_213' title='bbox 859 4042 1048 4136; x_wconf 89' lang='lat' dir='ltr'>peccatoris</span> <span class='ocrx_word' id='word_1_214' title='bbox 1085 4043 1246 4110; x_wconf 88' lang='lat' dir='ltr'>miserere</span> <span class='ocrx_word' id='word_1_215' title='bbox 1278 4060 1340 4134; x_wconf 91' lang='lat' dir='ltr'>per</span> <span class='ocrx_word' id='word_1_216' title='bbox 1366 4043 1507 4131; x_wconf 90' lang='lat' dir='ltr'>gratiam</span> <span class='ocrx_word' id='word_1_217' title='bbox 1539 4050 1639 4113; x_wconf 84' lang='lat' dir='ltr'>tuam</span> <span class='ocrx_word' id='word_1_218' title='bbox 1695 4041 1838 4113; x_wconf 90' lang='lat' dir='ltr'>Domine</span> <span class='ocrx_word' id='word_1_219' title='bbox 1875 4043 1968 4115; x_wconf 89' lang='lat' dir='ltr'>Deus</span> 
     </span>
     <span class='ocr_line' id='line_1_26' title="bbox 602 4152 1968 4252; baseline 0.002 -25"><span class='ocrx_word' id='word_1_220' title='bbox 602 4166 733 4252; x_wconf 91' lang='lat' dir='ltr'>potens,</span> <span class='ocrx_word' id='word_1_221' title='bbox 761 4158 960 4252; x_wconf 88' lang='lat' dir='ltr'>suscipiatur</span> <span class='ocrx_word' id='word_1_222' title='bbox 987 4152 1109 4226; x_wconf 89' lang='lat' dir='ltr'>oblatio</span> <span class='ocrx_word' id='word_1_223' title='bbox 1136 4152 1220 4226; x_wconf 90' lang='lat' dir='ltr'>baec</span> <span class='ocrx_word' id='word_1_224' title='bbox 1245 4177 1308 4250; x_wconf 94' lang='lat' dir='ltr'>pro</span> <span class='ocrx_word' id='word_1_225' title='bbox 1334 4158 1492 4229; x_wconf 88' lang='lat' dir='ltr'>universa</span> <span class='ocrx_word' id='word_1_226' title='bbox 1514 4156 1667 4229; x_wconf 84' lang='lat' dir='ltr'>Ecclesia</span> <span class='ocrx_word' id='word_1_227' title='bbox 1693 4166 1809 4231; x_wconf 87' lang='lat' dir='ltr'>sancta</span> <span class='ocrx_word' id='word_1_228' title='bbox 1836 4156 1968 4248; x_wconf 82' lang='lat' dir='ltr'>Catho-</span> 
     </span>
     <span class='ocr_line' id='line_1_27' title="bbox 600 4268 1943 4370; baseline -0.001 -27"><span class='ocrx_word' id='word_1_229' title='bbox 600 4270 678 4362; x_wconf 89' lang='lat' dir='ltr'>lica,</span> <span class='ocrx_word' id='word_1_230' title='bbox 705 4282 739 4343; x_wconf 91' lang='lat' dir='ltr'>et</span> <span class='ocrx_word' id='word_1_231' title='bbox 764 4294 826 4367; x_wconf 94' lang='lat' dir='ltr'>pro</span> <span class='ocrx_word' id='word_1_232' title='bbox 854 4268 1104 4359; x_wconf 66' lang='lat' dir='ltr'>Sacerdotibus</span> <span class='ocrx_word' id='word_1_233' title='bbox 1130 4268 1293 4362; x_wconf 87' lang='lat' dir='ltr'>Regibus,</span> <span class='ocrx_word' id='word_1_234' title='bbox 1320 4272 1533 4368; x_wconf 59' lang='lat' dir='ltr'>principibus</span> <span class='ocrx_word' id='word_1_235' title='bbox 1560 4274 1753 4370; x_wconf 73' lang='lat' dir='ltr'>etreliqua</span> <span class='ocrx_word' id='word_1_236' title='bbox 1769 4280 1807 4345; x_wconf 90' lang='lat' dir='ltr'>ut</span> <span class='ocrx_word' id='word_1_237' title='bbox 1826 4295 1943 4366; x_wconf 84' lang='lat' dir='ltr'>supro.</span> 
     </span>
    </p>
   </div>
   <div class='ocr_carea' id='block_1_6' title="bbox 756 4545 1809 4623">
    <p class='ocr_par' dir='ltr' id='par_1_6' title="bbox 756 4545 1809 4623">
     <span class='ocr_line' id='line_1_28' title="bbox 756 4545 1809 4623; baseline 0.002 -6"><span class='ocrx_word' id='word_1_238' title='bbox 756 4546 931 4619; x_wconf 83' lang='lat' dir='ltr'>Sacerdos</span> <span class='ocrx_word' id='word_1_239' title='bbox 956 4547 1042 4617; x_wconf 80' lang='lat' dir='ltr'>otctt</span> <span class='ocrx_word' id='word_1_240' title='bbox 1066 4546 1155 4616; x_wconf 81' lang='lat' dir='ltr'>itanc</span> <span class='ocrx_word' id='word_1_241' title='bbox 1183 4545 1382 4617; x_wconf 82' lang='lat' dir='ltr'>Orationem</span> <span class='ocrx_word' id='word_1_242' title='bbox 1406 4548 1640 4623; x_wconf 74' lang='lat' dir='ltr'>inclinationis</span> <span class='ocrx_word' id='word_1_243' title='bbox 1665 4556 1809 4622; x_wconf 79' lang='lat' dir='ltr'>secreto.</span> 
     </span>
    </p>
   </div>
   <div class='ocr_carea' id='block_1_7' title="bbox 601 4735 1965 4951">
    <p class='ocr_par' dir='ltr' id='par_1_7' title="bbox 601 4735 1965 4951">
     <span class='ocr_line' id='line_1_29' title="bbox 705 4735 1965 4832; baseline 0.002 -27"><span class='ocrx_word' id='word_1_244' title='bbox 705 4735 755 4806; x_wconf 88' lang='lat' dir='ltr'>Tu</span> <span class='ocrx_word' id='word_1_245' title='bbox 782 4736 923 4807; x_wconf 89' lang='lat' dir='ltr'>Domine</span> <span class='ocrx_word' id='word_1_246' title='bbox 949 4758 1010 4832; x_wconf 92' lang='lat' dir='ltr'>per</span> <span class='ocrx_word' id='word_1_247' title='bbox 1036 4738 1267 4807; x_wconf 88' lang='lat' dir='ltr'>miserationes</span> <span class='ocrx_word' id='word_1_248' title='bbox 1303 4744 1376 4810; x_wconf 89' lang='lat' dir='ltr'>tuas</span> <span class='ocrx_word' id='word_1_249' title='bbox 1403 4737 1522 4810; x_wconf 87' lang='lat' dir='ltr'>multas</span> <span class='ocrx_word' id='word_1_250' title='bbox 1557 4748 1591 4810; x_wconf 89' lang='lat' dir='ltr'>et</span> <span class='ocrx_word' id='word_1_251' title='bbox 1621 4736 1879 4828; x_wconf 77' lang='lat' dir='ltr'>inenarrabiles,</span> <span class='ocrx_word' id='word_1_252' title='bbox 1911 4736 1965 4808; x_wconf 88' lang='lat' dir='ltr'>iac</span> 
     </span>
     <span class='ocr_line' id='line_1_30' title="bbox 601 4849 1964 4951; baseline 0.004 -29"><span class='ocrx_word' id='word_1_253' title='bbox 601 4853 792 4922; x_wconf 89' lang='lat' dir='ltr'>memoriam</span> <span class='ocrx_word' id='word_1_254' title='bbox 824 4849 947 4923; x_wconf 90' lang='lat' dir='ltr'>bonam</span> <span class='ocrx_word' id='word_1_255' title='bbox 983 4861 1017 4923; x_wconf 90' lang='lat' dir='ltr'>et</span> <span class='ocrx_word' id='word_1_256' title='bbox 1049 4850 1287 4947; x_wconf 84' lang='lat' dir='ltr'>acceptabilem</span> <span class='ocrx_word' id='word_1_257' title='bbox 1324 4851 1475 4926; x_wconf 87' lang='lat' dir='ltr'>omnibus</span> <span class='ocrx_word' id='word_1_258' title='bbox 1508 4854 1658 4951; x_wconf 89' lang='lat' dir='ltr'>patribus</span> <span class='ocrx_word' id='word_1_259' title='bbox 1693 4856 1756 4949; x_wconf 90' lang='lat' dir='ltr'>piis</span> <span class='ocrx_word' id='word_1_260' title='bbox 1788 4865 1822 4927; x_wconf 87' lang='lat' dir='ltr'>et</span> <span class='ocrx_word' id='word_1_261' title='bbox 1853 4855 1964 4947; x_wconf 86' lang='lat' dir='ltr'>justis,</span> 
     </span>
    </p>
   </div>
   <div class='ocr_carea' id='block_1_8' title="bbox 601 4963 2085 5066">
    <p class='ocr_par' dir='ltr' id='par_1_8' title="bbox 601 4963 2085 5066">
     <span class='ocr_line' id='line_1_31' title="bbox 601 4963 2085 5066; baseline 0.004 -28"><span class='ocrx_word' id='word_1_262' title='bbox 601 4969 656 5062; x_wconf 89' lang='lat' dir='ltr'>qui</span> <span class='ocrx_word' id='word_1_263' title='bbox 682 4963 795 5061; x_wconf 83' lang='lat' dir='ltr'>placiti</span> <span class='ocrx_word' id='word_1_264' title='bbox 820 4964 952 5038; x_wconf 83' lang='lat' dir='ltr'>luerunt</span> <span class='ocrx_word' id='word_1_265' title='bbox 978 4989 1093 5041; x_wconf 89' lang='lat' dir='ltr'>coram</span> <span class='ocrx_word' id='word_1_266' title='bbox 1119 4976 1153 5039; x_wconf 91' lang='lat' dir='ltr'>te</span> <span class='ocrx_word' id='word_1_267' title='bbox 1178 4970 1213 5039; x_wconf 87' lang='lat' dir='ltr'>iu</span> <span class='ocrx_word' id='word_1_268' title='bbox 1244 4972 1559 5044; x_wconf 87' lang='lat' dir='ltr'>commemoratione</span> <span class='ocrx_word' id='word_1_269' title='bbox 1585 4974 1737 5066; x_wconf 90' lang='lat' dir='ltr'>corporis</span> <span class='ocrx_word' id='word_1_270' title='bbox 1763 4980 1797 5043; x_wconf 89' lang='lat' dir='ltr'>et</span> <span class='ocrx_word' id='word_1_271' title='bbox 1822 4973 1964 5065; x_wconf 85' lang='lat' dir='ltr'>sangui-</span> <span class='ocrx_word' id='word_1_272' title='bbox 2080 4997 2085 5007; x_wconf 83' lang='lat'><em>·</em></span> 
     </span>
    </p>
   </div>
   <div class='ocr_carea' id='block_1_9' title="bbox 599 5080 1964 5409">
    <p class='ocr_par' dir='ltr' id='par_1_9' title="bbox 599 5080 1964 5409">
     <span class='ocr_line' id='line_1_32' title="bbox 599 5080 1964 5182; baseline 0.007 -30"><span class='ocrx_word' id='word_1_273' title='bbox 599 5084 650 5155; x_wconf 89' lang='lat' dir='ltr'>nis</span> <span class='ocrx_word' id='word_1_274' title='bbox 680 5080 802 5154; x_wconf 87' lang='lat' dir='ltr'>Christi</span> <span class='ocrx_word' id='word_1_275' title='bbox 827 5085 886 5173; x_wconf 90' lang='lat' dir='ltr'>tui,</span> <span class='ocrx_word' id='word_1_276' title='bbox 912 5083 1000 5178; x_wconf 89' lang='lat' dir='ltr'>quod</span> <span class='ocrx_word' id='word_1_277' title='bbox 1027 5080 1192 5156; x_wconf 77' lang='lat' dir='ltr'>offerimus</span> <span class='ocrx_word' id='word_1_278' title='bbox 1218 5080 1276 5155; x_wconf 88' lang='lat' dir='ltr'>tibi</span> <span class='ocrx_word' id='word_1_279' title='bbox 1303 5105 1403 5180; x_wconf 89' lang='lat' dir='ltr'>super</span> <span class='ocrx_word' id='word_1_280' title='bbox 1429 5085 1533 5157; x_wconf 88' lang='lat' dir='ltr'>altare</span> <span class='ocrx_word' id='word_1_281' title='bbox 1559 5096 1647 5158; x_wconf 90' lang='lat' dir='ltr'>tuum</span> <span class='ocrx_word' id='word_1_282' title='bbox 1673 5107 1790 5182; x_wconf 90' lang='lat' dir='ltr'>purum</span> <span class='ocrx_word' id='word_1_283' title='bbox 1817 5096 1852 5160; x_wconf 90' lang='lat' dir='ltr'>et</span> <span class='ocrx_word' id='word_1_284' title='bbox 1877 5110 1964 5161; x_wconf 88' lang='lat' dir='ltr'>sun-</span> 
     </span>
     <span class='ocr_line' id='line_1_33' title="bbox 600 5197 1962 5299; baseline 0.006 -31"><span class='ocrx_word' id='word_1_285' title='bbox 600 5208 705 5287; x_wconf 90' lang='lat' dir='ltr'>ctum,</span> <span class='ocrx_word' id='word_1_286' title='bbox 745 5201 830 5270; x_wconf 91' lang='lat' dir='ltr'>sicut</span> <span class='ocrx_word' id='word_1_287' title='bbox 869 5197 1010 5271; x_wconf 89' lang='lat' dir='ltr'>docuisti</span> <span class='ocrx_word' id='word_1_288' title='bbox 1047 5221 1127 5272; x_wconf 91' lang='lat' dir='ltr'>nos:</span> <span class='ocrx_word' id='word_1_289' title='bbox 1170 5209 1204 5271; x_wconf 93' lang='lat' dir='ltr'>et</span> <span class='ocrx_word' id='word_1_290' title='bbox 1240 5210 1374 5296; x_wconf 88' lang='lat' dir='ltr'>praesta</span> <span class='ocrx_word' id='word_1_291' title='bbox 1412 5199 1510 5274; x_wconf 90' lang='lat' dir='ltr'>nobis</span> <span class='ocrx_word' id='word_1_292' title='bbox 1553 5202 1817 5299; x_wconf 63' lang='lat' dir='ltr'>tanquillitatem</span> <span class='ocrx_word' id='word_1_293' title='bbox 1861 5214 1962 5294; x_wconf 90' lang='lat' dir='ltr'>tuam,</span> 
     </span>
     <span class='ocr_line' id='line_1_34' title="bbox 600 5312 1178 5409; baseline 0.002 -24"><span class='ocrx_word' id='word_1_294' title='bbox 600 5312 751 5387; x_wconf 92' lang='lat' dir='ltr'>omnibus</span> <span class='ocrx_word' id='word_1_295' title='bbox 778 5312 894 5387; x_wconf 88' lang='lat' dir='ltr'>diebus</span> <span class='ocrx_word' id='word_1_296' title='bbox 921 5315 1048 5392; x_wconf 90' lang='lat' dir='ltr'>saeculi</span> <span class='ocrx_word' id='word_1_297' title='bbox 1073 5312 1178 5409; x_wconf 89' lang='lat' dir='ltr'>hujus.</span> 
     </span>
    </p>
   </div>
   <div class='ocr_carea' id='block_1_10' title="bbox 0 0 2580 6534">
    <p class='ocr_par' dir='ltr' id='par_1_10' title="bbox 0 0 2580 6534">
     <span class='ocr_line' id='line_1_35' title="bbox 0 0 2580 6534; baseline 0 3"><span class='ocrx_word' id='word_1_298' title='bbox 0 0 2580 6534; x_wconf 95' lang='lat' dir='ltr'> </span> 
     </span>
    </p>
   </div>
  </div>
 </body>
</html>
