5150 6534
593 851 643 925 16
971 848 1149 925 otoo
1203 846 1582 925 contortis

588 1046 667 1133 peto
700 1040 929 1109 remissionem
966 1039 1110 1107 omnium
1144 1037 1348 1128 iniquitatum
1380 1056 1547 1123 mearum,
1587 1034 1667 1105 licet
1701 1033 1872 1126 indignus:
1906 1034 1968 1105 sed

590 1154 737 1225 obsecro
765 1162 810 1242 te,
837 1163 873 1223 ut
898 1174 1102 1247 praeserves
1139 1162 1282 1222 mentem
1315 1172 1423 1221 meam
1459 1149 1500 1221 ab
1529 1148 1682 1222 omnibus
1717 1149 1967 1246 operationibus

590 1268 792 1341 adversarii:
826 1268 944 1339 oculos
970 1288 1087 1355 meos,
1122 1288 1165 1338 ne
1193 1269 1356 1360 aspiciant
1390 1269 1663 1360 intemperanter:
1691 1289 1802 1353 aures,
1828 1287 1873 1336 ne
1898 1288 1966 1336 au-

590 1381 681 1452 diant
706 1404 763 1453 res
796 1381 922 1454 futiles:
955 1403 1072 1453 manus
1105 1402 1198 1452 meas
1232 1403 1253 1451 a
1284 1386 1534 1476 perpetratione
1566 1404 1677 1453 rerum
1712 1380 1898 1454 odibilium:
1932 1390 1967 1452 et

589 1518 690 1568 rencs
716 1519 811 1572 meos
838 1509 874 1568 ut
899 1518 962 1593 per
988 1508 1021 1568 te
1047 1506 1266 1586 moveantur,
1294 1507 1449 1592 totusque
1476 1496 1519 1568 ad
1545 1508 1578 1568 te
1606 1500 1688 1588 sim,
1721 1508 1755 1569 et
1782 1520 1801 1568 a
1829 1507 1862 1568 te
1889 1495 1977 1583 milri*

590 1611 794 1684 concedatur
821 1612 941 1683 donum
955 1616 1189 1707 mysteriorum
1206 1623 1336 1684 tuorum
1355 1612 1553 1702 divinorum,
1571 1634 1671 1701 nunc,
1696 1624 1758 1684 etc.

696 1727 876 1798 Osculelnr
902 1728 1205 1820 praetractari,
1239 1736 1273 1798 et
1299 1727 1472 1798 ascendit:
1506 1731 1554 1798 et'
1574 1727 1720 1799 revolvit
1750 1727 1858 1797 celem
1891 1730 1965 1797 sice

590 1847 812 1935 tegumentum
842 1846 1096 1935 mysteriorum:
1130 1843 1239 1912 celum
1273 1844 1361 1913 disci
1399 1844 1549 1913 collocet
1587 1845 1634 1913 ad
1676 1843 1764 1912 lotos
1797 1842 1968 1912 australe:

501 2025 505 2045 ι
589 1956 697 2027 'selum
724 1958 844 2028 calicis
870 1959 917 2028 ad
943 1958 1174 2046 occidentale,
1201 1966 1236 2028 et
1262 1959 1356 2028 dicit.

694 2072 857 2145 Dominus
900 2077 1056 2165 regnavit
1094 2073 1251 2144 decorem
1284 2073 1425 2144 indutus·
1448 2084 1515 2162 est,
1547 2073 1677 2144 indutus
1715 2080 1767 2143 est
1801 2072 1965 2143 Dominus

588 2185 828 2280 fortitudinem,
855 2199 888 2261 et
914 2188 1106 2261 fortitudine
1133 2192 1302 2261 accinctus
1330 2198 1391 2260 est.

1213 2446 1343 2515 Oratio.

695 2649 796 2740 Agre
822 2670 917 2744 pure,
944 2661 978 2722 et
1004 2649 1133 2746 absque
1159 2652 1288 2723 macula
1325 2655 1379 2745 qui
1414 2661 1446 2722 tc
1475 2650 1619 2723 obtulisti
1645 2649 1736 2720 Patri
1768 2657 1824 2720 tuo
1852 2652 1964 2721 sacri-

588 2762 697 2834 ficium
725 2762 943 2859 acceptabile
970 2788 1032 2860 pro
1061 2767 1168 2838 salute
1189 2777 1237 2838 ,et
1263 2769 1496 2861 propitiatione
1532 2770 1631 2854 totius
1665 2764 1794 2838 mundi:
1829 2776 1965 2859 praesta

588 2875 685 2949 nobis
712 2887 748 2949 ut
776 2878 953 2953 offeramus
989 2880 1045 2952 tibi
1081 2905 1143 2955 nos
1178 2886 1270 2976 ipsos
1307 2883 1504 2955 sacrificium
1539 2884 1671 2969 vivum,
1709 2878 1797 2973 quod
1831 2881 1965 2975 placeat

588 2994 646 3066 tihi
678 3006 712 3066 ct
747 2996 853 3067 simile
889 2999 931 3068 sit
964 2999 1128 3070 sacrificio
1164 3009 1219 3069 tuo
1251 3020 1314 3092 pro
1341 2999 1456 3089 nobis,
1493 2996 1624 3071 Christe
1659 2997 1752 3067 Deus
1782 3008 1898 3069 noster
1929 3001 1965 3068 in

588 3110 735 3181 saecula.

691 3226 868 3299 Sacerdos
892 3234 988 3298 siens
1014 3229 1106 3299 dicet
1138 3231 1329 3299 orationem
1356 3248 1444 3320 quoe
1475 3230 1612 3319 incipit,
1641 3226 1803 3297 llomoria
1830 3228 1965 3300 Domini

588 3351 622 3412 et
647 3342 712 3413 Dei
738 3346 852 3415 nostri.
906 3344 1047 3414 Discum
1073 3346 1249 3413 interiens
1271 3346 1420 3435 positum
1446 3346 1482 3411 in
1505 3348 1609 3434 perte
1636 3345 1787 3429 sinistre,
1823 3344 1965 3415 calicem

587 3459 624 3525 ire
650 3461 804 3547 sinistra,
832 3459 987 3528 extendit
1011 3480 1129 3528 rnenus
1154 3481 1234 3527 seros
1260 3461 1296 3527 in
1319 3461 1467 3550 [ornnem
1493 3460 1616 3544 crucis,
1645 3456 1772 3526 desire
1798 3462 1962 3529 sinistrae

587 3575 820 3663 superposite:
853 3578 920 3641 turri
954 3573 1081 3642 (lectra
1116 3574 1242 3641 (liscum
1276 3575 1438 3659 sustinet,
1476 3575 1619 3643 sinistro
1660 3573 1821 3660 culicem,
1857 3599 1963 3667 supra

584 3691 720 3776 portem
747 3686 870 3756 altaris
896 3689 932 3756 in
959 3709 1026 3780 quo
1053 3686 1171 3756 tudela
1197 3687 1315 3777 defice
1342 3692 1409 3773 est,
1436 3709 1546 3779 neque
1578 3709 1638 3757 eos
1665 3688 1820 3780 deponit,
1854 3692 1963 3762 donec

588 3798 775 3871 adsoloerii
801 3805 992 3872 orationem
1018 3802 1107 3871 hanc
1133 3802 1339 3893 generalem,
1367 3824 1455 3895 quoe
1481 3806 1641 3895 sequitur.

691 3915 887 3987 Memoriam
923 3918 1057 3988 Domini
1089 3917 1153 3988 Dei
1189 3928 1221 3990 et
1256 3916 1444 3989 Salvatoris
1485 3922 1591 3990 nostri
1627 3918 1709 3991 Jesu
1745 3918 1866 3992 Christi
1902 3933 1962 3995 to-

586 4035 717 4126 tiusque
745 4017 816 4123 ejus
845 4032 1099 4127 dispensationis
1129 4033 1322 4105 salutiferae
1347 4054 1408 4129 pro
1439 4032 1537 4105 nobis
1564 4036 1704 4124 agimus.
1756 4035 1848 4106 Ecce
1876 4042 1962 4109 enim

586 4150 842 4219 annuntiationis
869 4150 942 4238 ejus
960 4170 1023 4244 per
1039 4150 1290 4242 Archangelum
1308 4149 1467 4240 Vigilem:
1496 4152 1676 4222 nativitatis
1695 4152 1768 4239 ejus
1786 4153 1818 4220 in
1839 4173 1961 4224 carne:

585 4260 739 4356 baptismi
767 4266 840 4353 ejus
867 4266 901 4334 in
926 4264 1091 4337 Jordane:
1117 4269 1284 4361 passionis
1314 4267 1386 4355 ejus
1413 4264 1587 4336 salutaris:
1616 4266 1814 4338 elevationis
1842 4270 1914 4358 ejus
1929 4270 1962 4338 in

587 4400 704 4451 cruce:
731 4382 846 4451 mortis
874 4382 946 4471 ejus
972 4381 1146 4452 vivificae:
1174 4382 1364 4476 sepulturae
1392 4383 1465 4471 ejus
1492 4380 1681 4470 gloriosae:
1707 4385 1961 4454 resurrectionis

586 4494 798 4591 praeclarae:
833 4498 1040 4567 ascensionis
1074 4498 1108 4566 in
1142 4496 1291 4585 coelum,
1328 4497 1556 4589 sessionisque
1592 4500 1664 4587 ejus
1703 4498 1745 4568 ad
1788 4496 1961 4570 dexteram

587 4612 651 4683 Dei
677 4610 797 4699 Patris,
821 4613 918 4702 juxta
946 4612 1091 4681 divinum
1118 4614 1190 4702 ejus
1218 4610 1259 4681 ad
1279 4631 1343 4684 nos
1361 4621 1585 4706 praeceptum,
1613 4618 1962 4685 commemorationem

586 4748 674 4798 nunc
701 4724 930 4814 celebramuS,
964 4747 1065 4819 super
1090 4724 1333 4799 Eucharistiam
1367 4729 1461 4798 istam
1490 4750 1576 4819 quae
1608 4751 1723 4800 coram
1749 4721 1846 4803 nobis
1873 4751 1961 4824 pro-

586 4837 695 4937 posita
723 4853 783 4913 est.
837 4842 1022 4936 Praecipue
1050 4850 1160 4913 autem
1187 4846 1380 4913 memoriam
1408 4845 1537 4933 agimus
1564 4848 1667 4937 patris
1694 4849 1800 4915 nostri
1827 4844 1960 4931 Adam,

588 4968 622 5029 et
647 4961 760 5029 matris
787 4968 923 5031 nostrae
949 4956 1061 5029 Evae:
1090 4968 1227 5030 sanctae
1253 4962 1424 5050 genitricis
1448 4959 1513 5030 Dei
1538 4960 1682 5032 Mariae:
1709 4959 1961 5053 Prophetarum,

587 5072 848 5168 Apostolorum,
874 5072 1167 5163 Praedicatorum‚
1193 5073 1505 5166 Evangelistarum,
1533 5075 1738 5171 Martyrum,
1767 5073 1961 5147 confesso-

587 5209 670 5276 rum,
697 5188 879 5279 iustorum,
906 5189 1126 5262 Sacerdotem
1154 5198 1187 5260 et
1212 5188 1347 5262 Patrum
1367 5202 1577 5264 sanctorum:
1593 5189 1768 5260 Pastorum
1788 5212 1960 5279 verorum,

587 5305 772 5377 Doctorum
799 5305 1088 5380 orthodoxorum:
1115 5306 1346 5380 Solitariorum
1373 5316 1407 5380 et
1433 5306 1686 5400 Monachorum:
1720 5328 1834 5379 eorum
1862 5310 1960 5378 etiam

2010 5028 2072 5106 ί
