5150 6534
860 827 890 904 s.
918 828 1175 908 arnustus
1209 824 1425 909 nonum.
1657 877 1667 899 .
1738 776 1814 906 rar

448 1017 590 1090 destruis
616 1036 746 1087 omnem
774 1014 974 1088 altitudinem
999 1021 1192 1113 passionum
1207 1018 1419 1089 extollentem
1437 1041 1476 1092 se
1503 1017 1666 1090 adversus
1694 1022 1811 1090 scieu-

448 1136 526 1205 tiam
552 1141 652 1216 tuam,
686 1140 719 1201 et
733 1135 919 1226 ‘captivans
947 1155 1077 1205 omnam
1110 1136 1345 1224 cogitationem
1377 1133 1419 1206 ad
1450 1133 1594 1205 formam
1619 1133 1806 1204 humilitatis

449 1257 483 1320 et
518 1246 756 1318 adnihilationis
784 1257 891 1318 tuae·
924 1249 975 1319 'l'u
1006 1246 1216 1336 beatissime,
1244 1260 1278 1320 et
1304 1249 1401 1322 dives
1435 1248 1595 1322 donorum
1627 1247 1813 1330 sublimium

450 1367 563 1458 aspice
589 1385 649 1433 nos
677 1385 697 1432 o
723 1361 828 1434 coelis
859 1366 923 1434 tuis
956 1363 1147 1438 sublimibus
1175 1376 1215 1442 et,
1235 1365 1436 1460 splendidis,
1468 1376 1503 1437 et
1534 1388 1579 1437 ax
1611 1362 1813 1435 habitatione

447 1481 544 1570 regni
570 1481 615 1550 tui
641 1480 777 1548 aeterni.
802 1477 897 1549 Mitte
914 1476 1011 1552 nobis
1027 1479 1114 1551 dona
1136 1483 1266 1572 gratiae
1281 1491 1359 1552 tuae
1373 1481 1525 1567 divinae,
1543 1478 1812 1553 inhabitationem

449 1593 590 1689 Spiritus
618 1598 663 1665 tui
690 1597 811 1666 sancti:
849 1597 924 1688 quia
958 1606 991 1666 tu
1026 1594 1121 1667 dives
1154 1596 1456 1669 misericordiarum
1488 1607 1522 1667 et
1553 1594 1746 1687 magnificus
1780 1597 1814 1664 in

450 1709 558 1799 donis,
585 1719 617 1780 et
644 1708 866 1804 amplissimae
892 1710 1100 1799 clementiae,
1127 1710 1251 1806 tibique
1278 1711 1420 1805 gloriam
1442 1718 1479 1784 'et
1493 1714 1673 1802 gratiarum
1701 1711 1815 1781 actio-

448 1846 525 1897 nem
552 1824 729 1910 oderimus,
759 1835 792 1896 et
817 1828 987 1916 unigenito
1014 1824 1099 1896 Filio
1128 1834 1196 1912 tuo,
1223 1838 1286 1900 etc.
1373 1872 1380 1893 .

509 1929 511 1932 ’
552 1940 712 2032 Populos.
765 1941 883 2011 Amen.
1100 1933 1103 1939 ’
1832 2023 1840 2037 ,

553 2054 736 2126 Sacerdos.
790 2055 933 2127 Domine
959 2057 1050 2127 Deus
1076 2065 1215 2148 potans,
1244 2059 1299 2150 qui
1325 2057 1422 2128 vides
1450 2055 1664 2147 abscondita,
1696 2066 1730 2128 et
1755 2056 1814 2128 iu-

450 2181 523 2242 tura
551 2174 649 2242 etiam
675 2181 842 2265 ponebas,
870 2170 945 2243 lons
970 2175 1062 2242 vitae
1081 2180 1114 2240 et
1132 2173 1230 2262 origo
1250 2168 1347 2242 beata
1367 2171 1574 2246 beatitudinis
1589 2184 1622 2246 et
1639 2173 1815 2261 bonitatis;

450 2285 590 2378 largitor
615 2284 777 2380 puritatis,
804 2296 837 2357 et
863 2310 883 2357 a
911 2309 976 2380 quo
1004 2289 1161 2358 sauctitas
1187 2284 1287 2358 babet
1306 2290 1485 2380 originem3
1512 2289 1686 2362 tbesamus
1705 2311 1817 2360 rerum

450 2405 697 2498 preciosarum,
724 2413 758 2473 et
784 2402 860 2475 lons
888 2405 1085 2496 sapientiae:
1112 2411 1207 2495 pater
1232 2402 1319 2474 lucis
1346 2413 1520 2492 aeternae,
1548 2429 1634 2500 qruae
1662 2412 1713 2476 est
1738 2413 1816 2475 anta

451 2521 571 2590 omnia.
588 2516 723 2590 saecula
749 2522 781 2588 iu
809 2527 843 2588 te
870 2517 1101 2605 essentialiter,
1129 2516 1274 2611 aequalis
1301 2521 1449 2612 potentia
1478 2528 1512 2590 et
1537 2521 1655 2611 gloria.
1682 2519 1733 2591 Te
1748 2520 1816 2590 de-

451 2655 625 2728 precamur
646 2636 851 2704 sauctissime
869 2632 1022 2721 Domine,
1046 2633 1214 2705 sanctifica
1236 2643 1365 2706 mentes
1385 2645 1418 2706 et
1436 2637 1656 2726 cogitationes
1674 2638 1818 2707 omnium

451 2757 618 2837 nostrum,
643 2748 764 2820 munda
791 2751 918 2819 animas
945 2758 978 2819 et
1003 2769 1146 2843 corpora
1174 2751 1317 2821 onmium
1343 2758 1509 2840 nostrum,
1535 2751 1691 2822 refraena
1717 2753 1816 2823 inor-

452 2864 651 2937 dinationem
678 2867 914 2956 cogitationum
941 2875 1137 2935 nostrarum.
1189 2863 1290 2936 Indue
1316 2886 1379 2937 nos
1406 2865 1491 2937 stola
1518 2887 1608 2938 nova
1635 2868 1815 2938 intertexta

451 2991 570 3051 ornatu
596 3002 722 3051 mamm
748 2979 977 3051 bonestomm:
1004 2990 1038 3050 et
1063 3002 1124 3076 per
1150 2978 1305 3076 Spiritum
1322 2992 1411 3053 tuum
1428 2991 1576 3054 sanatmn
1592 2981 1818 3077 perficientem

453 3099 575 3185 omnia,
603 3098 656 3188 qui
683 3099 717 3166 in
744 3093 893 3167 omnibus
920 3095 1084 3167 mentibus
1111 3099 1201 3192 puris
1228 3095 1372 3185 habitat,
1399 3107 1433 3168 et
1457 3101 1491 3167 iu
1519 3094 1689 3184 animabus
1715 3120 1817 3169 mun-

453 3210 503 3282 dis
526 3209 640 3283 sedem
658 3209 769 3299 habet,
797 3209 965 3282 sanctifica
984 3232 1046 3284 nos
1066 3216 1297 3306 pergratiam,
1325 3211 1593 3299 misericordiam,
1621 3221 1654 3283 et
1670 3234 1817 3284 amorem

453 3348 536 3420 arga
568 3325 717 3399 homines
753 3329 911 3419 unigeniti
947 3325 1022 3400 Filii
1056 3331 1118 3399 tui:
1153 3350 1214 3423 per
1246 3351 1344 3424 mem
1379 3340 1412 3401 et
1444 3351 1517 3401 aum
1554 3350 1618 3421 quo
1651 3338 1684 3399 te
1719 3327 1817 3399 decet

454 3443 585 3538 gloria,
616 3453 679 3513 etc.

556 3558 716 3651 Populos.
769 3557 887 3628 Amen.

557 3675 743 3745 Diaconos.
796 3671 929 3743 Stemus
957 3671 1123 3744 decenter.

556 3789 716 3881 Populos.
769 3787 1031 3860 Misericordiae.

557 3904 741 3976 Sacerdos.
797 3903 937 3976 Caritas.

557 4021 716 4114 Popolos.
769 4019 912 4090 Etcum
939 4022 1056 4114 spiritu
1083 4029 1149 4090 tuo.

557 4136 739 4206 Sacerdos.
788 4135 931 4207 Sursum
958 4135 1070 4206 corda.

559 4252 718 4344 Populos.
771 4250 938 4322 Habemus
966 4250 1008 4322 ad
1033 4252 1219 4322 Dominum.

557 4367 740 4438 Sacerdos.
794 4365 925 4438 Gratius
953 4389 1091 4458 agamus
1117 4367 1272 4437 Domino.

558 4482 719 4574 Pupolos.
771 4480 915 4573 Dignum
942 4493 975 4553 et
997 4484 1120 4572 justum
1148 4491 1208 4554 est.

557 4598 741 4669 Sacerdos.
795 4598 845 4669 Te
873 4601 958 4669 enim
994 4598 1090 4669 decet
1118 4599 1226 4689 gloria
1258 4607 1292 4668 et
1325 4593 1384 4668 tibi
1415 4595 1554 4668 debetur
1584 4597 1748 4669 laudatio:
1784 4607 1817 4668 ta

455 4716 554 4787 decet
578 4713 719 4808 hymnus
747 4724 781 4785 et
807 4714 966 4786 exaltatio
996 4736 1201 4808 quocumque
1229 4724 1392 4807 tempore,
1427 4711 1578 4801 Patrem,
1614 4712 1750 4800 Filium,
1784 4721 1818 4782 et

456 4830 611 4926 Spiritum
641 4839 806 4917 sanctum,
832 4829 940 4900 Deum
966 4851 1099 4919 verum,
1127 4833 1221 4900 unius
1248 4839 1387 4905 naturae
1414 4826 1582 4914 excelsae,
1608 4831 1703 4899 unius
1729 4827 1817 4899 sub-

456 4948 607 5031 stantiae,
636 4947 748 5039 quiin
775 4948 929 5039 personis
956 4942 1059 5015 tribus
1087 4944 1236 5016 adoraris
1264 4953 1298 5015 et
1316 4943 1460 5016 laudaris
1480 4940 1521 5014 ab
1542 4943 1704 5030 omuibus,
1732 4965 1817 5038 quiae

455 5084 517 5157 per
542 5064 736 5155 sapientiam
764 5064 885 5130 creasti
913 5071 945 5130 et
972 5060 1140 5132 ordinasti.
1534 5136 1536 5139 ,

558 5176 734 5246 Sacerdos
760 5177 896 5246 eleaoas
921 5198 1045 5246 nocem.
1099 5176 1329 5250 benedicimus
1363 5186 1396 5248 te
1422 5175 1581 5247 lactarem
1610 5175 1819 5247 saeculorum

456 5303 490 5365 et
515 5302 700 5365 creatorem
734 5302 939 5381 natmarum,
971 5291 1163 5384 largitorem
1196 5297 1286 5365 vitae
1320 5303 1354 5363 et
1387 5292 1560 5364 Dominum
1595 5301 1817 5363 creaturarum

510 5432 596 5474 Tomos
613 5430 637 5472 u.
688 5431 691 5435 “
1569 5408 1620 5481 27
