5150 6534
873 870 1716 955 Joauutsuasonuusls
1898 876 1976 952 433
2067 976 2071 982 Ι

606 1069 642 1132 et
666 1058 842 1153 magnifice
867 1061 902 1130 in
928 1058 1118 1133 muneribus
1151 1062 1264 1151 Deus,
1298 1060 1443 1156 hymnos
1476 1064 1658 1155 gratiarum
1690 1063 1830 1134 actionis
1857 1063 1976 1136 oderi-

605 1194 691 1273 mus,
718 1196 918 1269 oramusque
944 1185 978 1246 te
1004 1187 1040 1248 ut
1070 1198 1138 1249 non
1171 1187 1351 1250 convertas
1384 1177 1472 1250 iesta
1499 1187 1614 1250 nostra
1641 1178 1674 1247 in
1699 1176 1839 1266 luctum,
1865 1201 1976 1273 neque

604 1310 747 1387 pompas
772 1300 906 1364 nostras
933 1293 968 1363 ln
994 1296 1124 1364 cantica
1150 1291 1314 1380 luctuosa,
1341 1293 1473 1386 quando
1505 1295 1650 1386 justitias
1675 1294 1768 1387 ipsas
1795 1300 1976 1397 examina7

604 1402 678 1495 bis,
710 1416 746 1478 et
776 1409 904 1479 nmania
938 1429 984 1478 ex
1018 1405 1115 1481 nobis
1150 1404 1307 1500 colliges,
1348 1419 1485 1504 propter
1522 1411 1768 1504 susceptionem
1807 1410 1976 1504 indignam

603 1524 849 1617 mysteriorum.
901 1521 972 1597 sen
997 1523 1249 1596 misericordem
1275 1524 1403 1621 praebe
1430 1534 1463 1596 te
1490 1547 1573 1618 erga
1599 1546 1675 1613 nos,
1700 1546 1804 1619 parce
1831 1526 1974 1621 pusilla-

603 1638 742 1709 nimitati
767 1648 905 1711 naturae
931 1647 1083 1711 nostrae:
1118 1642 1281 1736 propitius
1307 1650 1381 1712 esto
1409 1650 1443 1736 et
1467 1642 1640 1730 miserere,
1665 1660 1733 1710 non
1758 1643 1793 1712 in
1815 1639 1973 1732 judicium

603 1760 662 1824 aut
685 1755 719 1823 in
745 1753 1054 1827 condemnationem
1079 1766 1238 1851 reputans
1265 1754 1363 1827 nohis
1389 1778 1527 1828 munera
1553 1768 1624 1828 tua:
1650 1754 1712 1829 sed
1739 1754 1781 1826 ad
1808 1762 1973 1829 sanctita-

555 1895 559 1900 ·
603 1875 683 1960 tem,
710 1880 745 1941 ct
768 1870 995 1963 vigilantiam,
1020 1881 1055 1942 et
1079 1874 1234 1944 viaticum
1262 1872 1376 1946 salutis
1404 1883 1552 1962 nostrae,
1578 1894 1641 1968 per
1667 1852 1833 1944 Christum
1858 1872 1974 1946 Jesum

603 1980 781 2058 Dominum
806 1996 955 2060 nostrum
983 2008 1057 2059 cum
1086 2010 1151 2082 quo
1180 1998 1211 2059 te
1239 1986 1336 2060 decet
1362 1988 1484 2079 gloria,
1512 1996 1575 2060 etc.

708 2100 869 2195 Populus.
922 2102 1041 2174 Amen.
1169 2182 1176 2192 N

707 2216 891 2290 Sacerdos.
943 2216 1027 2289 Pax.

706 2330 868 2425 Papulae.
920 2331 1064 2405 Etcum
1092 2337 1301 2429 spiritumo.

706 2448 893 2520 Diaconos.
946 2449 1037 2537 Post,
1073 2459 1136 2520 etc.

708 2562 869 2658 Populus.
922 2564 1045 2639 Coram
1072 2576 1116 2653 te,
1144 2574 1206 2636 etc.

706 2678 890 2754 Sacerdos.
943 2681 1019 2754 Tibi
1045 2679 1314 2755 commendamus
1340 2682 1443 2750 vitam
1468 2688 1616 2751 nostram
1642 2678 1785 2750 Domine
1812 2683 1972 2777 omnipo-

504 2850 511 2861 .
602 2801 693 2868 teus:
727 2794 924 2892 ubicumque
954 2796 1114 2870 fuerimus
1152 2795 1281 2869 custodi
1311 2817 1375 2867 nos
1408 2796 1670 2891 inpoenitentia
1703 2818 1789 2890 quae
1815 2799 1849 2867 in
1874 2797 1971 2871 nohis

602 2919 668 3000 est,
692 2934 755 3007 per
779 2916 978 3003 orationem,
1004 2924 1040 2987 et
1065 2921 1191 2986 certam
1217 2913 1470 3007 persuasionem
1504 2913 1596 2983 vitae
1621 2920 1714 2982 recte
1739 2913 1972 3004 instituendae,

588 3045 771 3137 ‘conserva
796 3051 859 3103 nos
878 3033 1039 3103 immunes
1067 3040 1100 3101 et
1117 3027 1268 3100 illaesos:
1295 3037 1330 3099 nt
1355 3029 1389 3097 in
1411 3048 1618 3124 quocumque
1645 3037 1805 3122 tempore¹
1823 3037 1858 3098 et
1882 3027 1971 3117 loco,
2078 3056 2089 3080 »v

600 3144 809 3235 majestatem
835 3154 923 3216 tuam
950 3148 1134 3233 intuentes,
1171 3153 1204 3215 et
1237 3165 1277 3215 ea
1315 3165 1401 3238 quae
1433 3141 1492 3214 tibi
1525 3143 1648 3240 placita
1679 3150 1775 3230 sunt,
1810 3152 1844 3214 et
1875 3155 1972 3235 grata

602 3268 793 3351 operantes,
819 3281 887 3331 non
912 3260 1152 3332 conimrdamur
1186 3262 1220 3330 in
1247 3259 1300 3330 die
1324 3258 1456 3350 judicii,
1489 3261 1522 3330 in
1558 3282 1624 3355 quo
1657 3259 1882 3354 unusquisque
1907 3283 1971 3331 re-

600 3371 812 3446 tributionem
839 3378 993 3472 accipiet,
1020 3398 1093 3448 com
1107 3374 1233 3467 Angeli
1260 3369 1393 3448 stabunt
1419 3383 1453 3444 et
1479 3386 1514 3446 tu
1536 3373 1720 3467 judicabis:
1749 3378 1802 3446 cui
1817 3376 1969 3468 gloriam,

599 3485 744 3577 laudem,
770 3488 932 3564 honorem
959 3503 993 3564 et
1020 3491 1247 3563 adorationem
1274 3487 1451 3577 offerimus,
1478 3512 1553 3562 cum
1579 3489 1679 3562 Patre
1706 3501 1762 3564 tuo
1790 3501 1824 3564 et
1844 3491 1970 3588 Spiritu

599 3613 658 3678 tuo
684 3617 811 3679 sancto.

626 3735 633 3749 ·
705 3719 866 3814 Populus.
920 3723 1039 3795 Amen.

647 3860 657 3873 ·
703 3835 892 3910 Diaconos.
944 3838 1091 3911 Benedic
1116 3839 1270 3911 Domine.

704 3952 879 4026 saraam
906 3956 1086 4027 benedicit.
1122 4018 1125 4026 ⁴

941 4252 1582 4304 ⁴000&—

628 4654 694 4745 ΙΝ
742 4632 1125 4749 dirutorum
1179 4658 1467 4752 rennuis
1519 4656 1934 4752 unsouuusis

1194 4868 1369 4950 uorsa.

628 5169 642 5178 ··
692 5156 722 5222 1.
762 5145 819 5224 'Da
839 5157 956 5221 Joanae
971 5158 1134 5224 Basorensi
1156 5168 1262 5224 autore
1284 5162 1351 5244 ejus
1366 5162 1520 5244 liturgiae
1541 5161 1673 5226 nondum
1694 5164 1854 5245 quidquam
1876 5163 1964 5226 nobis

600 5262 740 5340 occurrit,
763 5262 821 5324 nisi
843 5262 922 5343 quod
944 5262 1109 5327 Jacobitam
1140 5263 1344 5344 consuisse,
1374 5274 1405 5329 et
1434 5265 1559 5347 alicujus
1588 5268 1619 5328 in
1648 5283 1703 5330 sua
1729 5274 1814 5329 secta
1834 5268 1963 5331 nominis

599 5360 812 5444 intelligamus,
836 5378 896 5424 non
918 5362 1006 5427 modo
1030 5383 1070 5427 ex
1091 5364 1179 5447 hujus
1195 5364 1350 5446 Litmgiae
1371 5365 1579 5448 inscriptione,
1602 5363 1657 5430 sed
1680 5382 1720 5427 ex
1741 5364 1800 5429 aiio
1821 5384 1882 5431 non
1904 5366 1964 5429 mi-
