5150 6534
923 824 954 901 S.
980 822 1115 901 Judosst
1140 823 1326 903 APOSTDLI
1350 826 1505 904 FRATRIS
1531 825 1674 904 DOMINI.
1861 939 1865 952 ι
1934 829 1981 903 31

619 1006 793 1104 Seraphim
825 1008 943 1104 quibus
976 1011 1051 1084 alae
1078 1033 1162 1100 sex,
1199 1014 1253 1107 qui
1289 1011 1418 1085 duabus
1453 1012 1514 1087 alis
1550 1023 1668 1105 tegunt
1698 1014 1803 1086 facies
1839 1036 1917 1087 suas
1950 1025 1985 1088 et

618 1124 744 1199 duabus
769 1126 887 1221 pedes,
914 1126 1106 1224 duabusque
1133 1126 1215 1201 alter
1249 1128 1293 1200 ad
1319 1129 1458 1201 alterum
1484 1129 1665 1202 volitantes
1692 1129 1832 1203 vocibus
1860 1130 1983 1203 indefi-

616 1241 790 1331 cientibus,
817 1252 850 1314 et
877 1242 1062 1335 Theologia
1089 1268 1156 1317 non
1183 1247 1441 1335 conticescente,
1466 1243 1623 1340 hymnum
1649 1242 1877 1340 triumphalem
1903 1270 1982 1319 ma-

615 1356 905 1448 gnificentissimae
930 1358 1072 1451 gloriae,
1098 1382 1188 1433 voce
1214 1383 1338 1434 canora
1360 1362 1548 1453 concinunt,
1574 1360 1728 1453 clamant,
1754 1359 1982 1435 vociferantur

615 1482 649 1543 et
675 1471 795 1545 dicunt.

716 1589 877 1683 Populea.
911 1590 1065 1680 Sanctus,
1099 1591 1258 1683 Sanctus,
1285 1592 1427 1664 Sanctus
1463 1613 1500 1663 es
1533 1591 1676 1664 Domine
1702 1591 1793 1666 Deus
1821 1592 1981 1683 Sbaaotb,

548 1787 553 1798 ,
612 1703 701 1799 pleni
727 1709 815 1778 enim
842 1716 917 1778 sunt
942 1706 1029 1780 coeli
1055 1718 1089 1779 et
1115 1717 1216 1798 terra,
1243 1707 1373 1800 gloria,
1405 1706 1532 1780 honore
1559 1717 1593 1778 et
1619 1710 1793 1800 majestate
1819 1722 1875 1784 tua
1901 1710 1980 1782 Do-

612 1822 709 1908 mine,
736 1820 895 1894 Hosanna
923 1824 956 1894 in
982 1822 1137 1896 excelsis.
1163 1822 1363 1895 Benedictus
1391 1826 1446 1918 qui
1472 1826 1566 1896 venit
1592 1834 1626 1896 et
1660 1826 1715 1919 qui
1740 1834 1900 1898 venturus
1927 1835 1981 1897 est

612 1938 804 2009 innomine
830 1937 974 2011 Domini.
1015 1938 1174 2012 Hosanna
1201 1942 1236 2011 iu
1262 1940 1418 2012 excelsis.
1490 1940 1494 1953 '
1534 1968 1537 1971 ·

713 2052 889 2127 Sacerdos
913 2054 1105 2127 inclinatus.
1131 2055 1223 2128 Vere
1245 2067 1379 2129 sauctus
1407 2077 1466 2144 es,
1486 2077 1550 2125 rex
1577 2054 1785 2128 saeculomm
1812 2064 1846 2127 et
1871 2058 1978 2128 omnis

611 2171 793 2241 sanctitatis
826 2170 981 2262 largitor3
1021 2182 1156 2245 sanctus
1190 2174 1289 2258 etiam
1323 2173 1510 2262 unigenitus
1543 2170 1645 2243 Filius
1681 2180 1776 2260 tuus,
1816 2170 1977 2243 Dominus

613 2283 706 2358 Deus
734 2295 768 2356 ct
794 2285 952 2359 Salvator
977 2298 1091 2360 noster
1117 2287 1217 2359 lesus
1245 2284 1413 2361 Christis:
1440 2295 1573 2359 sanctus
1605 2289 1703 2357 etiam
1730 2285 1870 2381 Spiritus
1902 2298 1977 2359 tuus

608 2410 757 2490 sanctus,
785 2404 840 2496 qui
866 2412 1030 2475 serutatur
1056 2406 1177 2492 omnia,
1203 2406 1304 2474 etiam
1329 2400 1492 2497 proluuda
1518 2412 1585 2492 tua,
1611 2401 1704 2475 Deus
1730 2401 1840 2474 Pater.
1880 2401 1975 2473 San-

611 2526 682 2588 ctus
710 2521 796 2590 enim
823 2540 861 2590 es
888 2520 944 2612 qui
971 2521 1080 2591 omnia
1106 2522 1276 2606 contines,
1304 2520 1530 2612 omnipotens,
1556 2516 1728 2606 terribilis,
1755 2517 1873 2606 bonus,
1901 2542 1976 2590 cnm

609 2636 778 2725 unigenito
804 2633 889 2706 Filio
916 2642 983 2723 tuo,
1011 2637 1066 2729 qui
1091 2638 1284 2730 passionum
1309 2637 1478 2729 particeps
1504 2631 1573 2722 fuit,
1601 2644 1634 2705 et
1660 2635 1805 2705 maxime
1836 2640 1975 2729 propter

608 2746 771 2821 hominem
797 2750 987 2844 figmentum
1013 2760 1115 2840 tuum,
1142 2773 1240 2845 quem
1267 2772 1287 2820 e
1313 2758 1403 2820 terra
1426 2747 1599 2840 formasti,
1639 2757 1672 2819 et
1698 2753 1895 2821 concessisti
1930 2749 1976 2820 illi

610 2863 744 2937 delicias
770 2864 925 2961 paradisi.
954 2864 1037 2939 cum
1069 2888 1155 2938 vero
1193 2876 1425 2964 transgressus
1459 2873 1551 2936 esset
1579 2862 1767 2936 mandatnm
1801 2876 1905 2951 tuum,
1942 2873 1975 2934 et
2070 2889 2072 2893 ·

517 3013 521 3022 ·
609 2980 742 3068 cecidit,
773 3003 842 3054 nou
873 2981 1053 3072 neglexisti
1080 2992 1136 3052 aut
1170 2979 1372 3075 dereliquisti
1399 2978 1504 3067 illum,
1540 2979 1698 3070 chone,
1726 2981 1785 3053 sed
1812 2979 1974 3052 reduxisti

607 3094 712 3184 illum,
748 3099 833 3168 sicut
857 3106 953 3191 pater
987 3119 1135 3170 summae
1168 3095 1429 3168 misericordiae.
1479 3094 1618 3167 Vocasti
1649 3119 1722 3168 eum
1756 3119 1818 3192 per
1848 3096 1972 3187 legem,

608 3212 758 3283 direxisti
798 3235 876 3284 eum
914 3233 975 3307 per
1015 3212 1218 3308 Prophetas:
1254 3212 1396 3307 denique
1430 3210 1529 3281 lilium
1571 3220 1659 3282 tuum
1697 3215 1900 3303 unigenitum
1939 3215 1973 3281 in

606 3328 760 3399 mundum
784 3329 913 3415 misisti,
939 3339 975 3398 ut
1000 3331 1177 3420 imaginem
1204 3337 1293 3401 tuam
1319 3337 1517 3413 renovaret;
1551 3329 1604 3419 qui
1639 3326 1826 3416 descendit,
1854 3338 1888 3399 et
1914 3332 1970 3399 in-

607 3454 762 3515 carnatus
787 3454 840 3517 est
866 3443 907 3515 de
934 3444 1058 3539 Spiritu
1085 3453 1214 3531 sancto,
1242 3453 1276 3516 et
1301 3466 1347 3514 ex
1373 3453 1487 3515 sancta
1515 3441 1682 3515 Genitrice
1714 3443 1778 3514 Dei
1813 3465 1970 3537 semper·
2001 3443 2065 3552 a

607 3581 671 3653 que
696 3562 829 3651 virgine
855 3560 974 3649 Maria,
1001 3571 1286 3654 conversatusque
1319 3569 1370 3631 est
1403 3581 1478 3629 cum
1509 3525 1693 3631 hominibus
1727 3568 1761 3629 et
1792 3561 1900 3631 omnia
1927 3557 1969 3628 ad

605 3677 740 3767 generis
766 3676 871 3747 nostri
898 3674 1035 3747 salutem
1062 3677 1206 3748 instituit.

706 3791 755 3861 Et
781 3792 917 3862 elevans
942 3812 1059 3861 nocem
1084 3794 1213 3885 occipit
1240 3790 1404 3878 Oblatum,
1433 3798 1467 3861 et
1492 3790 1584 3860 dicit.

707 3905 792 3978 Cum
818 3928 904 3999 crgo
931 3916 1145 4001 suscepturus
1172 3915 1264 3979 esset
1288 3914 1427 3979 mortem
1443 3904 1662 3986 voluntariam
1679 3927 1741 4001 pro
1767 3901 1863 3977 nobis
1879 3926 1967 3998 pec-

603 4022 782 4110 catoribus,
810 4025 883 4117 ipse
909 4025 1061 4095 immunis
1090 4045 1109 4093 a
1135 4030 1295 4117 peccato,
1330 4024 1364 4091 in
1399 4043 1440 4092 ea
1474 4030 1572 4093 nocte
1600 4042 1663 4114 qna
1691 4020 1868 4093 tradendus
1896 4032 1968 4093 erat

603 4159 665 4233 pro
690 4140 759 4209 vita
788 4148 822 4208 et
848 4136 954 4209 salute
981 4137 1102 4225 mundi,
1129 4140 1258 4233 accepit
1283 4159 1402 4231 panem
1429 4140 1463 4207 in
1489 4157 1605 4207 manus
1623 4157 1700 4208 suas
1728 4146 1870 4224 sanctas,
1898 4140 1966 4208 im·
2083 4219 2086 4231 Ι

603 4252 797 4341 maculatae,
824 4261 859 4323 et
883 4256 1169 4340 incontaminatas,
1197 4263 1231 4323 et
1256 4251 1376 4324 levatis
1404 4252 1507 4325 oculis
1534 4254 1567 4321 in
1594 4251 1733 4341 coelum,
1762 4256 1894 4349 aspexit
1924 4251 1967 4324 ad

602 4378 636 4440 te
661 4368 753 4440 Deus
779 4367 886 4456 Pater,
914 4378 948 4440 et
973 4371 1098 4461 gratias
1127 4389 1246 4460 agens,
1271 4367 1458 4454 benedixit,
1485 4365 1510 4457 †
1537 4367 1772 4457 sanctificavit,
1798 4370 1827 4456 i
1852 4367 1965 4460 fregit,
2038 4375 2042 4394 '

571 4467 579 4478 ’
606 4485 684 4571 †et
709 4483 798 4555 dedit
823 4482 988 4578 discipulis
1021 4488 1089 4558 suis
1117 4488 1240 4559 sanctis
1258 4495 1292 4556 et
1309 4482 1482 4578 Apostolis
1513 4482 1644 4556 dicens:
1679 4488 1837 4580 accipite,
1864 4508 1965 4557 man-

602 4596 720 4670 ducate
746 4621 793 4670 ex
819 4621 860 4672 eo
886 4622 951 4673 vos
978 4619 1107 4688 omnes,
1132 4600 1206 4673 Hoc
1233 4609 1286 4672 est
1311 4622 1432 4694 corpus
1459 4621 1580 4689 meum,
1608 4597 1694 4693 quod
1720 4624 1782 4696 pro
1804 4600 1903 4699 vobis
1931 4610 1965 4671 et

601 4736 663 4810 pro
689 4713 798 4786 multis
824 4713 985 4807 frangitur
1019 4725 1053 4787 et
1080 4715 1192 4804 datur,
1227 4720 1261 4786 in
1294 4718 1523 4788 remissionem
1555 4725 1768 4809 peccatorum
1800 4725 1835 4785 et
1859 4718 1960 4785 vitam

599 4840 777 4916 aeternam.

695 4947 886 5018 Sacerdos.
912 4946 1069 5019 Similiter
1095 4950 1193 5020 etiarn
1221 4956 1254 5020 et
1279 4946 1418 5022 calicem
1433 4957 1608 5041 postquam
1633 4954 1871 5032 coenaverunt,
1891 4947 1960 5015 mi-

600 5084 699 5137 scens
725 5066 806 5134 vino
833 5072 867 5134 et
893 5085 995 5159 aqua,
1022 5075 1056 5135 et
1082 5068 1206 5155 gratias
1234 5083 1340 5155 agens
1367 5063 1396 5151 †
1423 5061 1590 5134 benedixit
1621 5060 1647 5154 †
1674 5060 1907 5144 sanctificavit,
1934 5055 1959 5147 †

580 5188 634 5265 ,et
660 5177 748 5250 dedit
772 5178 889 5251 iisdem
917 5177 1082 5274 dIscipulis
1109 5188 1144 5250 et
1168 5179 1342 5276 Apostolis
1368 5182 1491 5251 sanctis
1519 5177 1640 5249 dicens.
1666 5177 1831 5274 Accipite,
1856 5170 1961 5246 bibite

601 5315 648 5365 ex
673 5317 716 5368 eo
743 5316 807 5369 vos
832 5316 959 5368 ornnes.
985 5294 1048 5367 Hic
1074 5304 1126 5369 est
1152 5297 1287 5387 sanguis
1318 5316 1411 5368 meus
1438 5293 1642 5367 Testamenti
1672 5295 1770 5383 novi,
1807 5294 1862 5389 qui
1896 5310 1960 5385 pro
