5150 6534
605 831 681 911 364
1113 834 1476 913 LITURGlb

601 1032 688 1094 stus:
714 1044 777 1118 per
803 1045 900 1116 quem
927 1045 991 1097 nos
1019 1024 1117 1094 etiam
1143 1042 1314 1116 speramus
1334 1024 1494 1116 consequi
1516 1022 1779 1097 misericordiam
1795 1034 1833 1097 et
1850 1027 1972 1100 retnis·

601 1139 731 1209 sionem
757 1148 983 1231 peccatorum,
1011 1147 1044 1208 et
1070 1147 1208 1232 propter
1235 1159 1323 1225 eum,
1349 1146 1417 1208 tam
1443 1134 1541 1210 nobis
1568 1160 1667 1234 quam
1693 1142 1784 1235 ipsis.
2013 1137 2017 1144 ’

705 1253 865 1345 Papulas.
920 1252 1074 1339 Quietem
1102 1260 1247 1346 praesta.

704 1368 889 1441 Sacerdos.
942 1369 1049 1440 Parce
1075 1368 1233 1453 Domine,
1265 1376 1300 1437 et
1325 1368 1456 1438 remitte
1483 1387 1598 1439 omnes
1623 1370 1816 1463 iniquitates
1842 1380 1974 1445 nom
2004 1363 2006 1368 ’

601 1495 635 1556 et
661 1483 809 1576 illorum,
837 1496 871 1556 et
897 1482 1003 1555 libera
1029 1505 1091 1556 nos
1119 1480 1161 1553 ab
1189 1479 1340 1553 omnibus
1368 1481 1627 1574 aegritudinibus
1653 1487 1873 1579 perniciosis,
1905 1489 1973 1560 im'-

601 1601 733 1693 quitatis
761 1611 795 1671 et
821 1602 967 1694 peccati,
1004 1601 1240 1690 cujuscumque
1271 1599 1422 1688 generis:
1458 1597 1566 1690 dirige
1596 1619 1738 1689 gressus
1770 1612 1910 1677 nostros
1940 1604 1974 1675 in

602 1718 727 1785 semitis
755 1715 983 1786 mandatorum
1011 1723 1141 1785 tuorum
1168 1712 1372 1783 divinorum:
1400 1723 1434 1783 et
1461 1713 1503 1784 da
1530 1712 1626 1785 nobis
1653 1724 1689 1786 ut
1709 1719 1814 1789 simus
1834 1718 1977 1814 populns

600 1839 746 1916 sanctus,
774 1833 995 1921 congregatio
1023 1829 1173 1915 salvata,
1206 1836 1240 1899 et
1271 1826 1504 1899 Sacerdotium
1536 1828 1733 1920 angelicum.
1785 1832 1842 1904 Da
1876 1835 1977 1905 etiam

599 1942 715 2033 nobis,
742 1956 777 2017 ut
804 1967 877 2015 curn
906 1943 1164 2016 exultationibus
1192 1942 1434 2038 spiritualibus,
1468 1954 1502 2014 et
1527 1942 1659 2016 choreis
1685 1944 1976 2036 intellectualibus,

598 2060 814 2153 tripudiisque
842 2084 915 2130 oum
944 2081 1073 2131 summo
1101 2058 1225 2150 gaudio
1253 2061 1451 2152 conjunctis,
1477 2057 1639 2130 laetemur
1665 2070 1698 2131 et
1724 2060 1844 2133 wdem
1870 2060 1977 2134 volu-

598 2184 690 2269 ptate
716 2175 876 2265 fruamur,
904 2199 978 2274 cuni
1005 2178 1088 2246 viris
1115 2174 1179 2247 illis
1206 2172 1331 2264 beatis;
1363 2183 1398 2245 ut
1425 2196 1500 2244 cum
1527 2172 1589 2246 illis
1617 2185 1651 2245 et
1677 2174 1865 2249 interillos
1894 2176 1979 2268 glo-

599 2290 776 2380 rificemus,
799 2290 970 2362 laudemus
996 2300 1029 2361 et
1053 2289 1239 2360 exaltemus
1256 2289 1551 2380 gloriosissimum,
1566 2300 1601 2360 et
1622 2287 1833 2363 benedictum
1854 2313 1979 2365 nomen

599 2415 700 2498 tuum,
728 2416 761 2477 et
787 2406 919 2478 Domini
947 2410 1052 2478 nostri
1078 2405 1161 2476 lesu
1188 2402 1323 2494 Christi,
1350 2414 1384 2476 et
1409 2403 1552 2500 Spiritus
1579 2406 1625 2475 tui
1652 2409 1766 2477 sancti.
2036 2419 2038 2421 ’

704 2522 865 2614 Populus.
919 2522 979 2608 Ut,
1008 2531 1070 2591 etc.

699 2637 884 2708 Sacerdos.
938 2638 1022 2707 Pax.

699 2751 860 2844 Papulas.
912 2752 956 2822 Et
983 2774 1058 2823 cum
1084 2750 1208 2844 Spiritu
1236 2761 1302 2821 tuo.

699 2866 885 2938 Sacerdos.
939 2866 1192 2938 Benedictiones
1219 2866 1285 2937 Dei
1312 2868 1387 2953 sint,
1415 2874 1476 2936 etc.
1724 2937 1729 2945 ,

701 2983 880 3053 Diaconos
907 2983 992 3052 dicit
1019 2982 1241 3052 Catbolicam.
1295 2981 1471 3052 Sacerdos
1493 2984 1630 3078 frangit
1657 2989 1692 3052 et
1715 2985 1841 3074 siqaat.

767 3341 814 3410 Et
840 3342 926 3411 dicit
953 3340 1152 3411 Orationem
1178 3362 1266 3433 qaae
1295 3340 1421 3410 dicitur
1448 3346 1530 3410 aate
1556 3341 1656 3412 Pater
1682 3352 1808 3412 noster.

698 3545 792 3616 Deus
819 3545 1010 3617 admirande
1026 3555 1058 3616 et
1075 3544 1259 3631 inellabilis,
1286 3545 1426 3617 excelse
1444 3555 1477 3616 et
1491 3545 1613 3617 infinite
1635 3548 1690 3640 qui
1708 3545 1816 3617 laudis
1843 3569 1980 3642 perpe-

594 3672 650 3732 tua
672 3661 939 3732 decantationes
968 3660 1186 3756 potestatibus
1210 3659 1413 3731 coelestibus
1432 3660 1601 3746 exaltaris,
1631 3671 1665 3731 et
1693 3664 1831 3734 canticis
1853 3665 1980 3734 trium·

595 3775 757 3870 pbalibus,
786 3785 820 3845 et
847 3775 1040 3848 sublimibus
1067 3775 1271 3847 celebraris:
1301 3785 1333 3845 te
1356 3796 1489 3846 oramus
1515 3778 1749 3847 crementium
1771 3787 1979 3866 nostrarum,

594 3901 629 3961 te
657 3895 712 3983 qui
739 3890 870 3961 occulta
897 3893 1034 3964 intueris
1061 3902 1187 3962 nostra.
1220 3890 1271 3961 l'u
1299 3912 1336 3960 es
1365 3894 1451 3960 enim
1480 3890 1622 3962 Creator
1649 3902 1682 3961 et
1699 3890 1806 3979 Deus,
1832 3895 1976 3986 primus,

596 4016 629 4075 et
655 4007 876 4076 novissimus:
904 4028 1013 4099 neque
1041 4015 1093 4077 est
1120 4007 1202 4076 alius
1229 4006 1322 4076 Deus
1350 4015 1483 4099 praeter
1510 4013 1552 4075 te.
1604 4004 1655 4076 Tu
1683 4027 1719 4077 es
1747 4028 1827 4099 spes
1854 4028 1979 4078 eorum

597 4123 652 4214 qui
671 4124 937 4214 persecutionem
958 4123 1139 4215 patiuntur:
1168 4142 1281 4191 comes
1302 4120 1523 4191 exulantium:
1551 4141 1733 4214 pauperum
1753 4120 1980 4209 confortator,

596 4234 790 4306 consolator
817 4235 1024 4322 afflietomm,
1061 4244 1095 4307 et
1120 4236 1324 4330 perditorum
1350 4246 1514 4329 repertor.
1568 4234 1619 4305 'le
1649 4238 1749 4327 igitur
1782 4258 1979 4330 precamur,

593 4360 631 4421 ut
657 4350 886 4421 misericordia
913 4361 967 4422 tua
995 4354 1143 4421 inveniat
1169 4351 1388 4445 perditionem
1422 4360 1584 4436 nostram,
1617 4358 1653 4419 ut
1683 4352 1880 4424 mundemur
1912 4374 1978 4447 per

596 4467 736 4555 gratiam
770 4472 858 4535 tuam
893 4489 911 4535 a
944 4465 1098 4537 sordibus
1134 4476 1369 4558 peccatorum,
1404 4475 1438 4536 et
1471 4463 1650 4535 liberemur
1683 4487 1703 4534 a
1735 4466 1977 4540 tentationibus

596 4582 736 4649 animam
764 4591 797 4650 et
825 4602 946 4674 corpus
974 4579 1249 4675 impugnantibus.
1286 4580 1339 4650 Da
1356 4583 1453 4651 etiam
1470 4578 1567 4650 nobis
1584 4587 1618 4648 ut
1634 4580 1803 4651 orationes
1819 4592 1975 4670 nostrae,

595 4692 655 4764 alis
684 4693 883 4788 optabilibus
911 4700 1039 4786 gratiae
1066 4704 1143 4766 tuae
1171 4695 1372 4782 subvectae,
1398 4696 1596 4789 perveniant
1622 4716 1728 4787 usqne
1755 4693 1797 4764 ad
1823 4695 1975 4768 infimum

594 4809 734 4900 gradum
762 4808 836 4881 solii
864 4809 993 4900 gloriae
1021 4819 1117 4897 tuae3
1144 4820 1244 4903 utque
1272 4834 1346 4881 cum
1373 4808 1492 4881 fiducia
1519 4832 1539 4879 a
1566 4818 1599 4880 te
1625 4830 1806 4895 concessa,
1839 4820 1974 4885 stemus

594 4945 708 4995 coram
735 4933 768 4994 te
797 4946 870 4994 cum
898 4924 1002 4995 corde
1028 4945 1111 5017 puro
1139 4935 1173 4996 et
1198 4925 1291 4996 vultu
1317 4925 1420 5005 laeto,
1447 4924 1660 5018 dicamusque
1679 4924 1763 4997 hanc
1781 4927 1975 4997 orationem

594 5060 692 5129 quam
719 5038 831 5111 docuit
858 5043 1046 5131 unigenitus
1073 5037 1177 5111 Filius
1205 5047 1290 5127 tuus,
1318 5039 1497 5135 discipulos
1524 5060 1605 5112 suos
1633 5050 1784 5113 sanctos:
1815 5062 1974 5136 respon-

593 5152 796 5248 deamusque
823 5164 856 5224 et
883 5154 1041 5225 dicamus.
1094 5154 1194 5225 Pater
1220 5166 1337 5227 noster
1363 5158 1418 5251 qui
1444 5178 1483 5227 es
1509 5159 1543 5226 in
1569 5153 1683 5227 coelis.

695 5268 855 5360 Populus.
909 5268 1150 5340 Sanctificetur.
