5150 6534
610 808 721 884 302·
1108 816 1466 895 titubata
1595 840 1603 849 ·

703 999 887 1075 Sacerdos.
923 1002 994 1075 Nos
1013 1005 1113 1095 igitur
1135 1014 1344 1100 peccatores,
1365 1004 1589 1078 observantes
1606 1003 1761 1078 mandata
1775 1015 1832 1077 tua
1849 1014 1972 1078 saneta

601 1123 635 1185 et
659 1117 807 1205 vivifica,
833 1122 1024 1190 memoriam
1051 1122 1179 1210 agimus
1206 1098 1460 1215 dispensalioois
1487 1130 1579 1193 tuae:
1606 1123 1788 1193 nativitatis
1812 1129 1891 1191 turae
1919 1144 1970 1192 ex

599 1232 756 1325 Virgine:
794 1237 946 1332 baptismi
971 1240 1025 1328 ¹,tui
1061 1259 1081 1308 a
1112 1237 1260 1309 Joanne:
1300 1238 1491 1330 passionum
1524 1246 1653 1308 maram
1684 1235 1971 1310 voluntariarum:

601 1350 791 1444 sepulturae
818 1362 894 1425 tuae
926 1352 1098 1424 salutaris:
1131 1353 1387 1424 resurrectionis
1420 1358 1498 1422 tuae
1528 1349 1720 1443 gloriosae,
1754 1355 1968 1423 ascensionis

413 1465 417 1473 ’
499 1546 501 1548 ,
599 1472 678 1536 tuae
703 1468 737 1536 iu
763 1468 911 1557 coelum,
938 1477 971 1541 et
996 1471 1157 1539 sessionis
1184 1476 1262 1538 tuae
1288 1465 1332 1538 ad
1362 1465 1536 1538 dexteram
1568 1466 1637 1538 Dei
1664 1466 1790 1538 Patris:
1823 1463 1971 1541 laudes-

600 1603 666 1673 que
691 1591 725 1652 et
750 1584 970 1657 exaltationes
995 1586 1120 1655 nomini
1147 1593 1203 1655 tuo
1230 1580 1404 1654 adorando
1429 1579 1617 1653 offerimus:
1643 1602 1760 1654 rursus
1778 1583 1969 1656 etiamad-

598 1708 719 1768 ventus
745 1701 791 1769 tui
818 1698 969 1785 secundi,
1001 1701 1035 1768 io
1062 1720 1127 1791 quo
1154 1702 1264 1770 omnia
1298 1706 1416 1792 operta
1451 1700 1485 1767 in
1520 1705 1670 1791 apertum
1703 1717 1866 1791 expones.
1921 1698 1968 1770 Et

598 1822 736 1906 propter
761 1812 845 1884 banc
871 1813 1150 1908 dispensationem
1175 1823 1265 1885 tuam
1292 1813 1491 1899 salutarem,
1524 1810 1723 1885 sacrificium
1752 1810 1818 1884 boc
1842 1812 1967 1885 olferi-

597 1950 670 1998 mus
704 1929 785 2016 tibi;
820 1929 1027 2023 vocibusque
1061 1928 1270 2020 gementibus
1304 1939 1338 2000 et
1372 1931 1523 2023 suspiriis
1558 1927 1792 2023 deprecamur,
1826 1939 1863 1999 ut
1895 1952 1967 2003 noo

597 2041 702 2114 facias
729 2065 794 2115 nos
817 2054 944 2140 partem
971 2047 1057 2135 ignis
1084 2043 1170 2116 illius
1197 2044 1354 2126 ardentis,
1381 2047 1458 2137 quia
1479 2042 1631 2116 Cbrisma
1655 2036 1669 2078 ³
1696 2052 1784 2114 tuum
1811 2056 1966 2117 sendum

597 2161 762 2249 signatum
788 2161 822 2229 in
843 2159 944 2232 nobis
970 2170 1038 2232 est:
1062 2182 1172 2253 neque
1191 2158 1398 2233 cruciandos
1421 2181 1485 2232 nos
1512 2158 1644 2242 uades,
1677 2161 1712 2229 iu
1742 2155 1872 2230 flamm
1907 2159 1966 2233 ills

595 2272 869 2365 flagrantissima,
901 2278 978 2369 quia
1013 2273 1124 2366 sigillo
1160 2278 1268 2346 crucis
1302 2284 1377 2346 tuae
1412 2275 1611 2346 vivificantis
1643 2273 1813 2365 obsignati
1838 2296 1964 2348 samm.

596 2388 715 2483 Neque
741 2389 925 2462 dominetur
950 2395 1074 2463 vermis
1108 2391 1250 2464 stridens
1282 2389 1434 2463 dentibus
1466 2394 1500 2461 in
1532 2388 1681 2462 membra
1712 2398 1849 2479 nostra,
1885 2395 1963 2486 quis

595 2527 718 2599 corpus
745 2516 834 2578 tuum
860 2517 1009 2578 sanetum
1035 2506 1201 2580 conditum
1228 2510 1261 2577 in
1287 2507 1385 2579 nobis
1411 2517 1473 2578 est.
1508 2506 1584 2577 Non
1611 2505 1700 2579 illam
1717 2527 1842 2578 vocem
1856 2510 1964 2578 terri-

595 2620 695 2692 bilem
721 2620 817 2695 nobis
843 2626 1057 2717 pronmicies,
1083 2621 1253 2693 Discedite
1279 2646 1300 2693 a
1326 2644 1381 2693 me
1396 2621 1573 2709 maledicti,
1598 2644 1668 2694 non
1682 2623 1765 2695 novi
1779 2642 1859 2710 vos,
1886 2625 1963 2716 quia

595 2735 719 2808 fratres
755 2748 829 2809 tuos
862 2741 993 2810 vocasti
1026 2746 1060 2809 et
1092 2736 1266 2832 appellasti
1301 2758 1383 2824 nos,
1419 2760 1465 2808 ex
1497 2760 1583 2831 aqua
1617 2738 1781 2832 baptismi.
1834 2737 1963 2810 Verum

593 2861 731 2948 propter
756 2854 1017 2925 misericordiam
1044 2864 1153 2939 mam,
1188 2851 1319 2923 coboea
1348 2874 1412 2924 nos
1444 2856 1477 2922 in
1507 2874 1614 2944 regno
1648 2864 1705 2925 tuo
1732 2853 1893 2940 coelesti,
1929 2865 1962 2926 et

593 2967 737 3040 laetifica
767 2990 832 3041 nos
864 2991 938 3040 cum
973 2971 1097 3039 sanctis
1133 2971 1197 3040 tuis
1232 2965 1356 3059 gaudio
1389 2967 1595 3039 indeficienti.
1656 2968 1700 3040 Et
1731 2978 1872 3065 propter
1897 2972 1960 3041 ista

475 3069 479 3078 ⁶
593 3087 787 3180 praecipue,
814 3087 989 3179 poenitens
1011 3082 1164 3154 Ecclesia
1191 3093 1257 3168 tua,
1286 3092 1320 3153 et
1345 3104 1434 3173 grex
1460 3093 1534 3156 tuus
1559 3068 1759 3177 deprecatur·
1773 3096 1821 3177 te,
1846 3095 1883 3158 et
1899 3108 1960 3182 per

593 3209 638 3286 te,
666 3210 775 3271 tecum
801 3198 922 3271 elamat
948 3198 990 3270 ad
1015 3200 1160 3270 Patrem,
1175 3208 1277 3286 tuum,
1303 3197 1427 3269 dicens.

697 3314 857 3406 Papulas.
909 3314 1073 3386 Miserere
1098 3316 1214 3386 nostri.

696 3428 881 3501 Sacerdos.
937 3429 1010 3502 Nos
1037 3415 1169 3524 quoque
1194 3429 1348 3502 Domine.

697 3545 857 3636 Populos.
910 3545 961 3615 Te
986 3544 1167 3618 laudamus.

696 3659 884 3730 Diacoaas.
938 3661 1044 3746 Quam
1070 3661 1213 3733 timenda
1240 3670 1293 3732 est
1317 3659 1401 3730 baec
1425 3658 1519 3731 bora.

698 3759 873 3846 Sacerdos
898 3776 1079 3847 inclinatas
1106 3778 1191 3846 dicit
1216 3775 1470 3845 Iaoocotr'oaera
1496 3774 1647 3867 Spiritus
1671 3782 1792 3849 soocti.

696 3890 795 3962 Dona
821 3892 1018 3984 paracletioa
1046 3892 1188 3987 Spiritus
1216 3895 1261 3963 tui
1287 3893 1411 3977 sancti,
1445 3900 1478 3961 et
1509 3891 1725 3982 vivificantis,
1751 3896 1848 3966 mitte
1880 3893 1958 3967 mibi

593 4026 681 4074 nunc
706 4006 863 4078 Domine:
897 4007 1037 4102 Spiritus
1070 4009 1155 4080 illius
1190 4010 1244 4102 qui
1273 4027 1383 4099 neque
1418 4016 1588 4100 tempore,
1623 4030 1731 4103 neque
1763 4014 1958 4104 quantimte,

463 4132 465 4134 ’
593 4142 701 4213 neque
729 4121 883 4214 qualitate
910 4122 1132 4195 circumscribi
1157 4130 1276 4219 potest.
1331 4121 1394 4206 Qui
1421 4143 1521 4215 super
1547 4121 1725 4196 lordanem
1755 4123 1892 4197 fluvium
1924 4130 1960 4198 in

593 4234 767 4308 columbae
801 4241 916 4331 specie
949 4241 1119 4333 apparuit,
1161 4241 1216 4332 qui
1251 4258 1352 4329 super
1384 4236 1568 4329 Apostolos
1606 4250 1742 4312 sanctos
1779 4245 1959 4335 requievit,

592 4351 626 4420 in
653 4351 860 4423 similitudine
886 4352 1071 4445 linguarum
1096 4357 1194 4446 ignis.
1247 4352 1323 4447 lpse
1350 4352 1533 4424 sanctificet
1557 4360 1716 4450 mysteria
1747 4355 1852 4444 baec,
1879 4380 1961 4429 ηιθ-

596 4488 662 4559 que
687 4477 902 4562 peecatorem
928 4469 1079 4558 mundet,
1107 4470 1235 4557 abluat,
1263 4479 1298 4539 et
1323 4468 1474 4562 purificet
1500 4492 1519 4538 a
1546 4472 1754 4564 passionibus
1779 4478 1922 4569 peccati.

696 4581 880 4655 Sacerdos.
932 4583 1063 4656 Exaudi
1090 4608 1158 4671 me,
1185 4583 1336 4656 Domine.

697 4696 857 4791 Populos.
909 4699 1015 4797 Kyrie
1041 4700 1186 4787 eleison,
1213 4701 1318 4796 Kyrbe
1345 4699 1489 4788 eleison,
1515 4700 1619 4797 Kyrie
1645 4703 1780 4776 eleison.

699 4811 883 4884 Sacerdos.
935 4815 979 4886 Ut
1004 4839 1065 4910 per
1089 4815 1241 4912 illapsum
1267 4836 1380 4904 suum,
1404 4816 1552 4908 perficiat
1582 4841 1702 4913 panem
1728 4822 1844 4910 istum,
1872 4842 1962 4893 cor-

594 4948 658 5022 pus
685 4926 806 5001 Christi
832 4931 897 5001 Dei
923 4935 1038 5003 nostri.

697 5043 858 5137 Populus.
911 5048 1029 5118 Amen.

594 5272 625 5344 1)
699 5157 882 5233 Sacerdos.
935 5162 979 5234 Et
1004 5166 1134 5235 mistum
1149 5162 1236 5258 quod
1261 5166 1296 5235 in
1321 5164 1386 5238 boo
1410 5164 1516 5236 calice
1530 5174 1595 5255 est,
1621 5168 1816 5257 sanguinem
1831 5154 1964 5242 Christi

627 5275 658 5343 ei
684 5279 798 5347 nostri.
