5150 6534
601 765 677 840 138
1104 766 1465 844 ll'lUltllIll

700 952 853 1024 Eleaaas
877 973 1004 1024 nocem,
1055 950 1101 1024 Et
1131 951 1174 1024 ad
1206 950 1297 1024 bona
1330 953 1387 1025 illa
1419 963 1638 1049 praeparata,
1671 976 1760 1050 quae
1794 952 1859 1026 illis
1889 976 1911 1027 a
1939 963 1975 1026 te

596 1078 773 1140 reservata
799 1078 892 1157 sunt,
928 1088 992 1140 nos
1026 1089 1159 1162 sproqrre
1192 1077 1227 1138 et
1259 1066 1434 1141 defunctos
1469 1080 1604 1142 nostros
1629 1068 1764 1156 fideles,
1791 1070 1974 1165 pervenire

596 1181 663 1271 iac,
690 1188 799 1275 gratia
826 1194 881 1256 tua
907 1182 1051 1255 Domine
1078 1193 1112 1255 et
1136 1181 1323 1256 referemus
1350 1182 1409 1255 tibi
1434 1183 1588 1275 gloriam,
1616 1193 1681 1257 etc.

701 1300 890 1394 Diacoans.
944 1299 1067 1370 lterum
1093 1320 1392 1371 commemoramus
1417 1298 1599 1388 Doctores,
1626 1310 1691 1372 etc.

703 1416 879 1486 Sacerdos
905 1413 1098 1484 inclinatas.
1150 1411 1249 1504 Esto,
1274 1415 1427 1502 Domine,
1456 1414 1560 1486 decor
1585 1411 1863 1511 incorruptibilis,
1888 1412 1975 1487 illo-

597 1552 669 1602 rnm
699 1533 753 1624 qui
780 1529 955 1625 praeclare
982 1537 1144 1600 rexerunt
1169 1551 1312 1621 gregem
1337 1540 1439 1619 tuum,
1467 1533 1588 1625 quiquo
1614 1534 1648 1603 in
1674 1554 1759 1605 vera
1776 1533 1901 1626 pietate
1929 1528 1974 1601 ad

597 1656 632 1718 tc
658 1644 801 1740 proiecti
827 1655 911 1716 sunt.

704 1763 855 1833 Danaas
886 1783 1012 1833 nocem.
1064 1759 1110 1832 Et
1145 1785 1164 1833 a
1197 1765 1368 1834 vicinitate
1398 1765 1606 1857 paternitatis
1638 1785 1754 1837 eorum
1784 1765 1880 1857 piae,
1910 1782 1976 1858 per

486 1895 493 1904 ·
599 1901 699 1973 quam
725 1877 805 1949 lacti
840 1900 953 1950 sumus
988 1876 1045 1948 tilii
1079 1880 1208 1968 gratim
1240 1886 1336 1966 tuae,
1362 1888 1398 1949 et
1421 1877 1544 1952 iratres
1571 1881 1733 1971 unigeniti
1756 1876 1814 1950 filii
1839 1879 1903 1967 tui,
1929 1898 1975 1948 ne

599 2015 779 2080 removeas
807 2004 863 2065 ant
887 1992 1033 2091 repellas
1059 2014 1122 2065 nos
1148 1993 1308 2065 Domine:
1335 2004 1368 2065 et
1393 1994 1579 2066 referemus
1607 1993 1665 2066 tibi
1689 1994 1844 2087 glumam,
1870 2001 1935 2064 etc.

702 2110 890 2181 Diaconos.
942 2109 1066 2180 Iterum
1092 2129 1391 2180 commemoramus
1419 2132 1536 2183 omnes
1564 2108 1750 2200 defunctos,
1777 2079 1859 2181 eta'

702 2224 878 2296 Sacerdos
903 2224 1095 2295 inclinatas.
1147 2222 1243 2312 Esto,
1276 2225 1430 2312 Domine,
1459 2227 1577 2319 qnietis
1605 2236 1714 2316 autor,
1740 2234 1775 2295 et
1799 2224 1974 2322 propitia-

599 2351 652 2413 tor
678 2340 841 2412 delunctis
867 2338 1030 2429 fidelihus,
1058 2342 1114 2433 qui
1140 2338 1281 2410 redemti
1308 2350 1384 2411 sunt
1409 2362 1472 2434 per
1492 2349 1633 2412 mortem
1655 2342 1816 2431 unigeniti
1840 2338 1898 2412 filii
1916 2340 1975 2409 tui

702 2456 1001 2528 neocaesarea.
1054 2453 1099 2526 Ut
1132 2476 1195 2549 per
1227 2465 1280 2545 te,
1312 2455 1472 2541 Domine,
1504 2478 1525 2526 a
1559 2463 1667 2527 morte
1694 2454 1838 2544 salvati,
1864 2463 1900 2525 et
1926 2475 1975 2524 ex

597 2571 733 2645 infernis
768 2573 890 2666 erepti,
927 2580 1026 2665 atque
1058 2591 1078 2640 e
1113 2570 1256 2665 pulvere
1289 2573 1445 2659 excitati,
1479 2569 1678 2666 praevaleat
1713 2590 1815 2664 super
1846 2587 1912 2641 nos
1940 2575 1976 2639 et

597 2708 698 2783 super
724 2709 785 2758 eos
812 2688 923 2778 gratia
948 2687 1108 2777 unigeniti
1134 2682 1191 2755 lilii
1217 2686 1278 2771 tui,
1306 2707 1369 2780 per
1395 2707 1493 2780 quem
1519 2707 1583 2758 nos
1612 2707 1746 2780 quoque
1771 2687 1976 2758 misericor-

597 2802 696 2891 diam,
724 2824 811 2897 quae
837 2809 975 2896 propter
1002 2822 1078 2871 enm
1104 2809 1167 2889 est,
1194 2804 1356 2895 consequi
1376 2821 1550 2896 speramus
1577 2810 1613 2873 et
1626 2802 1856 2873 remissionem
1882 2820 1976 2895 pec-

597 2929 759 3007 catorum,
787 2928 853 2987 tam
879 2914 989 3004 nobis,
1017 2938 1114 3010 quam
1142 2917 1233 3009 ipsis.

584 3086 594 3103 .
699 3032 863 3125 Papulas.
918 3031 1072 3118 Quietem
1099 3039 1247 3126 praesta,
1275 3041 1340 3103 etc.

665 3142 667 3147 ’
700 3148 884 3220 Sacerdos.
937 3145 981 3217 Et
1012 3149 1047 3217 in
1078 3150 1301 3218 renovatione
1326 3145 1435 3218 frrtura
1460 3168 1524 3242 per
1548 3148 1830 3221 resurrectionem
1854 3165 1973 3237 gene-

595 3265 717 3353 ralem,
746 3265 787 3336 ad
815 3265 1008 3336 convivium
1041 3261 1175 3334 beatum
1209 3265 1307 3355 regni
1339 3265 1384 3334 tui
1417 3283 1478 3334 nos
1510 3272 1544 3334 et
1575 3261 1652 3336 illos
1687 3263 1868 3359 pervenire
1901 3260 1973 3353 lac,

595 3403 659 3477 per
684 3384 826 3472 gratiam
852 3389 952 3466 tuam,
979 3377 1139 3450 Domine:
1166 3388 1202 3449 nt
1226 3382 1261 3449 in
1286 3377 1364 3467 hoc,
1391 3380 1477 3449 sicut
1501 3380 1535 3448 in
1562 3376 1727 3468 omnihus,
1754 3376 1974 3470 glorificetur,

596 3504 631 3566 et
664 3493 815 3566 laudetur
840 3516 964 3566 nomen
996 3501 1086 3564 tuum
1113 3491 1340 3584 benedictum,
1378 3491 1540 3588 simulque
1573 3494 1708 3565 Domini
1747 3494 1855 3566 nostri
1888 3491 1976 3565 Jcsu

598 3609 734 3698 Christi,
761 3619 794 3680 et
820 3609 963 3703 Spiritus
991 3610 1098 3681 sancti
1126 3611 1182 3679 tui.

701 3724 862 3815 Papulas.
914 3723 1019 3796 Siout.

700 3837 883 3910 Sacerdos.
935 3837 1020 3910 Par.

701 3953 862 4045 Papulas.
916 3952 1058 4026 Etcum
1086 3955 1201 4047 spiritu
1228 3964 1296 4025 tuo.

699 4068 883 4142 Sacerdos.
935 4068 1190 4142 Misericordiae
1223 4068 1289 4139 Dei
1324 4070 1437 4160 magni
1470 4078 1505 4139 et
1531 4066 1720 4141 Salvatoris
1752 4068 1860 4138 nostri
1887 4065 1976 4141 Jesn

595 4182 729 4273 Christi,
755 4190 821 4258 sint
847 4209 921 4258 cum
948 4186 1102 4258 omnibus
1127 4183 1239 4271 vobis,
1265 4182 1386 4257 iratres
1413 4186 1489 4270 mei,
1516 4187 1550 4254 in
1578 4181 1757 4258 saeculnm.

700 4300 862 4394 Papulas.
914 4302 1033 4373 Amen.

701 4414 876 4486 Sacerdos
899 4419 1033 4508 frangit
1058 4423 1094 4487 et
1118 4419 1244 4510 ripam,
1271 4415 1398 4484 dicens.

699 4527 892 4619 Credimus,
928 4530 1136 4618 accedimns,
1175 4529 1392 4621 obsignamus
1427 4527 1669 4602 Eucharistiam
1704 4527 1808 4615 hanc,
1843 4545 1971 4621 corpus

593 4645 698 4718 Verbi
720 4645 785 4717 Dei
810 4649 894 4733 vivi,
922 4654 956 4716 et
982 4648 1177 4737 sanguinem
1205 4645 1320 4718 salutis
1348 4652 1381 4715 et
1411 4643 1517 4717 laudis
1541 4647 1713 4736 signamus
1735 4663 1811 4714 cum
1842 4635 1857 4676 ⁵
1882 4661 1971 4737 par-

593 4760 693 4833 ticula
726 4764 973 4856 propitiatoria,
1014 4772 1048 4833 et
1080 4761 1180 4856 plena
1213 4763 1381 4859 mysteriis
1417 4764 1588 4855 supernis,
1619 4763 1654 4832 in
1686 4762 1821 4831 nominc
1851 4751 1971 4829 Patris

505 4932 508 4940 .
593 4881 677 4967 vivi,
704 4876 747 4948 nd
773 4880 884 4947 vitam.

695 4991 857 5084 Papulas.
910 4994 1030 5064 Amen.

696 5105 881 5177 Sacerdos.
933 5106 977 5177 Et
1007 5107 1083 5179 Filii
1117 5108 1277 5198 unigeniti
1309 5116 1343 5178 et
1376 5108 1482 5179 sancti
1515 5105 1557 5178 al)
1592 5128 1635 5179 eo
1671 5109 1788 5198 geniti,
1822 5112 1858 5176 et
1893 5125 1972 5176 cum

593 5247 635 5297 eo
665 5221 815 5297 similiter
845 5226 926 5297 vivi:
979 5223 1136 5296 advitam.
1399 5220 1560 5315 Papulas.
1616 5224 1737 5296 Amen.
1780 5300 1785 5310 ,
