5150 6534
598 832 675 909 440
947 897 952 898 f
1097 832 1455 912 LITURGIA
1547 918 1550 921 r
1638 871 1640 874 ·

700 1020 884 1093 Sacerdos.
935 1021 1103 1116 Perpetuo
1129 1024 1478 1094 commemorationem
1502 1020 1589 1093 banc
1619 1020 1734 1093 mortis
1760 1027 1795 1091 et
1821 1017 1956 1093 Resur-

596 1139 755 1210 rectionis
780 1159 877 1209 meae
902 1135 1044 1224 facietis,
1065 1136 1178 1208 ¹donec
1203 1138 1348 1207 veniam.

597 1285 599 1288 ·
700 1251 860 1346 Populus.
912 1251 1032 1324 Mortis
1058 1262 1148 1340 tuae,
1172 1252 1325 1323 Domine.

698 1366 882 1439 Sacerdos.
935 1366 1048 1440 Oculis
1082 1389 1167 1460 ergo
1200 1370 1382 1439 ammorum
1421 1376 1608 1441 nostrorum
1636 1368 1800 1439 intuentes
1831 1375 1868 1438 et
1897 1371 1955 1441 vi-

596 1483 713 1557 dentes
745 1488 904 1580 mysteria
936 1483 1191 1581 dispensationis
1224 1493 1303 1557 tuae
1337 1493 1581 1580 proptereat,
1616 1505 1638 1556 ο
1669 1482 1821 1557 Verbum
1852 1483 1956 1573 licus,

596 1600 774 1674 adoramus
807 1599 956 1672 eamdem
990 1600 1167 1672 salutarem
1198 1598 1510 1699 dispensationem
1527 1598 1732 1671 eonfitemur
1750 1600 1955 1680 naturam

595 1725 707 1803 tuam,
724 1725 757 1787 et
782 1725 889 1788 ortum
915 1726 1019 1788 mum:
1046 1715 1239 1788 eonfitemur
1263 1719 1440 1812 passiones
1464 1723 1540 1789 tuas
1565 1725 1599 1787 et
1616 1715 1821 1811 sepulturam
1844 1724 1953 1804 tuum3

596 1831 820 1923 glorificamus
842 1831 1135 1906 Resurrectionem
1160 1840 1268 1921 mam,
1303 1843 1337 1903 et
1363 1830 1552 1905 extollimus
1577 1831 1821 1906 Asceusionsm
1846 1841 1955 1920 mam3

595 1945 820 2020 benedicimus
846 1957 985 2043 propter
1010 1951 1196 2022 sessionem
1222 1956 1313 2020 tuam
1340 1948 1382 2020 ad
1409 1947 1581 2019 dexteram
1606 1958 1798 2042 paternam,
1823 1956 1860 2018 et
1885 1968 1954 2017 ex-

598 2074 770 2158 pestanus
797 2062 974 2135 adventum
1000 2073 1089 2136 mum
1116 2063 1305 2136 secundnm.
1343 2063 1467 2136 Verum
1493 2083 1652 2156 rogamus
1679 2073 1713 2135 et
1737 2062 1955 2160 deprecamur

595 2188 629 2249 ts
654 2188 690 2250 ut
715 2177 846 2273 mando
871 2183 990 2252 venies
1017 2202 1091 2251 cum
1117 2180 1225 2272 gloria
1250 2189 1319 2269 tua,
1345 2188 1380 2250 et
1405 2179 1583 2275 apparebis
1606 2177 1794 2269 nniieste,
1820 2182 1954 2252 omnia·

596 2316 661 2389 que
691 2294 931 2387 congregabis,
957 2316 1024 2366 non
1057 2295 1261 2368 condemnes
1292 2316 1355 2368 nos
1391 2294 1487 2366 simut
1518 2317 1593 2366 eum
1626 2295 1786 2390 illisqui
1820 2306 1854 2367 te
1888 2316 1954 2366 non

595 2420 772 2496 novemnt,
798 2432 907 2505 neque
932 2412 1069 2507 perdas,
1096 2434 1170 2483 cnm
1195 2414 1236 2483 iis
1264 2414 1319 2505 qui
1345 2409 1403 2483 tibi
1429 2432 1497 2483 non
1524 2410 1757 2483 adhaeserunt:
1790 2410 1851 2483 sed
1885 2434 1953 2507 po-

594 2529 660 2597 tius
686 2527 847 2599 miserere
872 2529 990 2618 nostri,
1017 2530 1092 2623 qnia
1117 2548 1241 2599 nomen
1267 2538 1356 2598 tunm
1382 2549 1539 2619 magnum
1558 2529 1748 2600 invocatum
1773 2537 1954 2624 estsuper

482 2687 491 2702 -
593 2662 668 2714 nos.
720 2641 850 2718 Scimus
877 2663 971 2731 sans,
998 2647 1074 2738 quia
1100 2644 1326 2739 peccavimus,
1353 2653 1387 2714 et
1412 2652 1447 2713 te
1472 2663 1555 2713 vere
1577 2641 1619 2713 ad
1646 2640 1846 2713 iracundiam
1867 2664 1954 2737 pro-

593 2760 808 2830 vocavimus:
842 2780 952 2852 neque
977 2758 1067 2850 digni
1094 2779 1206 2831 sumus
1232 2757 1460 2830 misericordia
1492 2767 1557 2829 tua.
1610 2757 1735 2830 Verum
1769 2779 1833 2853 per
1867 2780 1953 2853 pss—

594 2874 723 2946 sionem
748 2882 848 2962 mam,
874 2874 1027 2961 Domine,
1052 2896 1115 2970 per
1140 2879 1271 2945 crucem
1298 2882 1333 2945 st
1357 2883 1497 2946 mortem
1522 2883 1610 2945 turam
1635 2881 1774 2967 propter
1798 2895 1882 2963 nos,
1911 2896 1954 2946 ne

594 3009 678 3079 agas
707 2988 880 3061 nobiscum
907 2988 1178 3085 quemadmodum
1211 2993 1408 3062 meruimus:
1439 3010 1483 3060 ne
1513 2987 1625 3063 badas
1656 3010 1720 3062 nos
1751 2988 1952 3062 cruciatibus

594 3100 722 3197 absque
747 3103 991 3194 misericordia,
1025 3128 1134 3199 nsque
1168 3109 1259 3198 juste
1290 3103 1455 3176 retribuas
1483 3102 1592 3177 uobis.
1644 3104 1839 3178 Recordare
1874 3106 1952 3179 Do-

593 3220 681 3289 mine
708 3219 796 3314 quod
820 3232 855 3293 te
881 3219 1028 3293 confessi
1054 3242 1184 3310 sumus,
1217 3231 1251 3292 et
1281 3221 1470 3293 adnomen
1496 3230 1586 3292 tuum
1610 3219 1828 3313 reelegimus.
1881 3222 1951 3295 bli-

593 3355 728 3424 serere,
759 3358 881 3431 parce,
920 3347 955 3409 et
988 3336 1084 3411 salva
1124 3339 1419 3429 congregationem
1453 3335 1657 3408 adorantium
1688 3346 1723 3408 te
1754 3360 1776 3408 a
1806 3337 1952 3412 tenebris

594 3452 836 3541 exterioribus,
863 3474 883 3523 a
909 3451 987 3526 lietu
1013 3463 1048 3524 et
1080 3453 1222 3525 stridore
1249 3452 1408 3541 dentium,
1440 3456 1515 3548 qtria
1548 3473 1616 3525 non
1648 3462 1699 3523 est
1729 3451 1828 3526 nobis
1861 3457 1952 3528 Deru

594 3567 677 3639 alius
704 3578 839 3661 praeter
863 3578 910 3656 te,
937 3569 979 3640 ad
1006 3590 1101 3662 quem
1128 3567 1231 3641 levati
1257 3567 1443 3641 suntoculi
1468 3570 1586 3657 nostri,
1612 3577 1649 3640 nt
1672 3568 1862 3642 confitearis
1879 3594 1951 3657 uos,

594 3692 629 3753 et
653 3685 733 3753 oriri
756 3681 875 3773 jubeas
901 3683 1012 3755 lumen
1037 3682 1147 3755 vultus
1174 3687 1220 3755 tui
1247 3706 1347 3779 super
1372 3705 1447 3774 nos,
1474 3694 1508 3755 et
1533 3706 1635 3780 super
1660 3682 1849 3758 Ecclesiam
1866 3696 1951 3758 mam

592 3797 795 3891 redemptam
822 3802 983 3890 sanguine
1008 3807 1064 3870 tuo
1080 3802 1245 3894 pretios03
1272 3823 1359 3895 quae
1374 3820 1463 3873 vnce
1487 3823 1609 3893 magna
1624 3800 1745 3873 elamat
1770 3802 1813 3873 ad
1839 3812 1895 3893 te,
1920 3814 1952 3875 et

593 3911 636 3984 ad
661 3912 793 3984 Patrem
819 3924 918 4002 tuum,
945 3913 1068 3986 dicens.
1433 3911 1437 3921 '

696 4029 855 4122 Populus.
907 4031 1079 4103 Miserere.

697 4143 880 4217 Sacerdos.
931 4147 1004 4229 Nos
1032 4169 1174 4242 quoque.

698 4259 857 4353 Populos.
910 4263 961 4333 Te
987 4263 1219 4355 glorificamus.

697 4376 882 4449 Diaconos.
935 4378 1040 4464 Quam
1067 4378 1211 4451 timenda
1237 4388 1290 4450 est
1313 4376 1397 4450 baec
1422 4378 1512 4450 bora.
1547 4379 1551 4390 ’

704 4635 705 4640 ’
732 4650 907 4724 Sacerdos
933 4654 1114 4724 inclinatos
1140 4652 1224 4724 dicit
1249 4653 1502 4724 insecutionem
1526 4651 1677 4746 Spiritus
1701 4657 1824 4725 soreii.

699 4837 815 4912 Clamo
843 4841 884 4912 ad
911 4853 944 4914 ts
970 4844 1074 4931 Deus,
1101 4842 1203 4915 corde
1229 4841 1367 4931 adesto,
1393 4853 1427 4913 et
1457 4840 1553 4913 oculo
1586 4840 1852 4913 lacrimabundo:
1883 4844 1948 4912 mi-

595 4976 711 5028 serere
737 4958 802 5026 mei
828 4978 889 5050 per
914 4960 1055 5049 gratiam
1075 4967 1175 5045 mam,
1202 4967 1235 5028 et
1260 4979 1367 5052 purga
1389 4979 1443 5029 me
1468 4955 1711 5028 amrdtitudiue
1736 4958 1948 5051 iniquitatum,

595 5091 680 5163 quae
707 5092 767 5164 per
793 5074 1012 5162 cogitationes
1038 5081 1168 5166 turpes,
1194 5081 1250 5143 aut
1276 5094 1384 5167 opera
1409 5073 1518 5166 iniqua
1551 5094 1643 5160 mea,
1677 5072 1838 5145 infirmam
1874 5075 1947 5144 ani-

593 5207 681 5255 mam
707 5207 814 5256 meam
840 5187 1013 5259 maculant.
1054 5188 1154 5280 Rogo
1182 5197 1214 5259 te
1240 5188 1382 5260 Domine
1407 5187 1506 5283 plene
1532 5187 1772 5276 misericordia,
1797 5210 1843 5259 ne
1864 5211 1947 5284 pro·

592 5309 667 5395 pter
699 5312 838 5397 peccata
869 5326 965 5397 mea,
995 5306 1110 5401 prives
1136 5327 1190 5376 me
1221 5308 1329 5397 gratia
1364 5315 1420 5376 tua
1451 5303 1575 5376 inboc
1600 5313 1766 5400 tempore,
1800 5304 1861 5379 sed
1891 5324 1948 5400 per
