5150 6534
732 847 809 922 634
1301 847 1531 925 NOTAE

729 1030 931 1112 Anopboroe,
961 1051 1035 1112 seu,
1063 1040 1097 1095 ut
1123 1039 1245 1096 veteres
1267 1032 1365 1095 Latini
1390 1032 1547 1111 dicebant,
1575 1031 1724 1094 litationis
1745 1040 1775 1094 et
1796 1030 1967 1094 octonorio
1986 1031 2101 1094 initium

730 1137 786 1194 cst.
830 1129 926 1214 Igitur
948 1133 1046 1194 omnia
1069 1150 1147 1212 quae
1169 1129 1219 1192 bic
1242 1132 1364 1206 desunt,
1393 1149 1454 1195 non
1483 1131 1597 1194 idcireo
1625 1131 1814 1210 omittuntur,
1844 1129 1899 1192 sed
1927 1149 1968 1192 ex
1997 1130 2102 1194 Ollicio

731 1231 879 1293 communi
908 1231 1014 1311 perlici
1044 1230 1159 1306 solent,
1188 1248 1296 1311 nempe
1325 1231 1518 1312 praeparatio
1547 1230 1666 1308 altaris,
1697 1247 1854 1292 sacrorum
1883 1227 2029 1292 donorum
2061 1251 2103 1293 ex

670 1331 672 1341 ⁴
731 1330 903 1394 Secretario
925 1330 963 1392 ad
985 1331 1159 1408 Protbesin,
1190 1339 1221 1392 et
1243 1330 1352 1393 deinde
1376 1330 1414 1392 ad
1436 1331 1531 1392 altare
1554 1330 1682 1405 delatio;
1714 1331 1818 1392 variae
1840 1329 1879 1390 ad
1901 1330 1958 1390 ista
1979 1346 2102 1409 preces,

729 1429 945 1510 scripturarum
968 1430 1125 1506 lectiones,
1150 1431 1446 1493 commemorationes
1461 1429 1585 1508 aliquot,
1609 1429 1706 1508 ipsum
1721 1428 1840 1491 tandem
1854 1431 1939 1508 pacis
1953 1428 2100 1507 osculum,

730 1536 760 1591 et
783 1528 879 1592 oratio
903 1529 941 1591 ad
962 1528 1037 1591 illud
1058 1530 1197 1610 propria,
1225 1547 1304 1609 quae
1326 1537 1427 1591 tamen
1450 1527 1541 1609 vulgo
1563 1529 1717 1609 reperitur
1738 1530 1769 1591 in
1792 1526 1930 1589 amnibus
1953 1526 2018 1589 aliis
2039 1527 2102 1589 Li-

730 1627 848 1710 turgiis,
871 1628 1032 1710 singularis
1056 1628 1092 1691 ad
1115 1645 1203 1691 unam
1226 1647 1390 1710 quamque,
1421 1644 1482 1689 non
1505 1646 1544 1689 ex
1567 1628 1715 1690 communi
1738 1627 1838 1708 aliquo
1863 1625 1960 1689 officio
1984 1625 2101 1707 depro-

729 1727 847 1790 menda.
893 1727 977 1790 Haec
1006 1727 1178 1790 observatio
1207 1729 1381 1790 necessaria
1411 1735 1475 1804 est,
1504 1733 1535 1788 et
1564 1745 1604 1789 ex
1631 1743 1668 1788 ea
1699 1727 1839 1808 neglecta
1867 1725 1919 1787 vel
1948 1726 2098 1806 ignorata,

730 1831 817 1886 natae
845 1832 916 1887 sunt
945 1827 1059 1906 aliquot
1089 1826 1240 1889 absurdae
1262 1826 1300 1889 de
1322 1826 1467 1910 liturgiis
1490 1826 1693 1908 conjecturae.
1739 1825 1789 1887 Sic
1815 1826 1863 1887 vir
1890 1843 1928 1887 eo
1958 1825 2047 1886 etiam
2068 1825 2100 1886 in

730 1941 846 2004 genere
869 1924 1061 1988 doctissimus
1083 1924 1221 1988 Andreas
1244 1926 1373 2004 Masius,
1405 1943 1472 1987 cum
1503 1926 1659 2005 Syriacam
1688 1925 1771 1987 illam
1796 1926 2011 2005 interpretatus
2041 1931 2100 2000 est,

730 2039 807 2100 quae
828 2023 931 2085 Basilii
953 2041 1060 2086 nomen
1081 2023 1230 2105 praefert,
1258 2024 1339 2087 illam
1361 2024 1485 2086 Graecis
1507 2024 1681 2106 vulgaribus
1705 2025 1902 2105 antiquiorem
1925 2042 1995 2086 esse
2013 2024 2100 2103 judi-

730 2122 808 2183 carit
830 2122 911 2202 qnod
933 2122 1057 2185 brevior
1078 2123 1166 2187 loret.
1213 2123 1273 2186 Sed
1295 2143 1363 2187 cum
1385 2124 1507 2205 incipiat
1529 2124 1566 2186 ab
1590 2122 1735 2187 Oratione
1758 2123 1856 2186 osculi
1878 2123 1977 2204 pacis,
2000 2122 2100 2185 media

728 2219 834 2281 saltem
857 2222 922 2301 ejus
944 2239 1017 2302 pars
1041 2221 1216 2300 deficiebat,
1245 2223 1376 2303 petenda
1407 2242 1447 2286 ex
1468 2222 1575 2285 Jacobi
1600 2223 1651 2285 vel
1674 2223 1768 2285 altera
1791 2223 1930 2303 quapiam
1952 2221 2099 2302 liturgia.

727 2317 761 2380 ln
784 2320 841 2382 ista
863 2320 995 2383 Nestorii
1017 2340 1080 2384 vox
1108 2320 1232 2403 Syriaca
1261 2341 1339 2403 quae
1363 2323 1508 2385 cientium
1531 2321 1691 2403 significat,
1715 2338 1776 2384 non
1799 2320 1886 2382 aliter
1908 2320 2027 2382 videtur
2049 2321 2099 2380 in-

727 2417 908 2500 telligenda,
940 2437 1027 2502 quarn
1058 2421 1138 2501 quod
1167 2421 1311 2484 versione
1341 2421 1556 2501 expressimus.
1602 2419 1752 2482 Circuitus
1776 2419 1854 2480 enim
1876 2419 1927 2500 qui
1948 2418 2005 2480 boc
2027 2418 2098 2480 loco

727 2515 793 2579 lieri
815 2517 893 2580 solet
916 2520 1028 2581 circum
1051 2519 1145 2581 altare
1168 2520 1228 2581 ritu
1250 2519 1411 2596 Orientali,
1434 2519 1581 2602 significat
1604 2517 1633 2580 id
1656 2518 1737 2599 quod
1758 2518 1853 2600 vulgo
1872 2518 2099 2597 processionem

728 2634 883 2695 vocamus,
907 2635 984 2696 qnae
1007 2616 1120 2700 duplex
1142 2626 1203 2681 est:
1233 2637 1291 2681 una
1315 2637 1381 2682 cum
1403 2619 1490 2681 Dona
1512 2617 1720 2680 consecranda
1743 2615 1912 2679 offeruntur
1933 2614 1971 2676 ad
1993 2615 2098 2694 altare,

728 2715 823 2777 altera
847 2734 913 2778 cum
935 2716 1133 2800 Evangelium
1154 2717 1370 2781 adAmbonem
1394 2716 1538 2793 defertur,
1561 2734 1684 2797 exque
1707 2716 1769 2797 legi
1792 2715 1890 2778 debet.
1916 2715 1989 2777 Earn
2002 2715 2097 2778 disci-

726 2813 837 2896 plinam
851 2817 1045 2895 exposuimus
1068 2817 1099 2878 in
1120 2816 1199 2879 notis
1223 2817 1259 2879 ad
1273 2816 1374 2880 Basilii
1385 2815 1550 2897 Liturgiam
1566 2814 1725 2896 Coptitam
1747 2822 1866 2877 etcum
1890 2813 1994 2876 eadem
2017 2814 2099 2896 apud

727 2913 831 2996 Syros,
854 2912 1083 2996 Aethiopesque
1105 2916 1301 2996 observetur,
1323 2925 1357 2979 ut
1379 2916 1458 2997 apud
1482 2914 1633 2993 Graecos,
1663 2933 1680 2977 a
1711 2914 1818 2996 quibus
1851 2912 1949 2990 illam,
1978 2920 2009 2975 nt
2038 2913 2099 2976 alia

728 3013 842 3091 omnia,
873 3011 1043 3077 Orientales
1073 3024 1271 3095 acceperunt,
1303 3015 1478 3079 familiarem
1509 3033 1629 3095 quoque
1658 3014 1848 3076 Nestoriauis
1878 3031 1966 3091 csse,
2000 3030 2099 3094 pauca

729 3115 985 3176 caeremoniarum
1014 3132 1092 3195 quac
1119 3115 1148 3177 in
1179 3115 1262 3178 libris
1292 3123 1397 3178 extant
1428 3111 1595 3198 fragmenta
1621 3113 1720 3194 palam
1743 3111 1871 3189 iaciunt,
1901 3119 1932 3174 et
1963 3113 2003 3174 ita
2031 3111 2098 3174 fieri

732 3210 812 3291 apud
835 3228 907 3274 snos
928 3212 1010 3276 illias
1033 3221 1063 3275 et
1085 3212 1132 3276 lsa
1155 3214 1337 3278 Sacerdotes
1358 3214 1596 3293 Mesopotameni
1618 3212 1705 3274 nobis
1728 3213 1799 3275 olim
1821 3213 1920 3274 testati
1942 3219 2021 3274 sunt.

727 3537 746 3578 ⁸
1039 3612 1074 3680 lt.
1109 3609 1227 3704 Sapra
1253 3615 1290 3681 in
1316 3611 1463 3681 eccelsia
1487 3608 1692 3697 sublimibus,
1719 3615 1783 3680 ete.

828 3831 1035 3911 Ousaavnron
1058 3853 1105 3907 est
1127 3845 1165 3907 ad
1187 3845 1408 3926 praecedentes
1432 3845 1504 3909 duas
1529 3847 1691 3930 Liturgias,
1713 3846 1901 3909 Nestoriauis
1924 3845 1997 3908 solis
2020 3865 2099 3929 pro-

727 3947 822 4028 prium
847 3966 916 4011 esse
938 3947 1140 4015 verboruma
1162 3949 1269 4030 quibus
1292 3930 1441 4012 Praelatio
1464 3950 1582 4031 incipit,
1613 3949 1809 4031 paraphrasin
1838 3948 1998 4023 adbibere,
2027 3969 2098 4013 cum

726 4046 860 4127 reliquae
882 4065 979 4128 prope
1003 4063 1107 4110 omncs
1129 4046 1285 4111 Ecclesiae
1309 4047 1413 4111 eadem
1441 4050 1618 4131 simpliciter
1646 4049 1816 4129 exprimant
1840 4054 1871 4110 et
1895 4046 2032 4128 Coptitae
2056 4068 2098 4112 ex

727 4146 909 4229 antiquitatis
931 4148 1117 4222 reverentia,
1145 4147 1194 4210 illa
1224 4147 1282 4210 buc
1311 4167 1407 4229 usque
1436 4147 1552 4211 Graece
1574 4149 1783 4229 pronuncient.
1827 4145 1861 4208 ln
1884 4149 1940 4208 ista
1962 4148 2097 4211 Nestorii

725 4245 887 4308 verbosior
909 4264 997 4328 quam
1021 4247 1050 4307 in
1073 4244 1189 4309 duabus
1212 4245 1314 4310 alteris
1338 4255 1385 4310 est
1400 4266 1503 4310 earum
1526 4246 1717 4310 formularum
1740 4246 1915 4327 explicatio:
1938 4245 2023 4325 cujus
2046 4245 2097 4307 di-

725 4345 876 4407 versitatis
906 4346 982 4407 ratio
1013 4344 1119 4407 idonea
1149 4345 1213 4408 dari
1243 4346 1322 4408 nulla
1352 4354 1463 4427 potest.
1515 4346 1576 4410 Sed
1606 4364 1812 4426 quaecumque
1842 4347 1892 4422 sit,
1927 4343 2097 4424 disquirere

725 4462 830 4525 parum
852 4445 989 4521 interest,
1012 4461 1079 4506 cnm
1101 4446 1249 4508 sententia
1272 4447 1312 4508 sit
1334 4445 1450 4510 eadem.
1495 4447 1610 4508 Primae
1624 4462 1717 4526 porro
1736 4443 1920 4523 antiquitatis
1934 4442 2096 4504 esseillam

726 4541 892 4618 formulam,
915 4563 954 4608 ne
976 4544 1128 4608 levissima
1151 4544 1269 4626 quidem
1294 4547 1468 4625 conjectura
1483 4544 1605 4626 probari
1620 4551 1731 4624 potest,
1755 4561 1822 4605 cum
1837 4560 1898 4604 non
1912 4541 2096 4620 respondeat

725 4644 889 4722 primorum
911 4644 1103 4707 saeculorum
1124 4642 1316 4723 simplicitati,
1340 4661 1397 4706 nec
1420 4643 1544 4723 reliquis
1566 4643 1717 4725 liturgiis,
1740 4660 1798 4704 nec
1819 4640 1953 4721 plurimis
1965 4640 2096 4702 Sancto-

725 4759 791 4801 rum
816 4741 952 4820 Petrum,
982 4744 1033 4824 qui
1063 4741 1169 4805 eadem
1198 4743 1293 4804 verba
1316 4742 1501 4820 retulerunt,
1530 4743 1717 4807 testimoniis.
1762 4739 1803 4802 At
1824 4739 2096 4821 praeclarissimum

726 4856 801 4902 sanc
831 4840 903 4903 illud
933 4850 981 4904 est
1004 4841 1084 4923 quod
1112 4842 1141 4903 in
1165 4841 1237 4921 ipsis
1260 4841 1319 4903 illis
1341 4840 1443 4904 verbis
1466 4843 1636 4903 continetur
1658 4841 1696 4903 de
1718 4842 1845 4903 veritate
1868 4838 2005 4901 sacrificii
2029 4839 2096 4901 Eu-

726 4938 875 5001 charistici
903 4942 1117 5017 testimonium,
1148 4957 1208 5023 quo
1237 4944 1369 5004 rationes
1393 4941 1621 5003 Protestantium
1646 4939 1824 5004 Criticorum
1846 4937 1977 4999 funditus
2000 4957 2095 5000 ever-

724 5045 836 5102 tuntur.
881 5038 980 5121 Vulgo
1004 5040 1081 5102 enim
1104 5042 1135 5101 in
1158 5040 1343 5102 Graecorum
1365 5039 1509 5124 Litargiis
1531 5039 1623 5101 ullam
1646 5038 1784 5102 sacrificii
1808 5038 1946 5118 corporis
1969 5044 1999 5100 et
2013 5038 2093 5101 San-

724 5139 824 5220 guinis
848 5137 957 5202 Christi
980 5157 1035 5219 pro
1057 5138 1263 5220 redemptione
1285 5140 1422 5202 vivorum
1445 5150 1476 5204 et
1497 5146 1683 5201 mortuorum
1712 5136 1804 5200 oblati
1826 5137 2005 5200 mentionem
2027 5137 2094 5201 lieri

723 5247 854 5321 negant3
877 5238 932 5301 sed
954 5225 1083 5320 λογικήν
1105 5231 1272 5322 λατρείαν,
1294 5241 1465 5319 pretiorum
1487 5241 1638 5314 actiones,
1661 5238 1766 5298 modes
1787 5236 1862 5311 Dei,
1891 5236 2095 5316 eleemosynas

722 5337 756 5397 in
777 5357 850 5400 usus
869 5357 1034 5419 pauperum
1051 5339 1217 5416 praecipue
1239 5336 1343 5419 offerri
1363 5338 1534 5420 affirment.-
1580 5337 1680 5400 Verba
1710 5343 1779 5399 sunt
1807 5335 1928 5397 Doridis
1952 5332 2094 5414 betraei
