5150 6534
671 1283 721 1377 n
761 1283 1021 1377 alamann
1064 1282 1284 1378 nosceta
1317 1243 1532 1378 nersoon
1574 1286 1916 1381 coenitabant

1209 1492 1384 1575 tutta.

913 1774 947 1845 1.
980 1775 1146 1846 Dioscori
1172 1775 1339 1867 Episcopi
1364 1772 1502 1845 laedae
1529 1774 1677 1847 Gordos.

701 1968 755 2047 Da
777 1988 884 2042 autore
907 1980 993 2041 istius
1016 1977 1170 2059 Litargiae
1192 1978 1264 2040 nihil
1288 1985 1412 2058 praeter
1434 1996 1544 2042 nomen
1573 1979 1702 2042 scimus:
1733 1980 1789 2043 sed
1813 1981 1979 2046 Jacobitam

609 2083 707 2147 luisse
736 2089 856 2145 constat
885 2099 925 2143 ex
955 2099 992 2143 co
1018 2081 1235 2162 Diptychorum
1264 2080 1348 2157 loco,
1380 2082 1431 2142 ubi
1460 2082 1603 2144 memoria
1626 2082 1657 2143 lit
1679 2084 1769 2144 mum
1790 2083 1981 2165 spretorum

612 2183 887 2257 oaeaaenicarum,
917 2180 1034 2243 scilicet
1063 2181 1187 2243 exclusa
1216 2178 1471 2257 Calchedoneosi,
1501 2182 1549 2243 cui
1577 2180 1856 2263 blonophpsitarum
1878 2193 1981 2249 sectae

612 2281 725 2359 variae,
749 2279 905 2341 anathema
927 2279 1079 2356 dixemnt,
1104 2297 1162 2358 qua
1186 2280 1215 2341 in
1237 2281 1404 2360 pertinacia
1420 2279 1576 2341 Jacobitae
1598 2290 1806 2360 perseverant.

701 2378 785 2451 Quae
808 2377 847 2440 sit
869 2378 970 2440 Insula
992 2386 1043 2439 aut
1064 2377 1223 2439 Pcninsula
1252 2378 1396 2453 Kardou,
1425 2397 1521 2457 aeque
1543 2379 1706 2441 obscurum
1729 2388 1785 2443 est.
1819 2382 1889 2443 Vox
1911 2384 1982 2463 qni-

613 2478 681 2541 dcm
692 2477 820 2539 Kordou
842 2496 859 2539 a
884 2477 979 2558 Syris,
1003 2484 1033 2539 et
1055 2476 1215 2558 aliquando
1238 2478 1274 2539 ab
1298 2476 1449 2539 Arabibus
1470 2487 1616 2560 usurpata
1640 2488 1687 2542 est
1702 2480 1738 2542 ad
1757 2480 1982 2562 significandam

611 2576 782 2640 Monnnam
797 2577 876 2639 illam
893 2578 1050 2659 regionem
1066 2575 1227 2639 Armeniae
1249 2579 1331 2638 circa
1353 2585 1482 2640 montem
1504 2578 1625 2656 Ararat,
1647 2579 1698 2641 nbi
1721 2579 1801 2641 Arca
1824 2582 1890 2645 Noe
1913 2593 1983 2665 post

608 2675 753 2739 'diluvium
775 2678 965 2756 requievisse
989 2676 1100 2759 legitur
1123 2675 1279 2739 Geneseos
1302 2694 1328 2740 o.
1352 2677 1382 2739 8.
1404 2696 1435 2738 v.
1458 2677 1489 2738 lt.
1533 2678 1579 2739 Eo
1607 2678 1676 2741 loco
1707 2678 1841 2744 Onhelos
1862 2692 1980 2747 montes

611 2774 740 2854 Ararat,
771 2778 878 2853 vertit,
907 2784 1024 2837 moratos
1052 2775 1200 2849 ilerdam
1231 2792 1306 2856 quos
1333 2776 1417 2837 multi
1447 2777 1504 2838 viri
1527 2777 1608 2839 docti
1630 2778 1805 2860 Gordyaeos
1827 2781 1981 2862 interpre-

597 2882 727 2937 tantur:
751 2883 781 2938 et
797 2873 1024 2937 Carduchosde
1040 2874 1148 2953 quibus
1169 2884 1291 2937 veteres
1304 2873 1477 2958 Geograpbi
1498 2877 1696 2957 scripserunt,
1720 2885 1750 2939 et
1773 2896 1849 2957 quos
1872 2878 1980 2942 Curdis

612 2973 761 3055 originem
784 2972 904 3035 dedisse
927 2973 1089 3035 verisimile
1113 2981 1176 3051 est,
1205 2974 1344 3054 plerique
1366 2974 1416 3036 illa
1439 2976 1468 3035 in
1491 2975 1618 3056 regione
1642 2975 1800 3053 collocant.
1838 2977 1980 3051 Quamvis

613 3081 710 3135 autem
732 3090 840 3156 magna
863 3074 1012 3135 nominum
1035 3074 1157 3134 mutatio
1180 3072 1274 3156 longo
1297 3073 1485 3136 saeculorum
1509 3073 1654 3153 decursu,
1678 3074 1784 3137 limites
1806 3076 1979 3156 Armeniae,

601 3177 644 3234 'et
666 3170 830 3234 vicinarum
853 3172 1073 3252 provinciarum
1094 3171 1183 3233 valde
1206 3171 1386 3250 confuderit,
1408 3173 1663 3254 qualitercumque
1675 3174 1843 3255 appellatae
1859 3176 1979 3256 luerint,

613 3268 850 3334 Christianorum
880 3272 984 3351 plenas
1014 3272 1084 3334 olim
1116 3271 1209 3333 luisse
1238 3270 1305 3333 ittas
1333 3272 1530 3335 certissimum
1558 3281 1619 3334 est:
1650 3280 1680 3335 et
1702 3273 1739 3335 ad
1762 3272 1979 3340 Antiochenam

611 3369 716 3433 sedem
738 3370 937 3450 pertinuisse,
969 3389 1029 3434 non
1051 3370 1139 3433 modo
1162 3370 1293 3433 Notitiae
1315 3378 1455 3449 veteres,
1477 3371 1532 3434 sed
1554 3371 1633 3434 Acta
1654 3372 1867 3436 Ecclesiastico
1888 3376 1978 3437 multa

612 3466 825 3531 demonstrant.
868 3468 898 3530 A
931 3468 1214 3531 lllubamedanarum
1243 3487 1345 3531 rerum
1375 3471 1481 3549 initiis,
1517 3490 1584 3532 oum
1613 3470 1701 3552 pauci
1731 3470 1791 3533 illic
1821 3473 1979 3538 admodum

612 3566 781 3632 Ortbodoni
804 3567 912 3629 Gracci
934 3577 1141 3649 superessent,
1166 3569 1235 3650 Syri
1255 3569 1410 3632 Jacobltae
1433 3572 1463 3632 in
1487 3589 1539 3632 eas
1562 3570 1659 3649 ellusi,
1683 3569 1828 3634 Catholici
1847 3574 1979 3655 dignita-

610 3671 682 3744 tem,
705 3684 783 3748 quae
806 3665 863 3728 sub
887 3664 1052 3729 Justiniano
1076 3668 1196 3732 videtur
1218 3668 1362 3744 instituta,
1385 3668 1413 3729 in
1437 3687 1527 3730 unum
1550 3688 1589 3731 ex
1610 3670 1770 3751 Episcopls
1789 3670 1977 3738 Antiocheno

611 3763 800 3828 Patriarohac
816 3764 959 3847 subjectis
976 3765 1176 3844 contulerunt,
1193 3785 1280 3846 quem
1294 3766 1446 3846 Mofricno
1461 3767 1700 3849 appellaverunt,
1724 3772 1851 3852 ejusque
1874 3772 1978 3835 sedem

612 3862 644 3926 in
665 3863 740 3927 urbe
764 3864 868 3926 'l'akrit
890 3866 963 3927 satis
993 3864 1123 3942 celebri,
1153 3868 1379 3929 constituerunt.
1426 3867 1505 3929 Talis
1528 3869 1607 3930 inter
1629 3886 1702 3932 suos
1724 3870 1778 3932 luit
1800 3870 1977 3954 Gregorius,

612 3964 791 4046 cognomine
808 3963 1035 4046 Abullaragius:
1059 3963 1097 4026 de
1119 3982 1179 4045 quo
1201 3964 1288 4045 plura
1311 3966 1389 4027 dicta
1412 3974 1481 4028 sunt
1502 3968 1532 4028 in
1555 3968 1815 4033 observationibus
1838 3972 1876 4034 ad
1898 3971 1976 4033 illins

610 4059 784 4145 liturgiam.
829 4062 863 4124 ln
886 4071 1006 4126 vetusto
1029 4064 1195 4144 exemplari
1217 4063 1326 4125 dicitur
1348 4063 1440 4127 luisse
1460 4068 1578 4144 primos
1598 4069 1631 4129 in
1651 4067 1796 4131 Montana
1816 4069 1977 4132 menia:

572 4161 576 4173 ‘'
610 4166 642 4224 et
663 4160 773 4234 in,ista
793 4161 937 4224 Dioecesi
958 4161 1014 4224 fuit
1036 4170 1175 4244 mantum
1199 4164 1307 4242 conjici
1328 4171 1429 4243 potest
1440 4164 1640 4246 Episcopatus
1661 4167 1713 4229 ille
1726 4165 1858 4231 Ucrdou.
1882 4168 1976 4242 Quis-

611 4259 677 4342 quis
699 4260 819 4323 taodem
840 4260 891 4322 ille
913 4260 1014 4340 luerit,
1037 4262 1163 4344 agnosci
1184 4262 1215 4323 in
1236 4262 1293 4323 hac
1316 4262 1380 4343 ejus
1402 4262 1538 4348 Liturgia
1558 4274 1672 4345 potest,
1694 4266 1814 4351 linguae
1833 4267 1975 4349 Syriacae

610 4345 719 4441 magna
745 4361 870 4441 peritia,
901 4367 932 4422 et
955 4360 1140 4445 Theologiae
1162 4360 1287 4435 facultas
1315 4378 1377 4423 non
1410 4363 1584 4426 mediocris:
1619 4374 1679 4427 tum
1710 4366 1878 4429 testimonla
1906 4366 1975 4429 lidei

610 4451 811 4520 Jacobitarum
835 4459 969 4521 devera
992 4460 1130 4541 corporis
1154 4467 1184 4521 ct
1206 4460 1362 4541 sanguinis
1385 4460 1496 4524 Christi
1523 4465 1553 4524 in
1576 4462 1770 4529 Sacramento
1792 4466 1973 4546 praesentia,

608 4559 669 4617 tam
701 4556 863 4637 perspicua
892 4565 1068 4635 occurrunt,
1103 4565 1136 4619 ut
1170 4558 1280 4621 nullam
1302 4560 1529 4622 Protestantium
1551 4558 1789 4651 παρερμηνείαν
1810 4565 1974 4628 admittant.

574 4697 580 4710 .
609 4652 700 4717 Extat
721 4655 771 4716 illa
792 4657 823 4717 in
845 4656 943 4717 multis
967 4665 997 4719 et
1016 4658 1144 4738 antiquis
1158 4657 1330 4736 codicibus,
1353 4657 1394 4719 ita
1417 4666 1449 4720 ut
1470 4659 1508 4722 de
1523 4660 1588 4741 ejus
1612 4663 1691 4744 apud
1706 4662 1859 4726 Jacobitas
1883 4671 1974 4725 auto-

608 4752 698 4816 ritate
721 4752 864 4817 dubitatio
887 4773 958 4818 esse
979 4757 1061 4818 nulla
1082 4758 1188 4839 possit.

803 5015 838 5087 2.
877 4961 922 5085 'ln
950 5040 994 5087 aa
1018 5022 1118 5088 nocte
1145 5040 1213 5111 quo
1234 5025 1382 5110 paratas
1407 5025 1485 5089 crat
1509 5020 1557 5091 od
1578 5021 1783 5115 patiendum.

610 5236 616 5244 ·
706 5205 798 5299 Quen
821 5217 930 5281 Graeci
952 5226 983 5280 et
1003 5219 1100 5283 Latini
1120 5222 1174 5284 vix
1195 5230 1227 5284 et
1247 5222 1402 5285 rarissime
1424 5220 1577 5302 lecerunt,
1600 5225 1744 5288 iuvenis
1767 5244 1841 5309 quas
1863 5227 1972 5291 edide-

608 5327 681 5383 rant
699 5319 859 5404 liturgiis,
889 5329 921 5384 ut
948 5321 1041 5385 verba
1062 5324 1248 5407 Evangelica
1269 5324 1308 5388 ad
1328 5324 1534 5391 Eucharistiae
1555 5327 1772 5393 institutionem
1792 5332 1971 5414 spectantia,
