5150 6534
596 838 676 915 m
1100 839 1574 918 llruldlnff

698 1025 883 1099 Suenda
933 1025 1213 1100 moordt

699 1141 861 1236 Popula
912 1141 1367 1216 mundssomin

697 1257 881 1331 Somdm.
932 1259 1346 1351 Gnmsnganmltee

697 1373 1352 1467 rmusgmojmu
1532 1405 1597 1423 -*
1789 1421 1795 1427 .

697 1488 1089 1563 mmmm.
1141 1483 1966 1582 uniames-quisinedetetu

594 1604 703 1698 gloria
729 1618 764 1678 et
788 1606 951 1695 odoratio,
977 1605 1263 1702 quiobenedietus
1286 1604 1452 1696 eslim,
1475 1603 1818 1700 etopdoxon'n,
1842 1604 1964 1676 lieu-

594 1745 661 1817 que
685 1744 787 1818 super
811 1726 931 1795 omnio.

697 1839 849 1911 rtem
871 1862 997 1909 nocero.
1049 1837 1182 1910 Lundnt
1216 1847 1251 1908 te
1281 1838 1426 1910 Domine
1451 1836 1603 1925 coetu,
1635 1835 1726 1930 qnod
1756 1846 1813 1907 est
1840 1836 1964 1912 solnm

594 1949 1832 2049 mejestatismaezettennquneestseoluellmnnbpediinstuis
1861 1951 1962 2026 Lnu-

595 2065 1747 2164 detondeneneetadoratnonennmininelioetesin
1778 2090 1867 2162 quae
1899 2092 1961 2143 ore

595 2183 1960 2282 iliorumsuorumlrymnostiluieonit,perouetuml‘ruplretmmn,per

595 2322 718 2392 agmen
756 2301 1016 2397 Apostolorum,
1056 2304 1233 2397 passiones
1271 2302 1477 2396 llsrtyrum,
1523 2298 1667 2371 Ordines
1704 2298 1959 2390 momorum,

595 2415 814 2509 Theologiem
845 2418 1046 2505 Doctorum,
1072 2429 1199 2490 rentem
1231 2417 1369 2489 vivendi
1400 2418 1562 2488 rationem
1593 2414 1860 2507 Religiosornm3
1888 2441 1958 2513 pn-

594 2536 742 2606 tientinm
775 2532 960 2621 coelibum,
994 2538 1179 2606 exereitum
1207 2538 1389 2626 justorum,
1427 2541 1559 2605 ooetum
1589 2532 1805 2619 Sonetorum,
1838 2544 1959 2607 m

595 2670 776 2743 moresque
800 2648 958 2720 fidelium:
984 2649 1115 2721 coelum
1140 2659 1260 2737 eutem,
1275 2654 1322 2721 'in
1335 2647 1491 2720 Ecclesia
1516 2647 1572 2719 illa
1587 2645 1737 2733 excelso,
1761 2645 1819 2719 nbi
1845 2651 1959 2744 scripu·

595 2773 672 2835 sunt
696 2767 908 2858 primogeniti
939 2768 986 2835 tui
1012 2768 1045 2836 in
1071 2764 1165 2836 libris
1202 2769 1327 2838 sanetis
1352 2769 1427 2836 tuis.
1479 2762 1517 2835 ln
1543 2786 1586 2834 eu
1611 2785 1735 2857 nempe
1759 2761 1957 2854 gloriiwe

595 2878 805 2970 Angelorum
832 2879 1002 2967 eendhus,
1035 2880 1326 2972 Archangelum
1354 2879 1483 2971 jubilis,
1516 2877 1696 2951 OErmubim
1723 2878 1957 2953 mutu:

594 2993 839 3090 Principotuum
865 2994 1067 3087 fortitudine,
1093 2996 1299 3070 Potestotum
1325 2995 1451 3089 glorio:
1478 2995 1689 3067 Thronorum
1709 2993 1863 3086 fulgore:
1878 2994 1956 3069 Do-

594 3113 809 3182 minetionum
844 3111 983 3183 decore:
1020 3112 1142 3184 ardore
1173 3112 1360 3205 legionum:
1388 3116 1473 3183 inter
1506 3115 1639 3203 agmine
1668 3112 1838 3199 victricia
1870 3133 1957 3182 οοε-

593 3236 648 3298 turs
673 3225 908 3322 perlectorum,
935 3231 1020 3299 inter
1044 3226 1142 3316 leste,
1168 3238 1204 3300 et
1227 3228 1351 3320 gaudio
1377 3228 1588 3314 Sanctorum,
1614 3226 1958 3322 mollientimesque

593 3341 779 3438 Seraphim,
806 3346 861 3437 qui
887 3346 978 3415 senis
1004 3343 1077 3431 alis,
1104 3353 1138 3415 et
1162 3365 1252 3416 vooe
1276 3343 1494 3438 nitidissime,
1519 3342 1674 3432 londnnt,
1700 3342 1862 3432 clement,
1885 3365 1957 3416 ro·

593 3457 783 3547 cilerantur,
809 3469 843 3530 et
868 3459 988 3531 dieunt

699 3575 857 3667 Pupulus.
910 3574 1063 3646 Sanetus.

701 3689 874 3760 Sacerdos
896 3691 1088 3762 inclinatus.
1141 3691 1295 3778 Sanetus,
1321 3689 1478 3780 Sanetus,
1503 3690 1646 3762 Sanetus
1668 3692 1764 3764 Deus
1789 3693 1958 3781 excolu,

597 3815 731 3878 sancum
758 3808 889 3899 mquam
916 3810 971 3900 qui
998 3817 1049 3878 ter
1068 3805 1303 3894 sanctificabo,
1331 3818 1364 3878 et
1383 3816 1544 3901 perpetuo
1560 3805 1742 3879 laudandus
1768 3818 1831 3879 est
1857 3810 1959 3881 Peter

598 3931 733 3994 sunonis
760 3924 908 4011 genitor:
936 3932 969 3993 et
995 3945 1061 3995 non
1088 3926 1236 4015 genitus:
1263 3920 1367 3994 Filius
1401 3931 1535 3994 sanetus
1561 3926 1708 4015 genitus,
1735 3933 1770 3995 et
1793 3943 1862 3995 non
1887 3944 1957 4015 ge-

594 4040 696 4123 nitor,
722 4035 863 4131 Spiritus
890 4040 988 4109 etiem
1015 4049 1162 4125 sanetus,
1188 4037 1364 4109 vivificans
1390 4050 1425 4108 et
1450 4038 1648 4110 adorandus.
1699 4038 1959 4110 Saneuncanos

595 4152 707 4242 igitur,
733 4151 870 4239 Sonete,
897 4157 952 4247 qui
977 4159 1087 4226 omnin
1114 4153 1315 4243 sanctificas,
1341 4164 1376 4224 ut
1401 4157 1519 4248 parati,
1546 4164 1580 4225 et
1604 4164 1698 4226 reete
1724 4153 1879 4249 disposiu·
1906 4156 1960 4225 si-

597 4290 671 4338 mus
706 4270 739 4337 in
772 4272 966 4355 sanctitate,
1003 4270 1044 4341 ad
1076 4272 1267 4341 convivium
1299 4272 1395 4341 istum
1429 4272 1519 4358 vito,
1551 4279 1585 4341 et
1618 4273 1782 4342 suavitate
1811 4268 1961 4365 plenum,

597 4384 755 4474 unigeniti
780 4384 855 4455 Filii
881 4390 939 4473 tui,
965 4385 1098 4457 Domini
1124 4389 1230 4459 nostri
1254 4385 1338 4457 Jesu
1364 4383 1497 4472 Christi,
1524 4389 1578 4479 qui
1604 4407 1688 4458 uuus
1713 4396 1778 4473 est,
1804 4385 1848 4456 de
1874 4385 1960 4459 Tri-

597 4502 699 4570 nitete
725 4510 859 4572 sanctu:
895 4511 928 4572 et
963 4502 1003 4573 od
1030 4504 1292 4574 communionem
1327 4505 1560 4596 mysteriorum
1587 4506 1661 4593 ojus
1687 4511 1896 4588 sanetum,
1928 4512 1964 4574 et

596 4615 840 4687 vivificantium.
895 4619 1058 4703 Quicum
1094 4618 1194 4690 homo
1220 4618 1389 4689 voluntate
1419 4639 1480 4688 sue
1514 4615 1622 4689 iaetus
1656 4628 1765 4706 esset,
1799 4628 1835 4689 et
1863 4640 1963 4692 more

597 4728 739 4803 humano
765 4730 938 4819 educatus,
964 4756 1031 4805 non
1058 4733 1187 4826 gloriae
1215 4735 1461 4834 diminutionem
1486 4744 1543 4804 eut
1568 4733 1747 4805 divinitatis
1773 4732 1965 4807 detrimen-

597 4855 663 4917 tum
691 4868 811 4941 passus
839 4859 901 4935 est,
929 4848 988 4920 sed
1015 4853 1204 4922 incarnatus
1231 4852 1401 4935 existens,
1434 4851 1533 4918 etium
1565 4858 1638 4918 eret
1669 4847 1748 4920 illud
1782 4848 1874 4943 quod
1902 4848 1965 4923 fuit

597 4960 750 5052 verbum,
777 4968 949 5057 sapientie,
976 4977 1010 5036 et
1024 4970 1130 5038 virtus
1155 4968 1219 5038 Dei
1244 4962 1449 5052 nomruliter,
1475 4974 1509 5034 et
1533 4963 1803 5053 substantialiter,
1829 4968 1964 5040 etiamsi

600 5080 787 5171 accepisset
817 5078 955 5152 formem
992 5086 1102 5170 servi,
1141 5081 1182 5154 od
1222 5079 1360 5152 salutem
1397 5100 1518 5174 nempe
1555 5082 1645 5150 vitoe
1683 5091 1828 5153 nostroe.
1883 5084 1965 5179 Ipse

597 5193 698 5282 igitur
724 5204 800 5264 ente
826 5200 1017 5289 passionem
1044 5221 1136 5269 suom
1163 5196 1339 5269 solutorem
1367 5199 1496 5290 accepit
1520 5189 1639 5290 punem
1665 5199 1700 5267 in
1733 5209 1850 5270 monus
1880 5220 1965 5270 sues

600 5317 747 5397 sanctos,
773 5317 794 5391 †
820 5321 854 5381 et
879 5310 1058 5401 benedixit,
1084 5321 1105 5394 †
1132 5312 1302 5403 etfregit,
1336 5310 1576 5405 †trediditque
1601 5314 1634 5383 in
1662 5334 1779 5385 munus
1805 5312 1964 5410 discipu-
