5150 6534
605 850 678 924 612
1111 854 1468 933 LITURGIA

601 1036 799 1129 mortalium,
826 1050 862 1112 ut
887 1064 961 1113 cum
988 1040 1140 1114 coetibus
1168 1042 1319 1114 omnibus
1340 1041 1536 1131 sublimium,
1563 1046 1728 1134 majestati
1754 1056 1831 1118 tuae
1859 1051 1975 1119 omni-

602 1151 664 1226 bus
693 1155 872 1229 dominanti
897 1156 1029 1229 laudem
1066 1168 1100 1229 et
1130 1157 1290 1228 honorem
1323 1159 1504 1246 referrent,
1545 1182 1620 1230 cum
1652 1160 1716 1233 illis
1752 1167 1807 1258 qui
1840 1185 1976 1258 semper

602 1292 716 1342 coram
743 1276 887 1343 maxima
915 1276 1088 1344 sanctitate
1114 1284 1170 1345 tua
1192 1273 1334 1367 jubilant
1356 1275 1398 1346 ad
1426 1273 1660 1348 celebrandam
1686 1275 1827 1370 gloriam
1855 1279 1974 1350 'l'rini-

601 1392 676 1458 tatis
705 1399 781 1460 tuae
814 1390 995 1481 gloriosae.
1049 1390 1177 1462 Canon.
1230 1390 1482 1479 VocileranteS,
1515 1391 1741 1482 glorificantes
1775 1395 1973 1468 indesinen-

600 1514 662 1592 ter,
690 1503 936 1600 clamantesque
970 1528 1053 1578 uuus
1080 1507 1121 1576 ad
1150 1507 1306 1593 alterurn,
1339 1506 1486 1578 dicentes
1520 1517 1553 1577 et
1586 1509 1841 1604 respondentes:
1876 1512 1972 1583 San-

600 1630 685 1709 ctuS,
712 1621 865 1693 Sanctus.

703 1736 878 1808 Sacerdos
916 1738 1000 1807 dicit
1036 1737 1125 1807 banc
1161 1737 1366 1807 Orationem.
1419 1737 1572 1810 Sanctus.
1617 1739 1770 1813 Sanctus.
1824 1743 1970 1816 Sanctus

598 1851 760 1925 Dominus
786 1863 915 1948 potens.

702 2127 877 2199 Sacerdos
900 2131 1121 2223 prosequitur
1147 2131 1253 2198 tacite
1279 2127 1369 2197 darec
1398 2128 1596 2200 Orationem
1623 2131 1863 2203 inclinationis.

701 2316 793 2388 Vere
819 2319 961 2390 Domine
988 2327 1123 2389 sanctus
1150 2339 1187 2387 es
1215 2326 1248 2387 et
1273 2317 1456 2388 laudandus
1484 2320 1517 2387 in
1545 2328 1723 2390 aeteruum.
1758 2320 1902 2393 Sanctus
1929 2345 1969 2395 es

594 2432 687 2504 Deus
714 2433 814 2505 Pater
840 2456 943 2505 verus
971 2434 1075 2521 solus,
1103 2444 1236 2504 sanctus
1264 2455 1396 2527 quoquc
1424 2442 1476 2504 est
1501 2434 1643 2529 Spiritus
1671 2446 1822 2508 sanctus:
1849 2449 1968 2510 natura

596 2549 728 2638 diviua,
764 2559 797 2619 et
829 2571 894 2620 non
926 2548 1028 2621 lacta:
1063 2551 1206 2620 omnium
1234 2549 1404 2635 eonditor,
1441 2552 1495 2643 qui
1522 2552 1734 2639 naturaliter,
1770 2562 1803 2622 et
1830 2559 1966 2626 omuino

595 2686 678 2735 vere
705 2674 838 2736 sanctus
868 2686 921 2736 es:
949 2674 983 2736 et
1009 2675 1157 2737 sanctum
1185 2686 1306 2735 nomeu
1334 2667 1417 2757 ejus,
1444 2675 1478 2735 et
1505 2676 1620 2736 sancta
1648 2667 1839 2740 inhabitatio
1874 2673 1967 2761 ejus:

596 2784 650 2874 qui
684 2784 781 2851 etiam
813 2803 897 2851 vore
933 2780 1116 2852 sanctificat
1155 2800 1271 2852 omnes
1314 2784 1509 2874 quicumque
1550 2780 1640 2873 digni
1682 2794 1755 2855 suut
1794 2789 1968 2882 suscipere

595 2897 714 2968 donum
742 2901 871 2988 gratiae
904 2901 985 2989 ejus.
1042 2896 1085 2968 Et
1118 2894 1293 2968 referimus
1330 2896 1386 2967 tibi
1421 2896 1572 2984 laudem,
1600 2896 1757 2989 gloriam,
1784 2904 1966 2992 gratiarum

593 3017 775 3102 actionem,
810 3025 844 3085 et
878 3013 1124 3100 adorationem,
1156 3013 1267 3099 Patri,
1304 3023 1337 3083 et
1368 3012 1453 3083 Filio
1490 3022 1524 3083 et
1549 3013 1685 3108 Spiritui
1712 3028 1845 3105 sancto,
1878 3040 1966 3088 nunc

595 3139 628 3200 et
655 3152 799 3223 semper,
827 3141 858 3202 et
886 3128 1079 3200 insaecula
1107 3113 1326 3199 saeculorum.
1366 3128 1556 3200 Adoramus
1583 3140 1617 3200 te
1643 3129 1797 3222 Domine,
1825 3143 1858 3203 et
1876 3155 1965 3225 gra-

594 3249 659 3316 tius
687 3251 816 3338 agimus
843 3247 914 3323 tibi,
942 3257 975 3316 et
1001 3243 1224 3337 glorificamus
1254 3255 1285 3314 te
1311 3254 1449 3339 propter
1476 3249 1584 3317 omnia
1612 3256 1666 3316 tua
1694 3246 1855 3318 beneficia
1883 3269 1967 3339 erga

592 3384 671 3433 nos:
700 3366 775 3455 quia
804 3365 926 3433 creasti
952 3384 1014 3431 nos
1043 3384 1088 3432 ex
1114 3360 1225 3447 nihilo,
1254 3360 1437 3453 dignosque
1463 3359 1570 3431 lecisti
1597 3383 1659 3433 nos
1684 3361 1813 3435 honore
1839 3387 1963 3456 magno

592 3476 753 3549 libertatis
780 3488 813 3548 et
840 3478 1093 3570 intelligentiae:
1122 3481 1175 3570 qui
1198 3487 1359 3571 perpetuo
1389 3487 1421 3546 et
1448 3498 1529 3568 erga
1557 3499 1821 3572 unumquemque
1849 3504 1964 3571 curam

591 3592 696 3664 babes
734 3594 988 3665 conseri-'audac
1020 3596 1112 3664 vitae
1143 3602 1289 3665 nostrae.
1345 3591 1467 3664 Coram
1507 3596 1637 3664 nomine
1671 3616 1793 3685 magno
1836 3605 1890 3665 tuo
1930 3607 1965 3668 ct

591 3710 763 3781 tremendo
790 3733 900 3802 genua
927 3709 1101 3794 llectimus,
1129 3718 1161 3778 ot
1180 3707 1377 3795 adoramus3
1404 3707 1642 3803 nobiscumque
1654 3709 1788 3781 laudaut
1815 3721 1848 3781 ot
1874 3734 1964 3802 gra-

590 3828 654 3895 tias
683 3838 785 3916 agunt
812 3834 927 3898 coctus
955 3846 1070 3896 omnes
1093 3822 1290 3907 sublimium,
1319 3823 1561 3918 quodpropter
1587 3828 1726 3915 gratiam
1755 3837 1843 3896 tuam
1870 3824 1964 3895 inef-

590 3938 724 4010 fabilem
753 3963 835 4032 erga
862 3963 925 4013 nos
952 3940 1113 4027 homiueS,
1141 3949 1174 4010 et
1199 3948 1339 4034 propter
1365 3951 1513 4011 nostrum
1541 3940 1699 4027 salutem,
1730 3944 1745 3977 ⁴
1771 3944 1963 4032 unigenitus

590 4056 684 4126 Deus
718 4056 885 4142 Verbum,
919 4079 993 4127 cum
1029 4059 1141 4147 imago
1172 4057 1236 4127 Dei
1270 4066 1376 4141 esset,
1410 4077 1477 4126 uon
1510 4059 1660 4149 rapinam
1692 4056 1870 4127 arbitratus
1908 4067 1963 4127 est

590 4194 669 4244 esse
702 4195 740 4244 se
774 4174 946 4267 aequalem
981 4172 1076 4259 Deo,
1112 4171 1172 4243 sed
1208 4194 1247 4244 sc
1274 4175 1381 4266 ipsum
1416 4174 1617 4259 exinanivit,
1653 4182 1686 4242 et
1718 4170 1962 4243 similitudinem

589 4292 682 4362 servi
709 4292 850 4384 accepit,
878 4287 1112 4381 descenditque
1140 4287 1182 4359 de
1209 4287 1317 4373 coelo,
1347 4287 1515 4381 induitque
1541 4286 1773 4359 humanitatem
1798 4297 1963 4377 nostram,

588 4427 712 4499 corpus
745 4404 885 4475 mortale
918 4415 951 4474 et
983 4407 1125 4474 animam
1151 4403 1368 4489 rationalem,
1402 4402 1638 4494 intelligentem
1672 4413 1705 4474 et
1739 4402 1962 4474 immortalem

588 4544 633 4592 ex
661 4521 801 4612 Virgine
833 4529 964 4605 sancta,
993 4542 1056 4614 per
1082 4521 1236 4590 virtutem
1269 4520 1411 4613 Spiritus
1443 4523 1565 4589 sancti:
1601 4528 1634 4588 et
1666 4540 1729 4613 por
1761 4516 1838 4588 illud
1871 4541 1960 4612 per-

585 4637 666 4706 lecit
692 4647 726 4706 ct
753 4634 933 4731 complevit
960 4657 1091 4705 omnem
1112 4634 1392 4727 dispensationem
1420 4634 1504 4704 hanc
1523 4657 1686 4725 magnam,
1715 4644 1748 4704 et
1773 4633 1960 4707 mirabilem

587 4775 672 4846 quae
700 4752 819 4823 dudum
846 4760 1045 4846 praeparata
1073 4760 1146 4821 erat
1177 4772 1239 4844 per
1273 4753 1528 4844 praescientiam
1563 4762 1649 4821 tuam
1682 4760 1757 4821 ante
1789 4754 1959 4821 coustitu-

585 4872 709 4938 tioueur
737 4866 856 4938 numdi.
902 4866 985 4937 Eam
1013 4888 1144 4960 quoque
1172 4865 1381 4959 complevisti
1407 4865 1615 4959 postmodum
1643 4866 1846 4961 temporibus
1873 4865 1957 4938 ulti-

586 4986 647 5053 mis
675 5006 736 5076 por
761 4983 880 5054 Filium
908 4993 996 5053 tuum
1023 4984 1222 5072 unigenitum
1250 4981 1424 5053 Dominum
1461 4991 1608 5052 nostrum
1635 4982 1748 5054 lesum
1777 4982 1955 5069 Christum,

585 5101 618 5168 iu
655 5122 720 5191 quo
754 5097 877 5169 habitat
912 5102 1018 5169 omnis
1053 5096 1221 5191 plenitudo
1260 5097 1439 5169 divinitatis
1473 5097 1709 5192 corporaliter:
1737 5100 1877 5194 ipseque
1904 5110 1957 5171 est

586 5225 686 5308 caput
719 5214 894 5284 Ecclesiae
930 5225 963 5285 ot
994 5215 1233 5308 primogenitus
1268 5235 1313 5284 ex
1341 5216 1495 5285 mortuis:
1533 5224 1566 5283 et
1599 5215 1672 5306 ipse
1708 5225 1759 5285 est
1791 5213 1955 5309 perfectio

586 5332 741 5419 omnium,
770 5354 789 5401 u
817 5351 882 5424 quo
910 5332 1020 5401 onmia
1047 5328 1268 5424 perficiuntur.
1320 5331 1398 5425 lpse
1423 5351 1485 5423 per
1511 5329 1667 5424 Spiritum
1695 5338 1884 5422 aeteruum,
1915 5351 1955 5403 sc
