5150 6534
834 869 1010 947 Ll'lURGlA
1042 869 1243 947 PHllOllllNl
1267 869 1437 949 tristent
1463 873 1709 952 llABllGllllSlS.
1843 903 1847 910 ·
1892 872 1963 948 301-

600 1067 602 1071 ’
698 1048 869 1149 Populos.
922 1056 1041 1127 Amen.
1169 1086 1197 1149 '.

707 1170 894 1241 Dimonas.
947 1169 1080 1243 Sumus
1107 1170 1274 1243 decenter.

709 1286 869 1378 Populus.
921 1285 1183 1359 Misericordiae.

709 1401 892 1473 Sacerdos.
934 1400 1079 1474 'Caritm
1105 1402 1170 1474 Dei
1199 1401 1318 1473 Patris.

709 1517 868 1609 Populus.
922 1516 1004 1590 Cum
1032 1521 1147 1612 spiritu
1174 1527 1239 1588 tuo.

708 1630 890 1704 Sacerdos.
944 1632 1084 1705 Sursum
1111 1631 1223 1703 corda.

707 1746 867 1839 Populus.
920 1745 1089 1819 Habemus
1118 1747 1159 1818 ad
1185 1750 1373 1821 Dominum.

708 1859 889 1934 Sacerdos.
945 1860 1076 1935 Gratias
1103 1885 1241 1955 agamus
1270 1862 1423 1935 Domino.

709 1977 869 2070 Populus.
922 1981 1067 2071 Dignum
1094 1988 1128 2050 et
1149 1981 1273 2070 justum
1300 1986 1361 2050 est.

709 2090 881 2165 Sacerdos
907 2094 1098 2165 inclinatos.
1151 2094 1294 2186 Dignum
1321 2104 1356 2165 et
1376 2097 1501 2185 justum
1527 2103 1593 2179 est,
1628 2105 1663 2165 ut
1696 2098 1785 2164 omni
1818 2092 1901 2166 hora
1933 2104 1966 2165 te

605 2207 781 2280 adoremus
809 2218 842 2280 et
867 2209 1049 2298 laudemus,
1075 2211 1186 2297 Pater,
1213 2208 1276 2280 Fili
1298 2218 1332 2280 et
1345 2208 1486 2303 Spiritus
1502 2218 1627 2295 sancte,
1655 2232 1738 2302 unus
1754 2210 1848 2281 Deus
1871 2233 1966 2282 vere.

708 2323 857 2394 Elcoooa
887 2348 1012 2397 uocem.
1087 2325 1138 2397 Te
1171 2325 1304 2398 laudant
1338 2325 1523 2413 coelestes,
1558 2323 1717 2414 Domine,
1753 2336 1786 2397 te
1821 2327 1970 2398 exaltant

603 2446 798 2511 terrestres:
828 2450 955 2513 turmae
982 2444 1079 2513 etiam
1106 2440 1293 2536 spirituales
1321 2461 1458 2534 quorum
1486 2442 1617 2531 agmina
1643 2443 1814 2512 innumera
1837 2464 1969 2536 suppu-

604 2556 667 2625 tari
685 2574 686 2584 ¹
701 2576 768 2626 uou
804 2567 961 2649 possunt,
994 2557 1035 2627 ad
1067 2560 1208 2628 invicem
1239 2578 1345 2628 voces
1380 2555 1608 2650 triumphales,
1644 2554 1707 2627 sihi
1740 2556 1967 2642 succedentes,

605 2691 680 2743 eam
698 2671 954 2742 exaltationibus
969 2673 1151 2766 praeclaris
1173 2672 1311 2744 ederunt
1330 2671 1514 2762 laudantes,
1540 2670 1733 2762 clamantes,
1760 2682 1793 2743 et
1811 2672 1968 2746 dicentes.

712 2787 870 2878 Populus.
923 2786 1084 2875 Sanctus,
1111 2788 1273 2874 sanctus,
1301 2787 1454 2859 Sanctus.

709 2900 883 2972 Socerdm
915 2902 1104 2973 inclinatus.
1165 2903 1307 2975 Sanctus
1340 2913 1373 2974 et
1407 2901 1588 2974 laudandus
1630 2924 1668 2974 es
1699 2903 1843 2976 Domino
1873 2904 1967 2979 Deus

606 3026 734 3104 noster,
762 3020 817 3111 qui
843 3019 958 3089 misisti
984 3016 1100 3088 Filium
1128 3029 1215 3090 turam
1242 3021 1275 3089 in
1302 3018 1468 3108 mundum,
1493 3022 1522 3090 is
1541 3028 1649 3089 autem
1672 3040 1793 3113 corpus
1814 3026 1969 3095 assumsit

609 3154 655 3203 ex
681 3131 820 3226 Virgine
846 3132 969 3219 Maria,
995 3132 1199 3228 perfecitque
1227 3134 1523 3229 dispensationem,
1550 3144 1584 3205 et
1609 3134 1753 3205 salvavit
1778 3135 1967 3228 figmentum

608 3269 713 3338 suum,
740 3248 781 3319 ah
808 3269 850 3319 eo
877 3247 963 3342 quod
992 3259 1063 3319 erat
1087 3236 1192 3334 Deus,
1220 3270 1285 3319 non
1313 3250 1486 3321 recedens

714 3364 863 3434 Eteonos
896 3386 1019 3434 uocem.
1072 3363 1199 3435 Volcns
1227 3374 1337 3436 autem
1362 3364 1532 3436 voluntate
1564 3385 1624 3435 sua
1652 3373 1791 3456 gustare
1815 3375 1968 3455 mortem,
2006 3367 2011 3372 ’

607 3500 669 3574 pro
695 3476 813 3566 uobis,
847 3488 879 3549 et
904 3479 1067 3573 perficere
1091 3479 1222 3552 Pascha
1248 3478 1378 3571 legale,
1419 3475 1434 3513 ²
1467 3484 1596 3573 accepit
1628 3502 1748 3576 panem
1785 3485 1817 3551 in
1850 3503 1966 3553 manus

608 3615 686 3666 suas
713 3603 862 3679 sanctas,
894 3602 927 3663 ct
954 3594 1101 3666 elevavit
1129 3595 1246 3667 oculos
1272 3618 1353 3669 suos
1389 3595 1430 3666 ad
1464 3605 1498 3666 te
1523 3596 1631 3668 Deum
1655 3596 1807 3667 Patrem:
1839 3599 1966 3687 gratias

608 3710 686 3801 egit,
711 3717 732 3791 †
758 3708 939 3796 benedixit,
966 3717 987 3791 †
1012 3710 1238 3798 sanctificavit,
1265 3709 1414 3804 †iregit,
1441 3721 1474 3782 et
1499 3710 1588 3782 dedit
1604 3711 1710 3782 ordini
1727 3711 1965 3807 Apostolorum

610 3836 811 3911 sauctorum,
838 3835 872 3895 ct
898 3823 988 3897 dixit.
1040 3825 1113 3897 Hoc
1140 3836 1192 3897 cst
1218 3849 1340 3921 corpus
1367 3849 1475 3897 meum
1502 3826 1590 3920 quod
1616 3850 1678 3921 pro
1707 3827 1806 3900 vobis
1839 3837 1873 3897 et
1904 3850 1966 3923 pro

608 3938 715 4011 multis
740 3939 921 4032 frangitur,
957 3950 990 4011 et
1016 3940 1187 4032 dividitur,
1221 3944 1255 4012 in
1286 3944 1517 4014 remissionem
1542 3953 1773 4037 peccatorum,
1808 3949 1841 4013 et
1866 3945 1967 4012 vitam

608 4064 785 4126 aeternam.

711 4171 870 4263 Populus.
923 4171 1040 4241 Amen.

710 4283 892 4357 Soandos.
943 4284 1098 4357 Similiter
1125 4295 1158 4356 et
1185 4285 1321 4357 calicem
1348 4289 1429 4358 vino
1455 4296 1489 4357 et
1514 4309 1600 4380 aqua
1627 4289 1767 4376 miscuit,
1793 4294 1814 4369 †
1837 4293 1965 4380 gratiam

611 4403 692 4491 egit,
718 4408 739 4484 †
759 4401 940 4490 benedixit,
967 4409 988 4484 †
1009 4402 1238 4491 sanctificavit,
1265 4412 1299 4473 et
1320 4402 1407 4473 dedit
1428 4411 1554 4472 mamae
1568 4401 1806 4497 Apostolorum
1823 4412 1966 4474 sancto-

607 4536 692 4605 rum,
719 4527 753 4588 et
778 4517 875 4589 dixit:
902 4519 1076 4612 Accipite,
1110 4518 1214 4590 bibite
1247 4541 1292 4589 ex
1323 4540 1366 4589 eo
1392 4539 1456 4590 vos
1484 4538 1608 4589 omues.
1661 4520 1724 4591 llic
1750 4529 1802 4590 est
1828 4521 1965 4609 sanguis

606 4651 714 4721 meus,
741 4637 795 4727 qai
821 4655 883 4728 pro
911 4633 1009 4705 vobis
1036 4643 1069 4704 et
1094 4656 1156 4728 pro
1184 4634 1292 4705 multis
1319 4632 1501 4720 effunditur,
1526 4635 1559 4702 in
1584 4637 1813 4707 remissionem
1832 4654 1963 4728 pecea-

607 4756 716 4817 torum
743 4757 777 4817 et
801 4751 903 4819 uitam
932 4758 1108 4820 aeternam.
1629 4764 1632 4769 ·

712 4860 872 4954 Populos.
924 4865 1044 4936 Amen.

712 4975 895 5049 Sacerdos.
939 4979 1012 5050 Hoc
1040 4981 1136 5050 etiam
1161 4979 1342 5073 praecepit,
1369 4986 1402 5048 et
1429 4975 1598 5049 admonuit
1623 4997 1699 5048 eos:
1727 4976 1965 5062 Quotiescum-

608 5114 673 5186 que
699 5096 857 5188 mystcria
883 5094 966 5165 haec
992 5092 1218 5181 celebrabitis,
1251 5092 1292 5163 ad
1323 5101 1461 5165 mortem
1494 5096 1829 5166 etrcsurrectionem
1856 5115 1964 5166 meam

606 5210 928 5281 commemorandam
955 5208 1095 5294 iacietis,
1125 5208 1231 5281 donee
1256 5209 1399 5280 veniam

710 5324 869 5419 Populus.
921 5325 1039 5400 Mortis
1066 5336 1150 5397 tuae.

1607 5392 1610 5398 ⁵
1681 5443 1768 5516 41*
