5150 6534
600 827 676 904 246
804 880 806 884 .
1098 839 1453 920 LITURGIA

701 1017 861 1111 Populus.
912 1024 1030 1096 Amen.
1083 1061 1085 1068 ι

700 1131 882 1207 Sacerdos.
934 1141 978 1212 Et
1003 1145 1132 1214 mistum
1159 1142 1246 1236 quod
1273 1147 1383 1216 estin
1418 1144 1481 1217 boc
1516 1147 1640 1237 calice,
1672 1153 1808 1240 sanguis
1835 1151 1958 1227 Christi

597 1262 662 1333 Dei
687 1267 803 1350 nostri,
831 1264 888 1335 fiat
912 1260 1153 1359 propitiatorius
1181 1257 1375 1332 delictorum
1401 1273 1435 1333 et
1460 1274 1672 1358 peccatorum
1701 1288 1787 1360 quac
1813 1271 1958 1339 commi-

598 1381 718 1451 simus:
752 1384 887 1471 sanguis
922 1376 1095 1451 vivificans
1132 1377 1350 1469 suspicientes
1381 1376 1486 1464 illum,
1517 1383 1585 1451 vita
1618 1403 1709 1453 nova
1740 1381 1957 1474 indeficienti3

473 1477 478 1490 ¹
597 1499 733 1586 sanguis
761 1495 905 1586 dirigens
933 1495 974 1567 ad
1000 1502 1114 1589 portus
1141 1490 1353 1584 tranquillos,
1380 1503 1414 1563 et
1432 1491 1618 1567 habitacula
1636 1495 1719 1569 lucis
1738 1510 1956 1594 praeparata:

598 1610 639 1681 ad
665 1613 910 1683 innovationem
938 1614 1116 1683 animarum
1144 1628 1387 1702 corporumque
1404 1620 1605 1699 nostrorum,
1631 1612 1672 1683 ad
1690 1614 1956 1686 emundationem

597 1725 639 1796 ab
667 1726 816 1799 omnibus
844 1728 996 1801 sordibus
1023 1727 1132 1796 carnis
1159 1733 1193 1794 et
1218 1727 1364 1818 spiritus
1395 1723 1436 1796 ad
1463 1731 1768 1820 praeservationem
1795 1729 1838 1803 ab
1866 1731 1957 1802 omni

597 1847 791 1936 operatione
817 1844 951 1936 maligni
977 1842 1081 1914 hostis
1106 1843 1211 1910 nostri
1237 1850 1271 1910 et
1297 1840 1339 1911 ad
1365 1844 1468 1912 vitam
1495 1852 1675 1915 aeternam.

699 1958 858 2051 Populos.
910 1962 1028 2030 Amen.

698 2075 881 2147 Sacerdos.
927 2076 978 2146 Da
1005 2084 1039 2144 et
1065 2070 1212 2167 concede
1238 2069 1335 2143 nobis
1361 2095 1422 2168 per
1447 2076 1676 2146 miserationes
1703 2086 1775 2148 tuas
1802 2098 1953 2168 magnas,
2003 2056 2007 2071 ’

595 2190 746 2279 Domine,
773 2201 807 2262 ιιι
833 2189 1002 2262 animabus
1027 2188 1082 2260 ille
1108 2185 1370 2282 corporibusque
1396 2191 1518 2261 uostris
1545 2193 1752 2278 commistus,
1778 2195 1886 2284 prosit
1911 2192 1954 2265 ad

594 2310 856 2403 propitiationem
885 2305 1094 2390 delictorum,
1127 2306 1358 2375 remissionem
1384 2315 1613 2400 peccatorum,
1646 2303 1954 2402 abstersionemque

595 2426 737 2494 omnium
764 2425 1030 2518 perversitatum
1057 2419 1099 2490 ad
1125 2419 1259 2492 delicias
1287 2442 1373 2513 quae
1399 2443 1473 2492 cum
1500 2425 1622 2493 sanctis
1650 2426 1713 2493 tuis
1740 2434 1835 2511 sunt,
1863 2446 1954 2496 cou-

555 2627 557 2631 Α
594 2538 793 2634 sequendas,
821 2549 854 2609 et
879 2537 922 2608 ad
947 2541 1048 2608 vitam
1076 2547 1253 2608 aeternam.
1460 2537 1619 2630 Populus.
1670 2541 1789 2611 Amen.

695 2654 868 2725 Sacerdos
893 2653 1081 2723 inclinatus.
1135 2650 1310 2722 Offerimus
1336 2673 1448 2722 eoram
1475 2663 1520 2741 te,
1550 2652 1703 2742 Domine,
1729 2654 1822 2726 Deus
1849 2653 1953 2728 obla-

595 2774 716 2844 tionem
742 2769 825 2840 hanc
851 2791 966 2865 puram
994 2776 1027 2838 et
1053 2778 1211 2854 sanctam,
1238 2789 1300 2863 pro
1327 2765 1481 2839 Ecclesia
1509 2779 1562 2839 tua
1579 2768 1762 2859 Callaico,
1789 2782 1822 2843 ct
1847 2774 1952 2866 Apo·-

594 2887 731 2975 stolica,
770 2908 866 2980 quam
902 2886 1125 2979 acquisivisti,
1164 2905 1249 2977 quae
1284 2886 1317 2953 in
1354 2893 1407 2954 tua
1442 2908 1503 2979 spe
1537 2888 1706 2972 consistit,
1742 2896 1776 2958 et
1810 2910 1952 2979 regnum

591 3014 680 3073 tnum
708 3013 881 3098 expectat:
909 3013 943 3072 ut
968 3023 1029 3096 per
1055 3021 1188 3070 crucem
1214 3008 1302 3069 tuam
1328 2999 1504 3070 salutarem
1531 3012 1759 3092 conservetur,
1786 3012 1819 3073 et
1838 3001 1952 3075 bena-

593 3118 727 3190 dicatur.
790 3117 969 3210 Congrega
1003 3116 1087 3187 lilios
1121 3119 1213 3207 ejuS,
1252 3117 1286 3185 in
1318 3138 1415 3185 unam
1448 3115 1678 3205 concordiam,
1711 3120 1880 3189 caritatem
1917 3130 1952 3191 et

591 3234 688 3306 fidem
715 3237 746 3305 in
775 3245 815 3305 te.
868 3233 1053 3320 Memento,
1079 3230 1239 3318 Domine,
1272 3229 1509 3303 venerabilium
1544 3231 1786 3328 Episcoporum
1821 3233 1950 3308 0rtbo-

592 3351 776 3432 doxorum,
803 3346 1015 3421 Patriarchae
1041 3349 1147 3419 nostri
1173 3347 1305 3418 Domini
1331 3346 1372 3418 N.
1400 3357 1434 3418 et
1459 3348 1590 3419 Domini
1615 3348 1656 3420 N.
1683 3360 1717 3420 et
1748 3349 1949 3444 reliquorum

592 3471 733 3538 omnium
764 3465 1006 3560 Episcoporum
1039 3461 1319 3536 Orthodoxorum.
1377 3463 1472 3534 Doce
1506 3463 1580 3535 illos
1615 3464 1755 3537 verbum
1788 3467 1949 3553 veritatis,

591 3582 678 3675 quod
711 3590 801 3651 recte
841 3579 1046 3674 dispensent:
1082 3588 1116 3648 et
1147 3587 1285 3673 pascant
1317 3599 1457 3669 gregem
1492 3589 1597 3666 tuum,
1631 3579 1693 3650 illis
1729 3603 1748 3650 a
1780 3592 1814 3652 tc
1848 3603 1947 3652 com-

589 3696 790 3780 mendatum,
818 3698 873 3790 pic
899 3706 932 3766 et
959 3705 1083 3766 sancte.
1135 3693 1187 3764 Da
1221 3693 1282 3764 illis
1300 3684 1475 3784 Domine,
1511 3705 1714 3766 senectutem
1747 3694 1948 3788 longaevam
1991 3706 1999 3714 '

589 3815 624 3882 in
649 3810 823 3907 praeclara
850 3808 1110 3901 gubernatione,
1136 3821 1170 3880 ιιι
1195 3808 1366 3904 perficiant
1390 3810 1593 3883 voluntatem
1620 3824 1716 3883 tuam.
1768 3813 1947 3900 lllemento,

589 3928 749 4013 Domine,
775 3925 993 3998 sacerdotum
1018 3925 1304 4012 venerandorum,
1330 3925 1553 3998 Diaconorum
1580 3927 1825 4017 modestorum,
1852 3927 1947 4001 Sub-

591 4044 803 4115 diaconorum
830 4052 1013 4130 castorum,
1041 4045 1214 4136 omnisque
1239 4040 1464 4137 plenitudinis,
1492 4052 1526 4113 et
1552 4043 1683 4114 Ordinis
1708 4043 1974 4122 Ecclesiastici..

588 4159 642 4230 Da
668 4158 752 4243 iltis,
777 4159 937 4246 Domine,
965 4161 1119 4230 virtutem
1147 4157 1189 4229 ad
1215 4157 1433 4228 resistendum
1461 4158 1622 4232 adversus
1649 4181 1764 4231 omnes
1797 4161 1947 4250 insidias,

590 4282 623 4343 et
650 4283 738 4344 artes
766 4273 904 4360 diaboli,
931 4285 965 4344 el
991 4274 1096 4366 dirige
1122 4273 1198 4346 illos
1225 4273 1268 4344 ad
1294 4296 1392 4345 omne
1425 4295 1509 4369 opus
1545 4275 1631 4368 quod
1668 4275 1782 4347 Ordini
1816 4275 1947 4348 illorum

589 4393 774 4462 conveniat.
828 4391 995 4462 Memento
1022 4394 1140 4475 etiam,
1167 4390 1325 4476 Domine,
1351 4389 1544 4463 infirmitatis
1572 4395 1701 4463 animae
1726 4413 1823 4462 meae
1849 4414 1946 4464 mor-

588 4501 705 4596 bidae,
732 4529 839 4601 neque
866 4516 1000 4579 avertas
1026 4506 1147 4578 faciem
1173 4517 1279 4594 tuam,
1307 4516 1363 4577 aut
1388 4507 1556 4598 elongeris
1583 4529 1603 4576 a
1628 4529 1692 4578 me.
1743 4505 1788 4578 Et
1814 4508 1945 4601 quando

588 4620 717 4714 quidem
745 4643 806 4717 pro
833 4621 943 4693 ultima
971 4620 1026 4692 illa
1052 4632 1265 4716 peccatorum
1291 4624 1486 4693 remissione
1513 4632 1545 4693 te
1572 4621 1749 4718 deprecor,
1775 4646 1841 4695 non
1862 4627 1946 4696 sicut

587 4758 703 4810 emaus
731 4747 786 4809 aut
812 4741 980 4832 projectus
1008 4761 1027 4808 a
1055 4748 1109 4808 tua
1134 4740 1323 4832 praesentia
1351 4741 1431 4823 sim;
1459 4738 1519 4810 sed
1536 4737 1591 4810 lac
1617 4761 1744 4810 mecum
1764 4738 1944 4811 secundum

586 4853 844 4925 misericordiam
872 4862 978 4940 tuam3
1005 4852 1127 4944 adjuva
1153 4852 1369 4925 infirmitatem
1395 4877 1516 4944 meam,
1540 4876 1648 4947 neque
1666 4876 1847 4927 recenseas
1866 4854 1945 4926 mibi

586 4970 789 5063 insipientias
816 4990 916 5039 meas.
969 4968 1158 5056 Memento,
1184 4967 1343 5059 Domine,
1377 4968 1525 5062 Regum,
1561 4981 1595 5042 et
1629 4968 1849 5055 subditorum,
1889 4975 1944 5065 qui

587 5084 618 5153 in
644 5107 766 5156 nomen
792 5095 880 5156 tuum
907 5083 1132 5173 erediderunt,
1158 5084 1285 5156 illorum
1313 5089 1409 5157 etiam
1437 5089 1492 5180 qui
1518 5085 1631 5175 bellis,
1664 5090 1782 5181 pugnis
1818 5099 1851 5160 et
1875 5111 1944 5183 pe·

587 5199 699 5271 riculis
726 5199 960 5273 conflictantur.
1011 5199 1133 5272 Libera
1160 5211 1193 5272 et
1218 5224 1400 5295 praeserva
1416 5223 1495 5289 nos,
1521 5202 1675 5292 Domine,
1702 5201 1836 5291 afame,
1862 5201 1943 5275 bel-

585 5313 645 5407 lis,
671 5315 913 5412 captivitatibus
941 5325 975 5387 et
1000 5315 1158 5390 allusione
1184 5321 1353 5410 sanguinis
1376 5320 1466 5410 justi,
1493 5327 1527 5390 et
1552 5341 1572 5389 a
1598 5318 1855 5415 depraedatione
1880 5341 1943 5415 per
