5150 6534
969 860 1022 936 lli
1054 860 1349 937 titinnius
1382 858 1663 939 SYRIACAS.
1931 863 2005 938 tte

633 1033 741 1125 τούτῳ
768 1039 815 1124 τῷ
840 1030 1094 1128 λειτουργήματι
1121 1038 1479 1129 προηιηρεπισθέντος,
1515 1035 1565 1115 εἷς
1597 1032 1637 1105 τὸ
1666 1036 1775 1123 στόμα
1803 1034 2007 1128 ἐμβάλλεται

632 1142 702 1215 τοῖς
724 1139 858 1214 ioiiroic.
901 1142 967 1204 Eoc
988 1149 1088 1203 omen
1111 1143 1242 1214 (scilicet
1264 1143 1480 1204 communionis
1503 1141 1690 1220 distributio)
1712 1147 1795 1224 opud
1814 1165 1872 1209 nos
1893 1145 2006 1209 Orina-

634 1243 711 1303 tales
727 1241 894 1320 praeclaro
917 1242 1023 1302 ordine
1042 1242 1085 1319 iit,
1108 1241 1192 1320 opnd
1217 1259 1293 1320 ortos
1321 1239 1511 1302 'Sacerdotes
1539 1259 1607 1302 cnm
1629 1242 1791 1322 Pontifici,
1821 1245 1870 1305 cel
1897 1263 1933 1306 eo
1955 1246 2008 1325 qni

634 1341 732 1402 locam
752 1340 849 1417 ipsim
871 1345 958 1413 tenet,
979 1341 1112 1419 inpressi
1132 1339 1175 1400 od
1196 1339 1305 1414 altore,
1327 1342 1402 1413 sice,
1424 1340 1505 1419 qatod
1520 1341 1600 1401 idem
1622 1348 1677 1415 cst,
1699 1345 1919 1419 sanemarium,
1941 1345 2006 1406 aior

634 1456 758 1499 muna
779 1434 885 1514 Remo,
912 1438 1014 1498 roci-is
1043 1439 1148 1498 antimi
1174 1437 1323 1514 condas,
1354 1438 1425 1498 dnm
1454 1456 1547 1505 sacro
1569 1441 1736 1501 ministerio
1764 1441 1841 1503 dont
1869 1460 2006 1522 operam

631 1536 783 1616 porrectis
803 1534 943 1596 monibus
964 1537 1117 1615 occipiunt
1139 1553 1250 1614 comis
1272 1535 1396 1611 Christi,
1419 1536 1528 1597 deinde
1554 1536 1646 1598 labro
1667 1556 1760 1599 sacro
1781 1541 1873 1601 culici
1895 1542 2006 1602 αάηιο-

633 1641 748 1709 ceram,
771 1636 947 1713 coamentem
968 1634 1130 1696 haurient:
1156 1634 1213 1694 aed
1238 1635 1316 1696 baec
1337 1634 1425 1695 ornbo
1448 1637 1624 1713 conjuncto,
1654 1637 1847 1701 instrumento
1875 1640 2006 1718 quodem

634 1732 679 1792 ad
704 1732 762 1793 hoc
790 1735 997 1808 ministeriam,
1020 1734 1165 1794 concinne
1191 1734 1431 1810 accommodato,
1455 1732 1561 1794 Laicis
1582 1736 1615 1795 in
1636 1751 1672 1795 os
1693 1737 1877 1814 incernatur.
1923 1737 2004 1799 llaec

634 1828 787 1909 lieletius,
811 1826 861 1910 qui
883 1830 955 1892 nihil
977 1829 1068 1892 habet
1091 1830 1171 1909 quod
1194 1829 1318 1893 Graecis
1334 1829 1596 1912 Orientalibusque
1618 1831 1762 1913 Liturgiis
1785 1842 1815 1896 et
1838 1834 2004 1899 Ritualihns

634 1944 697 1990 non
719 1929 921 1993 confirmetur.

723 2026 769 2089 De
791 2028 843 2091 illo
866 2029 926 2092 ritu
948 2027 1169 2091 Sacramentum
1200 2026 1407 2104 distribuendi,
1429 2046 1469 2089 ne
1492 2027 1617 2089 verbnm
1647 2028 1766 2107 quidem
1789 2045 1805 2088 a
1828 2030 2005 2095 Protestan-
2052 2022 2091 2077 ⁰⁰
2115 2040 2148 2077 ⁰⁰
2166 2026 2216 2076 ritu
2235 2023 2294 2076 Pr⁰¹

635 2125 726 2203 tibus,
749 2127 781 2187 in
802 2134 848 2189 tot
869 2127 909 2189 de
931 2126 1147 2190 Communione
1170 2125 1225 2188 sub
1249 2134 1377 2205 utraque
1398 2125 1502 2204 specie
1525 2128 1745 2188 commentariis
1768 2126 1834 2189 heri
1856 2110 2261 2205 νῑι1ειιιιιε,·“·”““’ΜΘΗ11η

636 2225 706 2304 quia
735 2225 851 2288 scilicet
876 2225 1013 2287 ritualem
1042 2225 1130 2286 illam·
1149 2224 1321 2297 materiam,
1360 2225 1448 2284 etiam
1478 2223 1641 2288 doctissimi
1670 2227 1748 2287 inter
1781 2225 1848 2286 illos
1876 2242 2004 2304 prorsus

635 2323 865 2404 ignoraverunt.
909 2325 1059 2400 Attamen,
1090 2330 1122 2383 ut
1151 2322 1220 2385 alibi
1250 2322 1345 2384 insius
1374 2322 1578 2396 ostendimus,
1607 2323 1683 2386 haec
1714 2323 1870 2404 disciplina
1899 2343 2004 2387 omnes

635 2420 755 2484 illorum
777 2422 816 2484 de
838 2422 942 2484 caliois
964 2422 1085 2484 bibendi
1107 2423 1288 2485 necessitate
1310 2423 1584 2502 argumentationes
1608 2420 1738 2485 funditus
1761 2423 1883 2485 evertit:
1906 2442 2005 2504 neque

636 2521 716 2581 enim
740 2519 863 2582 calicem
885 2520 989 2582 bibere
1012 2520 1182 2582 censendus
1205 2527 1267 2596 est,
1296 2521 1345 2599 qui
1375 2519 1523 2582 minimam
1551 2520 1727 2599 particulam
1754 2522 1908 2583 intinctam
1936 2524 2005 2584 vino
2035 2534 2106 2587 Bona
2124 2537 2218 2587 mrum
2235 2537 2294 2589 tica

637 2626 829 2696 consecrato,
853 2621 961 2699 accipit
983 2621 1012 2681 in
1027 2620 1195 2681 eochleari.
1241 2618 1313 2679 lnde
1342 2617 1461 2694 iactum,
1483 2627 1517 2680 ut
1538 2620 1644 2695 etiam,
1674 2638 1742 2683 cum
1768 2622 1847 2684 inter
1871 2620 2035 2684 Cothon-t
2053 2624 2079 2672 2·
2099 2639 2120 2670 ⁶·
2141 2622 2183 2675 18.

637 2734 703 2793 cos,
726 2717 807 2797 qnod
830 2718 989 2799 aliquando
1014 2718 1151 2799 contigit,
1174 2717 1212 2779 de
1240 2718 1364 2779 intincta
1396 2718 1604 2780 communione
1627 2718 1766 2782 diversae
1789 2718 1909 2781 inerunt
1930 2739 2006 2783 sen-

636 2817 768 2879 tcntiaea
790 2818 898 2897 quibus
921 2818 970 2879 illa
993 2835 1053 2879 non
1076 2817 1148 2878 satis
1171 2815 1367 2896 probabatur,
1390 2815 1499 2878 eodem
1526 2826 1703 2898 argumento
1725 2826 1910 2899 pugnarent;
1938 2838 2005 2882 cum

637 2915 679 2975 ita
700 2915 823 2978 calicem
846 2915 965 2978 Domini
994 2915 1054 2977 hibi
1082 2921 1240 2995 negarent
1285 2913 1521 2976 Consentiebanl
1545 2923 1661 2995 tamen,
1690 2918 1720 2979 in
1748 2925 1874 2998 utraque
1901 2920 2005 2999 specie

639 3029 749 3093 corpus
772 3021 802 3077 et
825 3016 1004 3096 sanguinem
1017 3012 1129 3075 Christi
1150 3031 1224 3074 vere
1248 3013 1410 3074 contineri:
1433 3030 1533 3093 neque
1555 3021 1668 3076 tantum
1691 3015 1786 3079 dere
1808 3019 1884 3098 ipsa,
1908 3035 2006 3097 quan-

638 3118 699 3172 tmn
721 3112 759 3174 de
782 3113 995 3175 caeremoniali
1018 3118 1182 3192 praecepto
1205 3111 1356 3172 contentio
1379 3111 1547 3174 interillos
1571 3121 1643 3175 erat.
1679 3113 1784 3175 Nullus
1807 3116 1885 3176 enirn
1907 3133 2006 3198 nega-

638 3210 689 3272 bat
711 3212 833 3273 intincta
856 3212 1066 3273 communione
1077 3210 1173 3288 accipi
1184 3226 1290 3270 verum
1307 3226 1418 3289 corpus
1433 3209 1554 3283 Christi,
1578 3211 1632 3272 sed
1647 3211 1703 3272 rite
1718 3211 1747 3273 id
1771 3212 1836 3273 lieri
1858 3213 2005 3293 aliquibus

638 3326 698 3370 non
721 3308 888 3385 videbatur,
912 3310 980 3389 quia
1004 3327 1043 3372 ex
1066 3308 1199 3369 instituto
1227 3305 1346 3369 Christi·
1368 3307 1446 3368 calix
1475 3326 1512 3369 eo
1543 3308 1631 3371 modo
1660 3309 1723 3371 bibi
1750 3328 1810 3371 non
1837 3311 2004 3374 videbatur.

638 3408 845 3470 Protestantes
867 3426 943 3470 vero
965 3415 1078 3489 negant
1101 3424 1213 3485 corpus
1235 3413 1285 3471 aut
1308 3406 1484 3487 sanguinem
1496 3409 1621 3487 suscipi,
1644 3409 1701 3470 nisi
1724 3410 1810 3487 panis
1834 3408 1951 3487 edatur,
1975 3418 2006 3473 et

639 3507 718 3569 calix
741 3507 868 3585 bibatur,
892 3507 972 3587 quod
986 3506 1188 3569 Orientalibus
1211 3522 1361 3585 nunquam
1383 3505 1413 3566 in
1429 3508 1662 3584 mentemvenit,
1686 3515 1718 3568 ut
1740 3527 1780 3568 ex
1802 3514 1864 3569 tota
1888 3509 2005 3571 illorum

639 3605 795 3686 disciplina
818 3604 1004 3668 manifestum
1028 3613 1084 3668 est.
1136 3605 1202 3666 Non
1233 3606 1326 3684 igitur
1352 3604 1430 3664 illam
1462 3621 1479 3665 a
1510 3604 1615 3667 Latina
1647 3606 1784 3670 Ecclesia
1813 3614 2006 3687 acceperunt,

639 3724 718 3785 quae
740 3705 837 3768 simile
859 3705 930 3767 nibil
954 3706 1106 3780 observat,
1130 3722 1228 3784 nequo
1250 3703 1393 3783 Episcopi
1423 3712 1472 3764 aut
1496 3704 1694 3781 Sacerdotes,
1722 3705 1761 3767 de
1782 3706 1881 3768 Laicis
1912 3706 2006 3767 calice

639 3801 850 3865 defraudandis
872 3821 1001 3884 unquam
1025 3805 1248 3884 cogitaverunt:
1272 3819 1371 3882 neque
1389 3799 1471 3863 Laiei
1496 3802 1533 3863 de
1557 3804 1661 3885 iniuria
1685 3812 1788 3866 contra
1812 3812 2007 3885 praeceptum

639 3901 750 3984 Christi
773 3901 830 3963 sibi
852 3901 931 3963 iacta
954 3904 1052 3983 questi
1076 3909 1155 3978 sunt,
1179 3920 1245 3962 cum
1268 3920 1308 3962 ex
1331 3902 1424 3962 certis
1445 3902 1623 3962 testimoniis
1647 3909 1764 3963 constet
1787 3920 1842 3964 cos
1865 3920 1925 3964 non
1947 3901 2006 3963 du-

639 4000 764 4087 bitasse,
790 4002 860 4079 quin
883 4002 972 4062 etiam
994 4002 1024 4063 in
1047 4001 1165 4061 minima
1182 4000 1453 4079 particulaenrpus
1476 4006 1508 4060 et
1529 4002 1652 4079 sanguis
1676 3999 1787 4062 Christi
1810 4002 2007 4062 contineren-

639 4108 699 4175 tur,
721 4107 755 4160 ut
775 4116 850 4178 prae
872 4098 937 4161 aliis
961 4107 1104 4161 accurate
1134 4099 1297 4179 explicavit
1319 4097 1552 4172 Echmimeusis,
1583 4106 1613 4159 et
1634 4099 1775 4179 reliquis,
1804 4101 1911 4179 quibus
1935 4117 2007 4161 cura

638 4196 783 4279 religiosa
810 4197 847 4259 ad
877 4197 1095 4261 Eucharistiam
1125 4196 1378 4272 distribuendam,
1407 4213 1504 4276 nsque
1536 4196 1574 4256 ad
1607 4198 1739 4259 minimas
1770 4200 2006 4260 circumstantias
2102 4245 2104 4248 .

640 4295 846 4358 commendata
869 4303 924 4357 est.

727 4394 760 4456 ln
788 4393 1009 4457 Commentario
1039 4394 1075 4455 od
1107 4394 1275 4476 liturgiam
1308 4394 1408 4455 Basilii
1437 4391 1592 4473 Copticam
1620 4413 1660 4455 cx
1690 4395 1822 4474 Syriacis
1852 4394 2006 4457 autoribus
2073 4392 2271 4446 observationes

640 4492 784 4554 nonnulla
813 4493 987 4570 retulimus,
1023 4500 1056 4554 ut
1086 4492 1260 4573 disciplinae
1288 4492 1452 4555 eoncordia
1482 4494 1577 4573 magis
1608 4492 1805 4555 elucesceret.
1853 4492 2007 4566 Quaedam
2021 4480 2143 4543 syrorum
2161 4478 2294 4546 diciplina

639 4599 741 4653 tamen
762 4589 820 4654 boc
843 4591 911 4654 loeo
933 4600 1085 4673 repetere,
1108 4609 1169 4653 non
1192 4591 1295 4653 inutile
1323 4599 1380 4667 est,
1403 4609 1469 4652 cum
1492 4590 1529 4652 ad
1551 4590 1717 4653 Ecclesiam
1748 4591 1901 4672 Syriacam
1930 4608 2007 4671 pro-

639 4690 708 4771 prie
737 4696 884 4770 spectent
935 4689 1179 4770 Antiquissimum
1208 4689 1351 4752 habemus
1382 4707 1421 4750 ex
1450 4690 1528 4750 illius
1555 4689 1769 4751 Nomoeanone
1796 4690 2007 4764 testimonium,

640 4787 710 4849 libri
733 4788 783 4867 qui
805 4786 945 4848 Hoodoio
967 4788 1144 4868 appellatur,
1167 4789 1224 4849 hoc
1247 4795 1305 4865 est,
1329 4787 1466 4869 ntvulgo
1482 4788 1653 4867 loquuntur,
1675 4786 1889 4863 Directorinm,
1913 4786 2008 4847 disci-

641 4885 741 4965 plinae
763 4887 954 4964 vetustioris,
985 4889 1150 4950 secundum
1178 4906 1265 4968 quom
1289 4889 1336 4949 ita
1365 4886 1590 4967 praescribitur.
1640 4885 1803 4963 Postonom
1829 4891 2010 4961 occeperunt

641 4982 826 5046 smitam
847 5003 958 5064 coepas
980 4984 1102 5061 Chnsti,
1124 4987 1169 5047 illi
1188 4988 1314 5048 calicem
1327 4986 1437 5061 bibent,
1459 4984 1712 5063 mMmaeincicem
1733 4981 1892 5043 bibendam
1909 5000 2009 5062 prae-

643 5080 762 5156 bebant,
787 5091 896 5161 posteo
923 5084 1142 5147 soecnlaribns.
1198 5085 1314 5165 Nempe
1344 5092 1415 5144 tune
1449 5084 1561 5166 ubique
1590 5097 1652 5142 non
1681 5081 1777 5142 minus
1805 5082 1836 5142 in
1863 5080 2009 5143 Ecclesiis

644 5175 847 5243 Orientalibus
870 5199 958 5261 mam
981 5182 1011 5242 in
1033 5181 1150 5258 Latina,
1172 5182 1251 5244 calix
1281 5182 1417 5245 omnibus
1438 5179 1652 5262 praebebatur,
1674 5177 1755 5239 unde
1776 5178 1922 5258 sequimr,
1945 5179 2010 5241 So-

643 5277 760 5339 ccrdoti
779 5297 840 5340 non
862 5281 933 5341 licet
952 5280 1066 5360 absque
1087 5281 1184 5343 colim
1213 5299 1326 5360 corpas
1347 5287 1483 5342 concham
1504 5278 1655 5340 tribuere:
1685 5277 1741 5338 sed
1766 5277 1796 5338 si
1813 5278 1883 5355 fieri
1900 5285 2010 5357 potest,
