5150 6534
811 847 1701 927 nodronuusunerctuu.
1891 851 1967 925 417

600 1038 768 1109 orationes
795 1047 829 1107 et
855 1037 1106 1133 deprecationes
1132 1047 1265 1109 nostras
1293 1060 1408 1110 coram
1434 1048 1468 1108 te
1495 1035 1685 1130 effudimus,
1718 1047 1753 1108 ut
1786 1063 1859 1111 cum
1887 1039 1968 1110 illu-

593 1154 760 1228 stratioue
786 1156 961 1242 mentium,
988 1156 1171 1226 animorum
1197 1154 1356 1248 puritate,
1384 1163 1418 1223 et
1443 1151 1565 1245 linguis
1598 1154 1753 1241 canoris,
1788 1153 1968 1226 clamemus

601 1266 644 1339 ad
670 1278 720 1354 te,
748 1289 883 1339 oremus
911 1278 944 1339 et
970 1268 1130 1341 dicamus:
1158 1268 1257 1340 Pater
1284 1279 1420 1357 noster,
1448 1271 1503 1362 qui
1530 1289 1567 1339 es
1594 1270 1626 1337 in
1654 1267 1770 1340 coelis.

702 1383 863 1476 Populus.
917 1382 1162 1471 Sanctificetur,
1191 1392 1252 1455 etc.

702 1498 887 1571 Sacerdos.
941 1499 969 1570 0
996 1500 1139 1572 Domine
1165 1501 1365 1585 misericors,
1393 1498 1610 1570 obsecramus
1638 1507 1671 1568 te
1698 1508 1731 1569 et
1751 1498 1969 1593 deprecamur

600 1601 808 1675 clementiam
835 1611 939 1689 tuam,
966 1612 1002 1673 ut
1028 1624 1143 1673 omnes
1171 1623 1233 1673 nos
1261 1602 1380 1694 dignos
1407 1602 1530 1675 cilicias
1558 1624 1619 1696 per
1645 1604 1786 1692 gratiam
1807 1610 1906 1688 tuam,
1934 1613 1968 1674 ut

598 1718 819 1793 sanctificetur
846 1722 877 1789 in
912 1717 1007 1790 nobis
1040 1719 1158 1790 infimis
1185 1728 1219 1790 et
1252 1720 1410 1807 terrenis,
1442 1740 1564 1789 nomen
1598 1727 1688 1788 tuum
1719 1716 1903 1808 gloriosum
1930 1729 1970 1790 et

597 1845 763 1908 sanctum:
790 1838 970 1928 veniatque
997 1856 1136 1926 regnum
1170 1844 1278 1922 tuum,
1315 1834 1356 1905 ad
1393 1834 1549 1905 auxilium
1586 1834 1779 1906 infirmitatis
1813 1845 1968 1906 nostrae:

600 1952 793 2046 acquiescat
818 1949 973 2021 voluntas
1000 1959 1066 2036 tua,
1094 1960 1128 2021 et
1147 1960 1279 2021 maneat
1296 1953 1330 2021 in
1348 1950 1519 2022 animabus
1536 1954 1670 2036 nostris,
1698 1953 1834 2022 sicutin
1860 1975 1968 2022 exer-

599 2064 719 2137 citibus
746 2069 888 2153 sanctis,
916 2076 949 2136 et
976 2065 1186 2139 coelestibus.
1239 2066 1362 2138 Libera
1391 2089 1523 2161 quoque
1548 2088 1612 2138 nos
1639 2065 1680 2138 ab
1709 2064 1860 2138 omnibus
1889 2076 1968 2137 teu-

600 2179 777 2252 tationibus
804 2182 1018 2272 gravioribus
1047 2204 1132 2276 quae
1159 2191 1317 2276 superent
1342 2186 1434 2253 vires
1462 2191 1612 2253 nostras:
1647 2180 1752 2253 libera
1780 2185 1877 2252 etlam
1905 2205 1968 2254 nos

600 2296 642 2369 ab
671 2296 822 2369 omuibus
849 2297 1091 2391 iniquitatibus,
1120 2309 1153 2369 et
1168 2297 1294 2369 insidiis
1312 2301 1510 2392 perniciosis
1526 2298 1785 2385 calumniatoris,
1814 2303 1968 2392 quoniam

598 2420 689 2485 mum
715 2423 768 2486 est
793 2435 951 2506 reguum,
978 2424 1011 2487 et
1038 2416 1183 2508 potentia
1211 2424 1245 2484 et
1270 2412 1488 2506 glorificatio,
1515 2424 1549 2485 et
1575 2416 1731 2505 unigeniti
1751 2413 1825 2485 Filii
1852 2418 1908 2503 tui,
1936 2424 1969 2486 et

598 2525 741 2624 Spiritus
768 2533 814 2599 tui
842 2534 947 2602 sancti
974 2552 1060 2601 nunc
1087 2540 1121 2601 et
1147 2520 1308 2625 semper(

705 2644 866 2737 Populus.
919 2645 1039 2716 Amen.

706 2759 889 2831 Sacerdos.
945 2763 1028 2834 Pax.

703 2875 863 2969 Populus.
916 2876 961 2948 Et
988 2901 1061 2949 curn
1089 2881 1203 2973 spiritu
1230 2887 1296 2950 tuo.

703 2995 889 3067 Maeones.
943 3000 1087 3070 Domino
1115 2998 1222 3092 capita
1248 2992 1452 3065 inclinemus.

702 3111 864 3204 Populus.
919 3111 1042 3186 Coram
1070 3122 1113 3184 te.

704 3227 888 3300 Sacerdos.
941 3228 1065 3301 Inclina
1091 3231 1234 3301 Domine
1262 3246 1362 3298 aures
1396 3233 1470 3295 tuas
1505 3221 1548 3294 ad
1580 3246 1700 3318 preces
1734 3234 1767 3295 et
1798 3228 1967 3297 orationes

601 3367 777 3417 servorum
805 3356 953 3435 tuomm,
981 3349 1035 3439 qui
1069 3367 1182 3416 coram
1214 3353 1247 3415 te
1283 3340 1369 3413 colla
1402 3362 1462 3411 sua
1494 3338 1670 3427 inclinant,
1706 3339 1771 3411 boc
1806 3351 1968 3434 tempore,

600 3470 634 3532 et
659 3484 734 3532 cum
761 3460 1067 3557 deprecationibus.
1092 3460 1263 3555 lacrymis,
1292 3467 1326 3529 et
1352 3457 1502 3552 suspiriis
1519 3454 1561 3526 ad
1578 3465 1610 3527 te
1625 3456 1776 3528 clamant.
1828 3457 1968 3553 Aspice,

600 3578 758 3665 Domine,
792 3589 826 3649 et
858 3584 948 3650 mitte
982 3580 1031 3649 eis
1067 3580 1243 3674 petitiones
1276 3595 1410 3646 eorum:
1445 3593 1591 3668 asperge
1624 3572 1699 3644 illos
1725 3570 1876 3669 hyssopo
1910 3583 1967 3645 tuo

600 3704 736 3782 sauct03
764 3705 797 3765 et
823 3698 955 3789 respice
981 3693 1065 3767 illos.
1118 3691 1257 3792 Effunde
1278 3711 1386 3786 ‘super
1412 3688 1488 3759 ibes
1514 3688 1653 3759 imbrem
1687 3691 1832 3780 gratiae,
1860 3694 1967 3762 mise-

599 3809 764 3882 ricordiae
791 3822 825 3882 et
851 3811 986 3899 salutis,
1022 3818 1120 3904 atque
1147 3808 1188 3881 ab
1224 3809 1314 3880 omni
1340 3808 1579 3902 perversitate,
1613 3815 1647 3875 et
1680 3804 1892 3900 proclivitate
1925 3807 1968 3877 ad

602 3924 721 3996 malum
749 3924 947 4016 liberentur,
975 3936 1008 3996 ut
1035 3925 1127 4017 digni
1154 3923 1334 3995 efficiantur
1360 3924 1575 4015 susceptione
1588 3925 1822 4015 mysteriomm
1838 3932 1968 3993 tuorum

603 4050 791 4113 sanctorum
820 4052 854 4113 et
879 4041 1131 4114 vivificantium:
1164 4040 1309 4133 fiantque
1334 4036 1430 4109 liberi
1457 4061 1476 4109 a
1509 4039 1656 4132 peccatis
1690 4048 1723 4109 et
1756 4036 1898 4125 delictis,
1934 4048 1968 4109 et

601 4154 752 4249 fulgeant
779 4160 864 4230 sicut
890 4157 940 4230 sol
976 4161 1009 4228 in
1042 4178 1149 4248 regno
1183 4153 1340 4242 coelesti3
1373 4156 1450 4248 quia
1482 4164 1516 4224 tu
1551 4151 1658 4225 bonus
1692 4176 1746 4239 es,
1781 4163 1815 4224 et
1847 4153 1967 4224 multae

602 4250 870 4360 misericordiae,
897 4285 931 4346 et
957 4273 1016 4345 tibi
1042 4271 1182 4364 gloriam
1214 4269 1408 4358 referimuS,
1440 4278 1473 4339 et
1503 4271 1671 4361 unigenito
1704 4266 1789 4341 Filio
1825 4281 1899 4357 tuo,
1933 4278 1968 4345 et

602 4384 738 4483 Spiritui
765 4391 973 4461 sanctissimo
1000 4397 1057 4459 tuo
1085 4398 1119 4460 et
1144 4387 1244 4460 bono.

614 4493 616 4498 ’
706 4503 869 4596 Populus.
922 4507 1043 4578 Amen.

705 4618 888 4691 Sacerdos.
942 4623 1026 4693 Pax.

708 4734 868 4828 Populus.
920 4734 964 4806 Et
990 4759 1063 4806 cum
1091 4737 1207 4830 spiritu
1235 4742 1300 4806 uro.

705 4851 894 4923 Diaconos.
949 4850 1033 4924 Cum
1060 4854 1188 4923 timore.

705 4966 890 5038 Sacerdos.
945 4965 1068 5038 Sancta
1095 4968 1227 5037 sanctis.

705 5081 866 5174 Populus.
920 5080 1012 5152 Unus
1040 5092 1135 5177 pater
1161 5088 1303 5153 sanctus.

707 5198 894 5268 Diaconos.
947 5196 1080 5269 Stemus
1107 5195 1273 5266 decenter.

707 5311 891 5385 Sacerdos.
944 5312 1039 5387 lusto
1066 5322 1099 5384 et
1124 5310 1303 5384 secundum
1329 5314 1517 5402 veritatem,
1545 5319 1643 5405 atque
1669 5312 1877 5385 meritissime
1899 5310 1965 5381 de-
