5150 6534
585 801 662 889 336
1077 799 1436 879 LITURGIA

686 987 871 1060 Sacerdos.
924 984 998 1058 Nos
1025 1008 1167 1082 quoque.

686 1103 876 1175 Diaconos.
930 1102 1039 1189 Quam
1065 1100 1209 1176 timenda
1235 1110 1288 1174 est
1313 1100 1399 1175 haee
1423 1101 1516 1175 hora.

619 1394 796 1467 Sacerdos
825 1393 1009 1465 inclinatus
1035 1393 1121 1465 dicit
1154 1397 1346 1465 orationem
1371 1393 1605 1467 lncocatiouia
1629 1393 1784 1487 Spiritui
1807 1396 1932 1465 suncti.

688 1597 739 1668 Te
765 1598 888 1669 invoco
914 1595 1059 1668 Domine
1083 1595 1195 1684 Deus,
1229 1595 1381 1668 fiduciam
1407 1594 1534 1669 habeus
1568 1597 1602 1667 in
1627 1595 1857 1669 misericordia
1888 1604 1960 1682 tua,

584 1724 620 1784 ut
645 1717 754 1784 mittas
782 1733 883 1806 super
907 1731 971 1783 uos
997 1713 1139 1804 gratiam
1164 1710 1308 1807 Spiritus
1335 1714 1462 1801 saneti,
1496 1715 1552 1806 qui
1585 1710 1734 1807 aequalis
1760 1707 1897 1784 esttibi
1925 1720 1962 1783 at

583 1832 753 1921 unigenito
779 1825 865 1901 Filio
894 1837 970 1914 tua,
997 1825 1177 1898 secundnm
1208 1829 1389 1900 essentiam
1423 1837 1458 1899 et
1490 1837 1658 1917 naturam3
1693 1830 1748 1921 qui
1783 1823 1961 1898 descendit

585 1968 686 2042 super
711 1946 914 2037 unigenitum
941 1940 1072 2042 Filium
1086 1951 1177 2014 tuum
1202 1944 1236 2014 iu
1260 1942 1409 2016 Jordaue
1434 1940 1568 2015 humine
1593 1953 1627 2015 et
1653 1964 1755 2038 super
1766 1938 1960 2035 Apostolos

587 2070 733 2134 sanctae.

686 2176 839 2248 mecam
871 2193 997 2247 coeam.
1050 2172 1183 2245 Exaudi
1209 2195 1273 2245 me.

688 2291 850 2385 Papulae.
902 2290 1009 2385 llyrie
1037 2290 1184 2378 eleison,
1210 2290 1317 2386 llyrie
1344 2288 1494 2380 eleison,
1521 2290 1628 2386 llyrie
1654 2287 1792 2362 eleison.

687 2406 872 2478 Sacerdos.
924 2404 984 2478 Illa
1011 2407 1084 2500 ipse
1110 2403 1252 2501 Spiritus
1278 2405 1474 2493 Paraclitus,
1500 2409 1614 2479 veniat
1630 2415 1664 2476 et
1681 2402 1836 2477 illabatur
1856 2425 1965 2499 super

584 2525 745 2617 mysteria
771 2520 855 2593 haec
881 2530 1099 2616 praeparata,
1133 2529 1168 2591 at
1192 2542 1254 2616 per
1287 2520 1439 2615 illapsum
1471 2519 1717 2594 inhabitationis
1750 2542 1853 2607 suae,
1879 2519 1962 2592 effi-

585 2642 651 2711 ciat
676 2660 795 2735 panem
822 2641 941 2727 istum,
969 2636 1100 2733 Corpus
1126 2636 1296 2709 vivificum
1324 2634 1446 2709 Christi
1472 2638 1537 2708 Dei
1563 2640 1677 2711 nostri.

689 2754 851 2848 Populus.
899 2753 1019 2825 Amen.

591 2935 593 2945 ,
689 2870 873 2943 Sacerdos.
925 2868 969 2940 Et
1002 2867 1149 2940 Calicem
1176 2867 1263 2940 hunc
1295 2867 1446 2965 perficiat
1471 2872 1666 2961 sanguinem
1693 2870 1964 2965 propitiatorium

587 2987 708 3060 Christi
735 2988 800 3059 Dei
825 2990 940 3060 nostri.

691 3101 852 3196 Populos.
905 3101 1025 3173 Amen.

690 3217 873 3289 Sacerdos.
927 3216 999 3289 Nos
1027 3226 1137 3287 autem
1164 3213 1283 3286 efficiat
1308 3236 1371 3309 per
1396 3219 1535 3306 gratiam
1555 3238 1648 3289 suam
1664 3239 1767 3312 puros
1794 3225 1830 3288 et
1855 3238 1963 3288 mum-

588 3335 664 3424 dos,
691 3343 791 3429 atque
816 3336 874 3421 ita,
902 3332 1020 3424 dignos
1047 3329 1135 3402 dono
1163 3328 1228 3401 hac
1255 3333 1409 3424 mystico,
1438 3334 1513 3426 quia
1541 3341 1575 3404 tu
1601 3356 1640 3405 es
1658 3332 1779 3422 honus,
1806 3342 1843 3404 et
1868 3331 1965 3404 mul-

587 3460 643 3522 tae
671 3449 932 3536 misericordiae,
960 3458 993 3519 et
1019 3445 1078 3518 tibi
1103 3446 1245 3538 gloriam
1276 3444 1471 3536 referimus,
1504 3457 1538 3519 et
1568 3452 1738 3540 unigenito
1768 3446 1855 3521 Filio
1892 3460 1966 3539 tuo,

588 3574 622 3634 et
648 3563 783 3658 Spiritui
809 3576 866 3635 tuo
893 3575 1019 3636 sancto.

692 3679 869 3750 Sacerdos
901 3679 1093 3753 inclinatur.
1147 3680 1324 3753 Ollerimus
1359 3676 1416 3749 tibi
1451 3679 1594 3751 Domine
1626 3680 1859 3753 dominantium
1899 3704 1966 3753 sa-

589 3793 744 3865 crificium
772 3793 836 3865 hoo
863 3794 1044 3890 spirituale,
1071 3818 1134 3892 pro
1170 3798 1329 3868 universa
1365 3792 1519 3867 Ecclesia
1555 3778 1727 3867 Catholica
1759 3805 1847 3866 emta
1874 3818 1966 3867 san-

589 3912 689 4000 guine
722 3908 845 3981 Christi
880 3914 942 3983 tui:
977 3915 1158 4007 praecipue
1191 3933 1275 3982 vero
1309 3932 1372 4005 pro
1411 3907 1608 4005 Episcopis,
1643 3910 1903 3999 SacerdotihuS,
1930 3922 1966 3983 et

590 4024 763 4113 Diaeouis,
792 4037 826 4098 et
850 4048 912 4121 pro
940 4031 1029 4099 omni
1056 4027 1179 4123 populo
1200 4027 1331 4098 zelante
1350 4025 1629 4098 orthodoxorum:
1658 4035 1691 4096 et
1717 4024 1793 4096 mihi
1819 4026 1966 4116 infirmo,

591 4143 711 4233 quique
739 4142 968 4214 misericordia
995 4142 1129 4234 indigeo
1157 4146 1289 4213 veniam
1318 4142 1425 4214 tribue
1451 4153 1486 4213 et
1511 4147 1577 4213 mei
1603 4145 1773 4213 miserere.

695 4256 846 4326 Elccaos
865 4280 990 4329 uocem.
1046 4256 1235 4353 Compesce
1268 4257 1361 4328 Deus
1393 4258 1482 4330 hane
1515 4271 1549 4330 et
1581 4261 1701 4328 veniae
1733 4255 1893 4351 largitor,
1923 4262 1966 4333 ab

590 4372 746 4445 Ecclesia
773 4382 829 4443 tua
858 4385 985 4460 sancta,
1012 4372 1100 4445 bella
1128 4384 1162 4444 et
1188 4396 1338 4468 pugnas:
1366 4396 1428 4446 eos
1456 4377 1512 4469 qni
1537 4376 1771 4469 mysteriorum
1798 4378 1872 4466 ejus
1889 4385 1970 4446 sunt

593 4487 856 4584 dispensatores,
883 4492 1008 4560 instrue
1035 4492 1197 4583 sapientia
1225 4488 1390 4563 adversus
1417 4511 1534 4562 omnes
1568 4488 1729 4562 haereses
1761 4512 1847 4583 quae
1874 4490 1968 4564 illam

591 4606 794 4698 impugnant,
828 4613 862 4672 et
888 4607 1063 4675 veritatem
1098 4615 1185 4676 tuam
1221 4607 1392 4696 ignorant:
1430 4603 1634 4677 Sacerdotes
1668 4609 1740 4697 ejus
1774 4604 1969 4696 honestate,

577 4719 765 4792 ,Diaconos
791 4716 846 4790 fac
873 4723 1024 4802 castitate
1055 4720 1349 4809 commendandos
1376 4720 1476 4816 imple
1511 4743 1585 4791 eam
1617 4718 1870 4816 tranquillitate,
1900 4746 1969 4795 ca-

593 4838 691 4906 ritate
726 4846 759 4905 et
799 4834 979 4906 concordia
1014 4858 1099 4930 quae
1132 4860 1153 4907 a
1187 4846 1220 4908 te
1252 4839 1425 4931 provenit:
1460 4839 1536 4931 quia
1572 4847 1608 4908 tu
1639 4840 1829 4908 misericors
1865 4849 1973 4910 eset

590 4950 712 5021 multae
739 4950 999 5039 misericordiae,
1026 4952 1150 5047 tibique
1177 4953 1319 5044 gloriam
1345 4950 1530 5025 referimus.

696 5063 857 5156 Populos.
910 5067 1029 5138 Amen.

700 5178 875 5249 Sacerdos
916 5181 1109 5254 inclinatus.
1161 5181 1331 5255 Memento
1373 5180 1516 5253 Domine
1563 5185 1665 5254 totius
1708 5181 1822 5279 populi
1857 5182 1973 5257 lidelis
