5150 6534
819 873 872 948 lb
915 871 1132 946 liutadi
1184 871 1204 944 s
1247 865 1530 942 altrudis.
1814 865 1863 938 49

493 1063 578 1142 cultis
601 1059 724 1121 sormam
748 1058 778 1118 iu
800 1051 979 1136 'praecipuis
1010 1054 1158 1130 retinent,
1188 1053 1315 1112 maxime
1346 1053 1374 1112 iu
1403 1049 1540 1127 Cromna,
1571 1067 1630 1130 quo
1658 1049 1747 1111 Actio
1777 1068 1864 1112 sacra

493 1163 674 1222 continetur.
732 1155 805 1217 Sunt
838 1163 933 1216 tamen
965 1153 1126 1214 Orationes
1156 1153 1314 1213 diversae:
1352 1152 1667 1227 caeremoniarumque
1698 1151 1775 1211 ratio
1805 1167 1864 1210 non

492 1277 550 1320 una
573 1265 630 1320 cst.
676 1255 893 1318 Ambrosianus
917 1259 947 1313 et
971 1252 1177 1314 ‚llosarabieus
1201 1252 1285 1327 ritus,
1310 1250 1401 1310 verba
1421 1249 1531 1311 Cbristi
1556 1248 1783 1310 sacramentalia
1803 1267 1865 1310 non

492 1357 598 1418 iisdem
621 1355 745 1436 syllabis
768 1353 918 1428 releruut,
943 1351 1050 1432 quibus
1076 1353 1103 1412 iu
1128 1352 1318 1431 Gregoriano
1341 1349 1516 1412 recitemus.
1558 1348 1697 1410 Attamen
1722 1347 1866 1410 conside·

492 1463 555 1517 rata
579 1455 670 1516 totius
693 1453 829 1514 Actionis
853 1470 959 1512 sacrae
982 1450 1091 1522 lorum,
1115 1448 1275 1511 discrimen
1298 1449 1328 1508 iu
1352 1449 1387 1508 iis
1411 1466 1488 1527 quac
1512 1447 1548 1508 ad
1573 1455 1657 1508 recte
1682 1446 1866 1527 ltrrrgendum

493 1554 700 1616 Sacerdotium
724 1553 873 1631 pertinent
895 1550 1007 1611 millum
1032 1548 1296 1620 atrimadtertitur3
1321 1567 1386 1607 cum
1408 1547 1573 1608 orationum
1594 1548 1722 1606 (lintrium
1742 1553 1771 1607 ct
1791 1564 1866 1607 cac-

491 1653 692 1714 rcmoniarmn
722 1651 871 1713 sementia
901 1649 1005 1710 eadem
1038 1649 1093 1724 sil,
1124 1649 1250 1727 mystica
1281 1665 1403 1726 quoque.
1434 1647 1611 1725 siguilicatio
1643 1645 1761 1706 eadem:
1792 1645 1865 1705 lidos

493 1769 582 1832 quam
604 1749 776 1830 exprimunt
799 1748 922 1826 eadem,
953 1747 1029 1809 adeo
1052 1754 1083 1808 ut
1107 1746 1271 1807 secuudum
1300 1745 1438 1805 eximiam
1468 1744 1633 1805 irrumerrtii
1665 1744 1686 1804 1.
1717 1743 1864 1823 regulam,

492 1849 603 1930 Lepem
622 1850 697 1928 [idei
717 1851 767 1908 lea
788 1855 903 1908 statuat
924 1847 1121 1924 supplicandi.

581 1947 716 2010 Graccus
739 1964 860 2026 (proque
883 1947 957 2005 ritus
981 1944 1088 2004 cuidem
1111 1944 1198 2005 ruodo
1222 1962 1256 2004 se
1279 1942 1368 2003 babet
1385 1959 1459 2022 erga
1475 1941 1644 2002 Orientales
1665 1958 1778 2014 orrnms,
1804 1940 1866 2020 Sy·
1910 1938 2094 1990 tiramuscam
2108 1953 2190 2006 apaan-

494 2065 611 2122 rorum,
635 2045 874 2128 Acgyptiorum,
898 2043 1109 2121 ,ar-aemma,
1133 2042 1326 2122 dctbiopum,
1352 2051 1380 2102 et
1404 2042 1428 2102 si
1453 2043 1502 2120 qtd
1525 2048 1593 2102 suut
1617 2041 1665 2102 alii
1689 2042 1716 2100 in
1741 2039 1865 2101 Oriente
1879 2026 2130 2122 ‘unttdpraeeipua
2140 2025 2192 2076 tor-

496 2145 666 2208 Cbristiani.
712 2145 819 2205 Fornra
843 2144 926 2222 ejus,
956 2151 1096 2221 quautam
1121 2142 1157 2202 ad
1182 2142 1336 2220 liturgiae
1361 2149 1461 2219 partes
1489 2142 1686 2220 praecipuas,
1720 2156 1776 2199 ιιιιιι
1808 2128 1944 2216 est‚¹¹¹‚³¹¹¹
1968 2126 2083 2242 ⁰¹¹¹¹¹,¹.:¹·'‚¹¹¹
2104 2110 2190 2245 ³³:²¹¹*

496 2245 591 2325 qualis
616 2251 698 2306 extat
722 2245 751 2303 in
775 2243 873 2302 basilii
897 2241 1164 2320 Cbrpsostomique
1189 2241 1348 2320 liturgiis,
1373 2259 1450 2318 quae
1473 2239 1557 2301 solae
1581 2239 1691 2300 dtulum
1716 2240 1742 2298 in
1768 2211 2190 2348 Grac-ff,¹,³l¹,¹r¹;¹,¹,¹spum:¹⁰¹⁰'¹¹'n

495 2343 696 2406 cisEcclesiis
721 2348 918 2420 usurpantur:
944 2347 974 2400 ut
999 2341 1087 2400 etiam
1112 2341 1139 2399 in
1165 2340 1221 2400 illis
1244 2357 1322 2419 quae
1337 2339 1444 2400 Jacobi
1468 2347 1499 2400 et
1521 2339 1614 2400 blarci
1638 2356 1746 2400 nomen
1772 2355 1867 2417 prac-
2059 2321 2063 2332 ¹

493 2441 604 2502 lerunt.
635 2443 717 2502 later
740 2441 804 2501 illas
829 2439 947 2518 aliquml
972 2438 1064 2498 luisse
1089 2438 1248 2500 discrimen
1272 2439 1442 2500 orationum
1460 2446 1490 2498 ct
1505 2438 1771 2513 caeremoniarum,
1788 2453 1867 2516 quac

497 2548 595 2601 tamen
620 2541 648 2600 in
673 2538 806 2600 earndem
830 2540 1022 2612 sententiam,
1052 2537 1249 2618 ertrrrdemque
1273 2538 1361 2599 barem
1392 2539 1580 2615 conspirant,
1612 2535 1867 2615 animadvertitur,

495 2647 527 2700 ut
551 2639 630 2699 inter
651 2639 789 2715 Latinam,
814 2636 983 2716 dequibus
1008 2636 1148 2696 diximus:
1173 2636 1252 2697 aliud
1277 2654 1396 2716 aptataque
1419 2637 1498 2696 iuter
1523 2636 1586 2697 illas
1610 2643 1639 2696 ct
1664 2636 1755 2715 Spras
1779 2642 1869 2697 vote-

496 2755 564 2814 res,
597 2745 656 2798 turn
686 2737 907 2816 Aegyptiacus,
942 2743 971 2795 cl
1002 2736 1142 2814 reliquas.
1194 2737 1406 2796 l'erumtamen
1436 2735 1534 2795 statim
1565 2735 1725 2796 collatione
1754 2736 1868 2796 illarum

496 2838 643 2914 instituta,
668 2853 772 2896 omues
796 2853 834 2894 ex
858 2834 964 2896 codem
988 2823 1071 2894 l'out'e
1094 2833 1244 2914 prodiisse
1274 2833 1459 2895 rararrilestum
1492 2841 1555 2907 cst,
1584 2833 1622 2893 ita
1654 2841 1686 2894 ut
1715 2833 1869 2914 Liturqiac

498 2935 668 2997 Orientalcs
692 2933 771 2994 ntdla
796 2941 940 3012 excepta,
966 2935 1089 2994 Graecis
1113 2950 1196 2992 suam
1220 2933 1351 2994 debeant
1375 2933 1534 3013 originem.
1573 2932 1741 2993 (lrtbodoai
1766 2935 1815 3012 qui
1840 2935 1870 2995 in

497 3033 624 3095 Oriente
647 3041 825 3112 supersunt,
853 3031 1011 3093 blelcbitae
1035 3032 1128 3110 arrigo
1151 3031 1309 3110 appellati,
1335 3031 1479 3093 Graecam
1502 3031 1668 3094 Ecclesiam
1694 3040 1724 3094 ut
1747 3040 1870 3094 trrartrem

498 3139 680 3212 agnoscunt:
712 3138 742 3192 ct
765 3130 961 3207 Antiocbeni,
992 3138 1023 3190 ul
1054 3129 1315 3209 llierosolpmitani
1346 3139 1376 3192 et
1405 3130 1617 3208 Alexandrini,
1654 3150 1721 3192 cum
1750 3133 1869 3194 Gracco

498 3249 582 3292 sacra
606 3229 733 3303 iaciunt,
758 3248 818 3290 aron
842 3229 907 3290 aliis
932 3229 1198 3290 sacramentalibus
1221 3228 1306 3289 libris
1330 3236 1468 3306 utuntur,
1501 3248 1587 3308 quami
1611 3233 1660 3308 qui
1684 3231 1712 3290 in
1737 3231 1870 3291 l‘atriar-

498 3328 585 3390 cbatu
610 3323 942 3408 Constantinopolitano
966 3329 1080 3407 recepti
1103 3335 1183 3388 sunt.
1229 3329 1285 3400 Qui
1309 3329 1460 3408 Syriacam
1491 3329 1622 3409 linquam
1647 3330 1673 3388 in
1699 3332 1792 3391 saeris
1816 3349 1870 3390 re-

498 3429 631 3501 tinuere,
660 3427 765 3488 dacobi
794 3427 928 3506 Liturpiu
960 3428 1000 3487 uti
1030 3425 1145 3504 solent,
1179 3444 1236 3487 nco
1266 3435 1325 3486 tam
1356 3426 1533 3506 multiplices
1564 3437 1749 3507 argnoscuut,
1781 3447 1870 3508 quam

497 3526 669 3598 incolume,
702 3527 752 3604 qui
775 3544 871 3587 noras
895 3526 1000 3586 multas
1025 3526 1225 3604 scripserunt,
1257 3544 1331 3605 quas
1362 3526 1466 3586 Latine
1498 3545 1537 3586 ex
1567 3527 1684 3605 cqrtimis
1714 3527 1870 3590 codicibus

498 3627 709 3704 interpretatas
732 3625 807 3686 baec
831 3624 978 3686 Collectio
1002 3631 1220 3703 repraesentat.
1267 3625 1305 3685 Ut
1328 3643 1402 3686 aero
1427 3626 1594 3686 orationum
1617 3626 1813 3706 significatio,
1840 3631 1871 3686 ct

499 3724 564 3802 ipsa
587 3741 683 3802 prope
706 3730 833 3784 omnium
858 3723 952 3785 verba
976 3743 1014 3785 ex
1038 3723 1160 3785 Graecis
1191 3724 1332 3804 Lilurqiis
1362 3732 1457 3784 stuata
1486 3731 1571 3794 sunt,
1601 3724 1639 3785 ita
1669 3726 1794 3785 inaximo
1824 3732 1871 3786 cst

500 3821 676 3899 disciplinae
699 3821 875 3895 similitudo:
898 3831 1109 3902 praeterquam
1133 3822 1162 3882 in
1186 3821 1336 3884 rronnullis
1351 3841 1428 3901 quac
1445 3821 1776 3903 (lrientalesignorant,
1801 3824 1869 3902 quia

499 3921 650 4000 posterius
675 3921 843 3982 introducta
867 3921 994 3982 luerunt.

585 4017 623 4079 Ut
646 4020 738 4101 igitur
760 4039 777 4080 a
800 4021 1032 4100 praeparatione
1055 4021 1228 4098 incipiatur,
1260 4037 1295 4080 ea
1324 4019 1460 4098 pluribus
1491 4022 1689 4081 caeremoniis
1720 4039 1807 4100 quam
1839 4022 1869 4081 in
1918 4032 2082 4096 ltraeparado
2100 4030 2131 4080 ml
2150 4030 2194 4080 Lt-

501 4117 666 4180 0ccidente
692 4119 859 4197 perficitur.
912 4117 986 4180 Cum
1017 4120 1094 4178 enim
1130 4119 1293 4180 secuudum
1325 4119 1519 4180 Orientalium
1551 4119 1756 4199 disciplinam,
1792 4113 2193 4200 quaesuigiamcelebrandam.

501 4217 578 4296 apud
602 4235 657 4278 eos
682 4225 829 4295 perpetua
853 4215 1013 4278 traditione
1036 4216 1274 4293 ctarrrnemlatur,
1307 4216 1487 4278 Sacerdotes
1523 4237 1581 4278 uon
1613 4218 1745 4298 quotidie
1768 4219 1871 4282 Litar-

500 4317 580 4398 giam
602 4315 774 4377 celebrent:
806 4317 892 4376 uruca
923 4316 1015 4377 semel
1046 4318 1074 4376 iu
1103 4315 1151 4376 die
1173 4317 1300 4398 singulis
1328 4318 1357 4376 in
1379 4315 1524 4378 Ecclesiis
1548 4316 1736 4397 celebretur,
1771 4338 1870 4400 neque

502 4413 651 4476 Sacerdos
674 4416 770 4474 sacris
794 4422 939 4494 operetur
962 4415 1076 4494 absque
1100 4415 1250 4492 Iliacono,
1274 4416 1361 4476 tlmre
1382 4413 1414 4476 ct
1438 4423 1543 4491 cantu,
1568 4436 1627 4497 quo
1652 4418 1682 4478 ld
1705 4427 1736 4480 ut
1760 4419 1871 4479 nostris

500 4513 600 4575 blissis
623 4514 715 4575 multo
740 4515 777 4574 sit
800 4513 964 4593 prolixior:
988 4512 1069 4573 illum
1092 4514 1142 4593 qui
1165 4514 1330 4595 Liturqiam
1353 4514 1559 4576 celebraturus
1583 4525 1628 4576 est
1651 4517 1736 4597 plara
1761 4517 1871 4578 obser-

501 4630 575 4673 vare
597 4620 735 4691 oportet,
759 4631 837 4691 quae
861 4619 920 4671 tum
944 4611 1134 4682 Canouibus,
1158 4622 1217 4674 turn
1241 4612 1406 4674 llittralibus
1431 4616 1687 4693 praescribuntur.

589 4711 739 4772 Sacerdos
763 4711 857 4791 Syrus
881 4729 946 4771 eam
969 4717 1088 4771 noctem
1112 4730 1189 4790 quae
1212 4712 1376 4791 Liturpiam
1400 4712 1565 4790 praecedit,
1589 4714 1740 4796 vigilando
1763 4716 1792 4774 in
1809 4713 1871 4774 Ec·
1920 4717 1987 4776 Ouid
2006 4716 2088 4784 pridie
2102 4715 2196 4767 Sacer-

502 4809 611 4885 clcsia,
634 4810 735 4870 autin
760 4811 926 4870 secretario
950 4809 1030 4870 ducit
1054 4811 1232 4887 insomnem,
1264 4811 1449 4872 orationibus
1481 4820 1513 4872 et.
1542 4831 1647 4873 sacrae
1670 4813 1791 4873 lectioni
1814 4803 1959 4872 va·doles
1985 4801 2127 4855 observare
2151 4816 2196 4852 ⁵⁰·

502 4926 593 4985 cans,
626 4925 665 4969 nc
697 4925 754 4986 per
782 4909 928 4969 somnium
971 4907 1099 4969 ludibrio
1130 4909 1230 4988 aliquo
1259 4909 1487 4972 coritanrinctur.
1556 4912 1585 4973 Si
1612 4929 1739 4972 uxorem
1769 4889 1962 4985 habeabffll·

502 5006 655 5068 abstinere
679 5006 715 5067 ab
740 5006 790 5068 illa
813 5006 903 5069 debet
926 5026 982 5088 per
1001 5008 1064 5069 dies
1083 5008 1211 5087 aliquot:
1230 5009 1386 5088 jejunasse
1401 5011 1489 5071 etiam
1508 5027 1638 5088 vespera
1657 5009 1872 5088 praecedente,

502 5112 553 5167 aut
576 5104 682 5166 sallem
705 5106 775 5167 vino
798 5113 828 5166 et
851 5106 929 5166 oanni
952 5106 1069 5187 liquore
1092 5125 1151 5186 quo
1175 5115 1264 5186 caput
1287 5109 1397 5168 tentari
1419 5116 1529 5188 potest,
1552 5107 1741 5169 abstinuisse.
1783 5106 1874 5169 Simi-

502 5203 562 5266 lem
584 5204 831 5266 consuetudinem
852 5206 882 5266 in
906 5206 1042 5268 Ecclesia
1067 5206 1263 5287 pertrectandi
1287 5215 1447 5286 antequam
1470 5208 1603 5289 Liturgia
1617 5206 1799 5282 celebretur,
1823 5207 1872 5268 ri-
