5150 6534
827 1347 892 1469 Ill
937 1346 1317 1439 LITURGIAM
1360 1348 1393 1439 S.
1426 1348 1738 1440 utnulla

1171 1556 1400 1639 nortl.

692 1809 723 1871 1.
767 1796 884 1875 Sancrr
906 1807 1041 1870 Matutae
1064 1810 1183 1870 nomine
1198 1807 1362 1892 Liturgiam
1379 1808 1666 1887 habentJacobitac,
1691 1829 1769 1891 quae
1791 1812 1871 1874 iuter
1893 1812 1968 1875 alias

604 1920 638 1975 ut
664 1912 817 1974 Maronitis
847 1912 985 1992 proprias
1019 1918 1192 1973 numeratur
1225 1911 1261 1972 ab
1288 1911 1459 1975 Abrahamo
1488 1912 1676 1991 Echellensi,
1705 1921 1736 1975 et
1766 1932 1832 1976 eam
1853 1915 1968 1979 idcirco

605 2010 753 2074 edendam
774 2010 817 2072 illi
839 2019 1019 2073 curaverunt
1040 2012 1070 2078 iu
1092 2010 1203 2073 Missali
1225 2010 1337 2072 Romae
1359 2011 1450 2075 edito.
1487 2010 1528 2072 ht
1550 2030 1649 2091 neque
1671 2012 1885 2075 Maronitarum
1906 2015 1970 2077 Ec-

604 2109 716 2173 clesiae
739 2109 938 2173 conveniebat
959 2110 1035 2172 haec
1057 2109 1201 2191 Liturgia,
1233 2129 1310 2189 quae
1334 2110 1518 2173 Orthodoxis
1542 2113 1643 2194 ignota
1667 2110 1731 2189 brit,
1755 2113 1812 2173 nisi
1836 2114 1915 2193 quod
1937 2114 1969 2175 in

605 2207 766 2271 Codicibus
788 2209 1002 2272 recentissimis
1026 2210 1103 2271 inter
1126 2210 1304 2273 Sanctorum
1330 2211 1487 2271 memorias
1511 2227 1620 2271 nomeu
1642 2210 1772 2272 Maronis
1797 2210 1968 2292 adjunctum

583 2298 766 2388 'est,'quod
788 2309 819 2369 in
842 2309 968 2370 vetustis
992 2326 1052 2371 non
1075 2311 1234 2389 reperitur.
1292 2307 1350 2370 Sed
1374 2307 1423 2369 illa
1445 2310 1570 2370 nominis
1593 2310 1732 2371 insitione
1761 2309 1833 2371 nihil
1861 2309 1969 2390 proie-

603 2415 722 2470 cerunt:
745 2408 805 2470 imo
827 2408 934 2470 eodem
957 2416 1134 2488 argumento
1155 2408 1358 2471 Jacohitarum
1380 2407 1473 2469 libros
1497 2407 1535 2469 ad
1562 2426 1596 2470 se
1619 2409 1838 2488 imperitissime
1866 2417 1968 2472 trans·

603 2506 710 2569 tulisse
739 2507 958 2586 probaverunt:
992 2524 1058 2568 nam
1098 2507 1284 2587 praeclarum
1313 2506 1384 2568 illud
1414 2505 1569 2568 Ecclesiae
1599 2507 1697 2568 lumen
1734 2526 1803 2569 cum
1840 2509 1966 2588 Severo,

601 2604 781 2683 Philoxeno,
802 2604 955 2684 Authimo,
977 2605 1102 2681 Jacobo,
1130 2606 1280 2687 Petroque
1307 2605 1470 2686 Guaphaeo
1499 2606 1700 2688 conjungitur.
1744 2606 1782 2667 Et
1806 2606 1886 2687 quod
1909 2608 1967 2668 mi-

601 2706 666 2767 rari
688 2706 760 2768 satis
783 2723 870 2767 nemo
892 2706 1005 2785 possit,
1034 2706 1063 2766 iu
1092 2705 1225 2767 Romana
1247 2704 1378 2766 editione
1401 2704 1506 2787 Severi
1535 2703 1654 2783 quidem
1682 2721 1792 2766 nomeu
1819 2705 1967 2768 sublatum

602 2814 663 2884 cst,
685 2804 741 2867 sed
762 2804 946 2885 reliquorum
969 2814 1149 2867 conservata
1169 2813 1248 2883 sunt,
1271 2804 1491 2867 haereticorum
1508 2803 1624 2864 scilicet
1638 2802 1787 2865 multoties
1802 2822 1819 2865 a
1835 2803 1966 2885 Synodis

601 2902 795 2987 generalibus
818 2902 1032 2965 damnatorum.
1077 2904 1180 2985 ltaque
1203 2904 1338 2965 Merulae
1369 2903 1487 2964 nomine
1509 2902 1664 2964 Jacobitae
1687 2902 1745 2964 hoc
1768 2903 1894 2965 olllcium
1916 2904 1967 2964 in-

601 3003 800 3083 scripserunt,
823 3010 857 3063 ut
878 3002 935 3064 alia
958 3002 1121 3083 complura,
1145 3002 1312 3064 nominibus
1326 3001 1554 3082 Apostolorum,
1577 3002 1693 3081 lgnatii,
1721 3002 1801 3080 Julii,
1820 3002 1967 3065 Eustathii

600 3108 632 3164 et
654 3102 850 3182 reliquorum,
874 3103 1007 3182 quamvis
1031 3104 1109 3164 inter
1130 3101 1287 3163 Ecclesiae
1310 3100 1462 3178 doctores,
1487 3117 1563 3179 quos
1583 3098 1740 3164 Confessio
1765 3102 1966 3164 abOrdinan-

600 3200 647 3263 dis
670 3201 755 3281 exigi
775 3200 863 3263 solita
886 3209 1052 3279 enumerat,
1074 3201 1189 3262 Maruta
1212 3219 1272 3264 non
1296 3208 1507 3263 recenseatur:
1530 3207 1562 3262 ιιι
1584 3218 1683 3281 neque
1704 3200 1765 3263 ulla
1788 3202 1853 3282 ejus
1877 3202 1966 3263 testi-

601 3301 702 3362 monia
724 3308 885 3361 occurrunt
908 3302 938 3361 in
962 3300 1102 3362 Tractatu
1125 3299 1163 3361 de
1186 3298 1259 3361 Fide
1282 3300 1410 3377 Petrum,
1433 3300 1584 3378 variisque
1608 3297 1818 3361 collectaneis.
2179 3329 2184 3360 ι

690 3398 757 3460 Fuit
779 3416 852 3460 sane
875 3398 1006 3460 celebris
1029 3400 1194 3474 sanctitate,
1217 3398 1366 3460 miraculis
1393 3408 1424 3462 et
1446 3399 1665 3481 propagatione
1688 3398 1757 3461 fidei
1780 3397 1965 3460 Christianae

604 3496 682 3576 apud
705 3498 812 3560 Persas
835 3498 961 3574 Maruta,
985 3499 1065 3559 circa
1088 3515 1195 3559 aunum
1219 3496 1329 3560 Christi
1352 3496 1518 3562 CCCCXll.
1565 3497 1713 3560 Accurate
1738 3515 1815 3576 quae
1838 3495 1875 3556 ad
1898 3496 1964 3575 ejus

602 3594 755 3658 historiam
778 3599 929 3678 pertinent
951 3596 1112 3677 explicavit
1136 3597 1338 3659 Tillemontius
1361 3616 1401 3658 ex
1424 3598 1549 3660 Socrate
1572 3603 1602 3658 et
1622 3594 1801 3672 Sozomeno,
1825 3594 1876 3674 qui
1897 3593 1965 3655 Ma·
1997 3609 2087 3661 ιιιιιηι
2101 3609 2286 3678 uttam.

604 3703 701 3757 rutam
728 3696 765 3758 ad
795 3696 990 3778 lsdegerdem
1013 3697 1136 3777 Saporis
1167 3696 1267 3773 lilium,
1290 3696 1422 3779 legatum
1451 3716 1468 3758 a
1499 3694 1669 3756 Theodosio
1694 3695 1813 3774 juniore
1844 3694 2002 3755 missumo
2019 3696 2082 3749 610.

605 3792 699 3855 luisse
721 3796 867 3857 scribunt:
898 3796 1039 3857 miracula
1069 3795 1148 3857 illum
1176 3795 1261 3876 plura
1291 3796 1438 3858 edidisse:
1470 3795 1584 3875 Regem
1613 3795 1710 3874 ipsum
1739 3813 1757 3856 a
1786 3795 1965 3875 gravissimo
2013 3782 2131 3848 Anda.
2147 3801 2174 3850 Ρ·
2191 3781 2236 3833 9¹·

606 3891 712 3955 dolore
734 3896 839 3975 capitis
860 3914 1000 3958 sanasse:
1025 3894 1115 3957 lilium
1138 3896 1201 3976 ejus
1225 3914 1242 3956 a
1265 3895 1410 3957 daemone
1432 3894 1601 3957 intestatum
1624 3893 1786 3955 liberasse:
1809 3893 1967 3975 Magorum

603 4000 764 4073 praeterea
787 3995 966 4074 praestigias
990 3994 1161 4069 detexisse,
1191 4003 1280 4075 atque
1311 3994 1387 4056 adeo
1417 3995 1586 4055 libertatem
1616 3990 1791 4054 Christianis
1819 3993 1966 4072 integram

604 4091 788 4154 obtinuisse:
812 4092 964 4154 Ecclesias
989 4092 1175 4170 aedificasse,
1200 4101 1259 4154 tum
1291 4093 1432 4174 reliquias
1455 4094 1619 4172 Martyrum
1647 4092 1696 4171 qui
1719 4090 1774 4152 sub
1798 4090 1912 4170 Sapore
1936 4100 1967 4152 et

604 4188 669 4250 aliis
691 4192 773 4270 passi
797 4190 914 4252 fuerant
937 4192 1135 4268 transtulisse,
1159 4198 1189 4253 et
1212 4193 1240 4253 in
1263 4192 1339 4254 urbe
1355 4211 1432 4273 quae
1453 4192 1567 4254 ideirco
1582 4190 1795 4271 Martyropolis
1819 4189 1897 4251 dicta
1920 4197 1967 4251 est

605 4288 794 4368 deposuisse.
838 4290 920 4351 llaec
943 4290 1050 4352 Graeci
1073 4292 1183 4370 passim
1213 4299 1245 4351 ut
1273 4292 1360 4352 etiam
1383 4291 1489 4366 Latini,
1512 4292 1562 4370 qui
1584 4292 1756 4351 memoriam
1786 4290 1850 4369 ejus
1882 4288 1966 4349 cele·
2014 4298 2110 4348 δουναι.
2132 4297 2148 4347 ι.
2175 4299 2200 4349 7.
2220 4314 2242 4347 c.
2261 4297 2287 4349 8.

603 4387 694 4449 braut
715 4388 812 4469 pridie
835 4405 928 4449 nonas
958 4389 1146 4467 Decembris,
1169 4399 1201 4451 ut
1232 4392 1338 4452 Graeci
1367 4392 1397 4452 in
1423 4390 1556 4451 Menaeis
1587 4388 1637 4453 tt.
1668 4389 1833 4452 Februarii.
1885 4387 1966 4450 llaec
1976 4402 2002 4451 r·
2022 4383 2085 4434 2⁸¹·

605 4488 704 4548 omnia
726 4506 803 4568 qrrae
826 4488 863 4550 dc
886 4487 1038 4567 legatione
1061 4496 1092 4551 et
1114 4492 1264 4553 miraculis
1292 4490 1427 4552 Marutae
1450 4507 1467 4549 a
1490 4490 1614 4551 Graecis
1643 4490 1756 4569 scripta
1783 4494 1862 4562 sunt,
1883 4487 1968 4549 rele-

603 4593 712 4649 runtur
733 4605 751 4648 a
774 4586 848 4648 Mari
879 4594 910 4649 et
931 4585 1024 4650 Amro
1047 4588 1246 4667 Nestorianis,
1269 4592 1300 4652 in
1330 4592 1389 4652 vita
1411 4590 1580 4669 Mayumae,
1612 4589 1662 4668 qui
1691 4591 1769 4649 inter
1798 4585 1968 4650 Catholicos

602 4683 683 4748 XlV.
707 4694 889 4762 numeratur,
913 4695 944 4748 et
965 4686 1059 4749 lsaaci
1084 4689 1147 4770 ejus
1170 4692 1366 4753 successoris.
1419 4688 1531 4751 Eadem
1553 4689 1643 4750 habet
1666 4696 1753 4749 autor
1775 4705 1833 4748 non
1855 4704 1968 4765 suspe-

603 4789 670 4845 ctus
693 4784 851 4846 Zacharias
874 4786 907 4850 F.
937 4786 1095 4848 llluhamed
1123 4787 1316 4850 llaziiinensis
1346 4791 1376 4850 in
1406 4807 1500 4868 opere
1528 4786 1607 4868 quod
1637 4784 1798 4867 appellavit
1819 4785 1968 4846 Miroculo

601 4883 766 4961 regionam.
812 4884 951 4965 Loquens
976 4885 1054 4946 enim
1078 4885 1115 4947 de
1149 4886 1223 4948 urbe
1246 4884 1434 4967 Mialarelrin,
1457 4890 1498 4950 ait
1521 4888 1598 4949 illam
1622 4905 1638 4947 a
1661 4886 1777 4947 Maruta
1808 4883 1966 4962 conditam,

604 4998 674 5042 cum
696 4980 865 5045 facultatem
889 5003 904 5045 a
927 4983 1012 5066 Rege
1036 4984 1194 5046 Persarum
1217 4987 1381 5068 lsdegerde
1404 4988 1464 5050 lilio
1482 4987 1604 5067 Saporis
1618 4983 1760 5046 Dulactai
1779 4983 1966 5057 obtinuisset,

603 5089 764 5161 postquam
788 5082 875 5144 srliam
899 5085 964 5163 ejus
988 5101 1004 5143 a
1028 5084 1132 5145 morbo
1155 5086 1310 5147 incurabili
1333 5105 1435 5148 sanam
1457 5087 1668 5168 praestitisset.
1709 5082 1774 5145 lllic
1796 5099 1866 5143 ossa
1888 5081 1966 5143 mul-

603 5186 704 5241 torum
714 5180 877 5262 Martyrum
901 5202 977 5264 quae
1002 5184 1032 5243 iu
1054 5184 1177 5245 Perside
1198 5184 1363 5266 collegerat
1385 5186 1577 5267 deposuisse:
1600 5192 1690 5262 atque
1708 5182 1821 5243 idcirco
1840 5199 1967 5243 vocasse

604 5277 702 5355 illam,
736 5280 840 5342 arbem
869 5282 1035 5364 Martyrum
1064 5282 1122 5344 hoc
1150 5292 1196 5344 est
1229 5284 1456 5366 Martyropolin.
1500 5284 1576 5347 lllud
1604 5283 1701 5346 solum
1730 5280 1962 5360 observandum,

602 5379 685 5458 quod
708 5388 795 5442 autor
817 5389 849 5441 ut
871 5381 1113 5460 Muhamedauus,
1137 5400 1238 5445 rerum
1261 5383 1494 5447 Christianarum
1515 5383 1593 5446 haud
1615 5380 1689 5444 satis
1712 5381 1838 5462 peritus,
1861 5379 1965 5465 Maru·

1682 5483 1758 5560 37*
