5150 6534
588 872 663 950 sue
1089 825 1447 952 irrorari

586 1059 643 1133 ille
675 1059 767 1134 Novi
793 1061 1010 1150 Testamenti,
1039 1064 1094 1157 qui
1121 1084 1183 1157 pro
1211 1060 1310 1135 vobis
1338 1070 1373 1132 et
1397 1082 1460 1157 pro
1486 1061 1596 1136 multis
1611 1062 1785 1135 effunditur
1799 1072 1833 1134 et
1848 1085 1955 1159 spar-

586 1180 685 1269 gitur,
711 1179 744 1247 in
771 1180 993 1273 expiationem
1021 1176 1192 1274 culparum
1219 1189 1253 1250 et
1277 1180 1508 1251 remissionem
1533 1188 1768 1274 peccatorum,
1795 1188 1894 1274 utque
1921 1180 1956 1250 in

585 1296 686 1364 vitam
715 1303 894 1365 aeternam.

689 1409 851 1503 Populus.
905 1410 1023 1482 Arnen.

690 1524 875 1597 Sacerdos.
930 1528 1208 1621 Quotiescumque
1235 1528 1321 1597 enirn
1348 1526 1414 1599 boc
1439 1527 1559 1615 facitis,
1585 1537 1726 1600 mortem
1751 1548 1859 1597 meam
1875 1549 1956 1619 ,an-

587 1643 761 1728 nunciatis,
789 1665 829 1713 ac
854 1646 1048 1715 memoriam
1075 1641 1264 1738 sepulturae
1290 1645 1612 1737 resurrectionisque
1638 1665 1735 1714 meae
1766 1641 1957 1732 celebratis,

589 1756 696 1831 donec
723 1780 789 1850 ego
817 1779 955 1830 venero.

692 1874 853 1967 Populos.
892 1873 1036 1946 blortem
1063 1883 1151 1945 tuam
1177 1876 1320 1947 Domine
1337 1878 1585 1965 annunciamus,
1613 1883 1712 1969 atque
1727 1875 1957 1946 resurrectio-

588 2012 665 2062 nem
691 1990 894 2085 profitemur,
922 2000 954 2062 et
981 1989 1156 2060 adventum
1184 2001 1272 2061 tuum
1295 1991 1473 2064 secundum
1494 2002 1728 2087 expectamus:
1755 1992 1955 2060 misericor-

589 2104 674 2177 diae·
691 2115 767 2178 tuae
794 2109 859 2178 sint
885 2128 1074 2202 supernos
1102 2128 1228 2179 omnes.
1670 2106 1674 2113 ’

691 2222 874 2294 Sacerdos.
926 2221 1130 2295 Recolentes
1157 2225 1257 2313 igitur
1283 2226 1381 2294 etiam
1408 2244 1472 2294 nos
1500 2221 1678 2296 adventum
1703 2232 1793 2293 tuum
1812 2223 1956 2294 Domine

587 2341 620 2410 in
647 2361 761 2428 earne,
788 2350 821 2411 et
847 2350 986 2411 mortem
1013 2351 1114 2426 tuam,
1142 2338 1409 2434 sepulturamque
1429 2349 1529 2427 tuam,
1557 2348 1656 2433 atque
1676 2341 1956 2409 resurrectionem

589 2463 678 2526 tuam
706 2477 725 2525 a
751 2457 899 2542 mortuis,
928 2477 1013 2550 quae
1036 2458 1133 2526 tertio
1154 2454 1207 2526 die
1228 2457 1377 2546 contigit,
1404 2467 1438 2526 et
1459 2477 1632 2527 ascensum
1655 2462 1742 2525 tunm
1759 2456 1792 2524 in
1813 2451 1957 2537 coelum,

591 2594 632 2643 ao
659 2573 845 2643 sessionem
871 2581 957 2641 tuam
985 2569 1026 2641 ad
1053 2571 1226 2641 dexteram
1242 2571 1307 2643 Dei
1326 2571 1449 2643 Patris:
1477 2582 1651 2665 praeterea
1672 2568 1849 2641 adventum
1867 2577 1957 2639 tuum

588 2684 830 2758 formidabilem
857 2697 890 2758 et
910 2689 1090 2778 majestatis
1112 2684 1254 2781 plenum,
1281 2689 1315 2756 in
1337 2710 1402 2781 quo
1422 2685 1627 2778 judicaturus
1648 2709 1686 2758 es
1707 2686 1823 2759 orbem
1845 2694 1957 2756 terrae

591 2826 665 2874 enm
695 2806 840 2896 justitia,
876 2811 909 2874 et
941 2803 1083 2898 populos
1116 2825 1191 2875 cum
1225 2806 1406 2898 aequitate:
1441 2801 1629 2898 supplices,
1663 2825 1684 2875 o
1720 2803 1863 2874 Domine
1897 2797 1958 2872 tibi

591 2938 721 3009 sumus,
755 2920 809 3012 qui
836 2916 927 2991 solus
954 2918 1042 2990 luisti
1069 2920 1218 3014 expiatio
1244 2918 1370 3007 muudi,
1399 2931 1433 2991 et
1458 2941 1496 2991 es
1522 2921 1663 3014 pretium
1690 2917 1777 3014 quod
1804 2918 1885 2991 satis
1913 2917 1957 2988 sit

552 3050 556 3059 ·
591 3032 632 3104 ad
660 3032 891 3129 opponendum
919 3035 1066 3129 peccatis
1094 3036 1229 3124 nostris,
1256 3039 1332 3130 quia
1359 3044 1448 3106 tuum
1476 3033 1578 3106 solius
1605 3043 1657 3107 est
1677 3040 1844 3107 remittere
1866 3056 1956 3129 pec-

590 3159 665 3223 cata
691 3171 792 3244 super
818 3158 956 3238 terram,
982 3160 1097 3245 utpote
1124 3151 1207 3241 Dei,
1233 3153 1266 3222 in
1293 3153 1387 3243 eujus
1413 3159 1577 3245 potestate
1605 3153 1714 3222 omnia
1741 3158 1828 3238 sunt,
1854 3172 1898 3221 ne
1922 3152 1956 3221 in

591 3266 645 3339 die
671 3265 727 3337 illa
754 3288 818 3360 qua
841 3265 1045 3358 judicaturus
1073 3289 1110 3338 es
1138 3265 1253 3340 orbem
1280 3276 1391 3338 terrae
1417 3288 1480 3362 per
1502 3267 1682 3358 justitiam,
1708 3269 1810 3338 intres
1837 3268 1869 3337 in
1894 3267 1957 3357 ju-

591 3382 710 3454 dicium
736 3404 810 3453 curn
838 3385 948 3454 servis
974 3385 1054 3471 tuis,
1088 3394 1145 3454 aut
1171 3382 1324 3475 negligas
1350 3381 1585 3454 haereditatem
1612 3391 1700 3454 tuam
1736 3381 1956 3455 abalienatam

592 3501 747 3591 agretia
781 3500 885 3571 sancti
912 3497 1073 3600 Spiritus,
1107 3508 1141 3570 ut
1175 3521 1219 3571 ue
1254 3503 1401 3572 extorris
1432 3498 1489 3571 liat
1523 3522 1544 3570 a
1577 3521 1684 3592 regno
1718 3509 1774 3571 tuo
1806 3497 1956 3569 coelesti.

590 3617 756 3712 Propitius
784 3624 856 3686 esto
883 3613 981 3686 nobis
1008 3625 1041 3685 et
1074 3618 1265 3689 misericors
1300 3619 1333 3686 in
1367 3615 1422 3688 illa
1456 3615 1537 3688 hora
1570 3612 1837 3710 pronunciandae
1871 3635 1957 3684 sen-

591 3735 732 3820 tentiae,
765 3753 872 3826 neque
898 3729 1057 3802 destituas
1085 3751 1166 3821 nos,
1198 3741 1233 3801 ut
1257 3732 1373 3802 fiamus
1400 3730 1562 3804 haeredes
1590 3728 1801 3802 tenebrarum
1828 3731 1958 3823 penitus

593 3850 697 3919 omnis
724 3847 807 3918 lucis
835 3849 1037 3941 expertium:
1070 3868 1278 3942 nequaquam
1306 3846 1487 3920 alienemur
1512 3850 1655 3920 Domine
1682 3870 1702 3919 a
1728 3844 1859 3940 peculio
1887 3854 1959 3932 tuo,

592 3985 700 4058 neque
727 3957 924 4058 pronuncies
952 3961 1130 4035 adversum
1157 3984 1220 4034 nos
1246 3962 1333 4035 illam
1361 3966 1573 4036 sententiam:
1599 3964 1648 4035 Ite
1667 3960 1841 4049 maledicti,
1868 3982 1959 4056 pos-

594 4079 699 4152 sidete
726 4082 836 4172 ignem
865 4081 1122 4173 sempiternum:
1149 4101 1192 4149 ne
1219 4077 1356 4152 abdices
1383 4102 1458 4160 nos,
1486 4102 1595 4175 neque
1622 4079 1714 4150 dicas
1740 4076 1855 4165 uobis,
1881 4076 1960 4150 Non

594 4200 674 4269 novi
700 4218 781 4268 vos:
807 4218 916 4290 neque
942 4206 1154 4289 torqueamur
1180 4195 1368 4267 in‘inlerno
1396 4219 1471 4267 cum
1495 4198 1537 4266 iis
1564 4199 1618 4290 qui
1645 4217 1712 4266 non
1739 4193 1959 4280 crediderunt,

595 4312 655 4386 sed
681 4314 893 4383 irritaverunt
928 4314 1068 4403 gratiam
1100 4321 1198 4383 tuam.
1256 4311 1382 4383 Verum
1415 4310 1611 4384 recordatus
1643 4309 1891 4382 misericordiae
1926 4317 1960 4379 et

593 4429 806 4520 benignitatis
841 4436 938 4514 tuae,
969 4436 1107 4522 propter
1143 4449 1226 4523 quas
1257 4429 1422 4522 teipsum
1449 4431 1546 4498 etiam
1574 4425 1733 4499 tradidisti
1759 4448 1821 4522 pro
1847 4424 1959 4513 nobis,

592 4545 719 4616 redime
740 4546 814 4634 ‘nos
850 4544 1040 4616 oDomine
1073 4567 1093 4615 a
1129 4543 1338 4616 damnatione
1372 4543 1426 4616 illa
1462 4564 1677 4616 aerumnosa:
1712 4541 1819 4616 libera
1846 4562 1958 4614 nosa

595 4660 766 4734 tormentis
792 4659 856 4730 illis
883 4657 1101 4731 terribilibus:
1129 4680 1245 4731 assere
1270 4679 1334 4730 nos
1363 4682 1382 4730 a
1406 4681 1522 4730 verme
1540 4657 1596 4730 illo
1617 4656 1746 4752 putrido
1769 4666 1803 4729 et
1824 4678 1958 4729 amaro:

596 4779 707 4847 exime
733 4798 796 4849 nos
824 4798 843 4845 a
870 4771 1001 4846 flumine
1027 4774 1083 4846 illo
1109 4777 1196 4866 ignis
1221 4773 1399 4847 horrendo.
1448 4776 1515 4846 Per
1539 4772 1604 4847 boe
1630 4776 1717 4845 enim
1744 4774 1960 4866 cognoscitur

596 4888 910 4985 impervestigabilis
936 4887 1108 4962 thesaurus
1134 4888 1365 4984 placabilitatis
1392 4898 1487 4981 tuae,
1521 4889 1608 4984 quod
1634 4893 1740 4963 nostri
1764 4892 1960 4977 misereare,

599 5009 654 5102 qui
679 5004 842 5079 bonorum
869 5027 1045 5078 servorum
1070 5028 1137 5077 non
1164 5003 1350 5079 obtinemus
1384 5009 1569 5078 stationem.
1627 5004 1773 5102 Populus
1806 5006 1895 5076 euim
1927 5012 1961 5074 et

597 5119 783 5196 baereditas
811 5132 864 5194 tua
891 5121 1034 5219 supplex
1061 5120 1116 5194 tibi
1143 5130 1206 5215 est,
1233 5145 1273 5194 ac
1297 5144 1360 5219 per
1385 5133 1420 5194 te
1446 5133 1480 5194 et
1505 5145 1570 5194 una
1595 5130 1717 5211 wenna,
1744 5123 1843 5192 enam
1867 5119 1961 5192 Patri

597 5248 654 5310 tuo
682 5238 805 5311 dicens.

597 5374 604 5383 ·
701 5353 861 5449 Populus.
913 5351 1077 5429 Miserere
1101 5355 1207 5426 nostri
1232 5350 1376 5427 Domine
1400 5350 1495 5429 Deus
1519 5351 1622 5425 Pater
1647 5354 1868 5451 omnipotens.
