5150 6534
644 816 719 891 556
845 815 1261 895 tumultuantium
1287 814 1470 893 uuisioni
1496 816 1672 893 ANDREAE
1697 817 1814 895 nisu.

642 1003 860 1097 delevistique
888 1012 1028 1100 peccata
1053 1013 1182 1093 nosue,
1210 1027 1250 1075 ac
1277 1002 1432 1096 dignatus
1460 1022 1499 1073 es
1526 1022 1588 1075 nos
1609 1006 1798 1099 sumptione
1824 1011 2017 1077 sanctorum

640 1116 856 1213 vitaliumque
882 1128 1166 1192 sacramentorum
1192 1129 1341 1209 tuorum,
1373 1120 1406 1188 in
1434 1139 1520 1211 quae
1547 1119 1646 1189 etiarn
1672 1117 1798 1210 Angeli
1824 1120 1889 1215 ipsi
1917 1116 2015 1189 desi-

640 1233 758 1305 derant
782 1237 988 1330 prospicere.
1044 1231 1151 1308 Cedat
1178 1236 1278 1327 igitur
1304 1233 1402 1306 nobis
1429 1236 1575 1328 ipsomm
1605 1237 1755 1307 suavitas
1783 1236 1816 1306 in
1836 1233 2014 1327 piaculum,

639 1352 914 1446 participatioque
941 1352 974 1422 in
1000 1352 1230 1424 remissionem
1255 1357 1481 1446 peccatorum,
1509 1370 1596 1443 quae
1621 1349 1762 1421 antebac
1781 1374 1800 1422 a
1821 1347 1920 1422 nobis
1946 1347 2015 1419 ad-

639 1468 743 1537 missa
770 1474 861 1553 suut,
897 1474 997 1559 atque
1028 1469 1061 1536 in
1094 1464 1290 1537 medicinam
1324 1486 1439 1536 eorum
1474 1466 1507 1534 in
1544 1461 1662 1559 quibus
1690 1463 1796 1537 adbuc
1821 1484 2014 1537 versamur:

642 1579 786 1676 denique
812 1582 845 1651 in
872 1578 1030 1672 effugium
1055 1580 1324 1675 praesidiumque
1351 1578 1515 1651 adversus
1537 1602 1591 1668 ea,
1619 1577 1856 1675 quaeposibae
1876 1600 1895 1649 a
1915 1577 2014 1650 uobis

641 1698 801 1767 committi
831 1706 986 1792 possent:
1023 1704 1057 1767 et
1089 1698 1122 1767 in
1157 1696 1311 1787 gaudium
1349 1705 1448 1789 atque
1482 1695 1722 1768 exultationem
1749 1693 1835 1789 apud
1864 1702 2014 1781 sanctos,

642 1813 697 1905 qui
724 1810 801 1882 inde
829 1832 849 1880 a
876 1811 1013 1883 saeculo
1047 1810 1241 1906 placuerunt
1273 1811 1347 1883 tibi:
1381 1813 1456 1906 quia
1489 1820 1577 1882 tuum
1613 1820 1666 1885 est
1699 1830 1857 1901 regnum,
1889 1808 2015 1904 tibique

641 1925 780 1999 debetur
806 1925 879 1997 laus
906 1937 940 1998 et
965 1929 1135 2019 unigenito
1161 1926 1246 1998 Filio
1273 1935 1345 2016 tuo,
1370 1947 1435 1998 una
1463 1949 1536 1998 cum
1565 1926 1773 1998 sanctissimo
1792 1933 1848 1996 turo
1876 1925 2015 2022 Spiritu,

641 2039 745 2130 bono,
773 2041 957 2130 adorando,
986 2051 1048 2114 etc.
1205 2041 1367 2135 Populus.
1421 2041 1541 2113 Amen.

745 2156 930 2230 Sacerdos.
984 2158 1058 2229 Pax
1085 2156 1237 2230 omnibus
1264 2155 1376 2230 vobis.

745 2272 907 2366 Populea.
959 2271 1004 2343 Et
1030 2275 1156 2369 spiritui
1184 2283 1250 2345 tuo.

743 2386 931 2459 Diaconos.
990 2387 1072 2460 Post
1104 2391 1322 2485 sumptionem
1367 2395 1557 2460 sanctorum
1601 2394 1885 2458 sacramentorum
1926 2406 2015 2479 quae

641 2500 790 2575 exhibita
816 2513 902 2590 sunt,
930 2525 1044 2586 coram
1070 2503 1216 2576 Domino
1244 2501 1460 2576 misericorde
1487 2503 1597 2597 capita
1622 2511 1738 2574 nostra
1764 2499 1971 2573 inclinemus.

743 2619 905 2711 Populus.
959 2617 1083 2690 Coram
1111 2631 1144 2692 te
1170 2618 1315 2691 Domine
1340 2618 1434 2692 Deus
1460 2628 1586 2692 noster.

743 2733 929 2805 Sacerdos.
991 2732 1067 2805 Tibi
1103 2733 1178 2806 Deo
1212 2735 1313 2829 capiti
1353 2737 1511 2806 vivorum
1551 2743 1585 2805 et
1619 2734 1764 2826 Domino
1795 2742 2014 2821 mertuorum,

643 2850 812 2923 oderimus
849 2847 1017 2945 supplices
1051 2871 1171 2944 preces
1190 2858 1356 2936 ‚nostras,
1393 2860 1427 2920 et
1458 2872 1573 2923 coram
1605 2857 1641 2920 te
1674 2847 1867 2922 inclinamus
1902 2849 2014 2942 capita

638 2974 764 3052 nostra,
790 2984 854 3038 nos
882 2966 975 3037 servi
1002 2967 1048 3036 tui
1074 2973 1109 3036 et
1133 2986 1223 3059 grex
1250 2974 1324 3038 tuus
1350 2964 1539 3037 rationalis:
1567 2973 1741 3061 sperantes
1757 2985 1820 3037 nos
1847 2965 2016 3036 visitatum

637 3084 679 3154 iri
706 3105 726 3154 a
753 3092 808 3152 tna
835 3083 962 3173 gratia,
998 3082 1031 3150 in
1065 3104 1130 3176 qua
1166 3083 1273 3154 omnis
1301 3080 1439 3155 subsidii
1466 3083 1566 3176 copia
1593 3089 1645 3153 est
1671 3081 1790 3176 posita.
1843 3078 2015 3169 Benignus

637 3200 738 3290 igitur
764 3206 838 3269 esto
865 3196 1027 3284 Domine,
1061 3205 1094 3267 et
1127 3195 1261 3269 demitte
1293 3218 1394 3293 super
1424 3217 1489 3269 nos
1524 3195 1646 3268 donum
1685 3194 1774 3290 quod
1800 3193 1862 3267 abs
1891 3200 1924 3265 te
1951 3201 2016 3280 cst,

637 3310 951 3406 misericordiasque
977 3320 1052 3383 tuas
1079 3310 1215 3384 divites:
1249 3334 1291 3384 ac
1324 3313 1399 3384 elue
1432 3319 1688 3409 expurgatoque
1720 3331 1784 3382 nos
1819 3311 1909 3382 omui
1935 3329 2015 3379 ma-

637 3427 713 3501 cula
740 3425 960 3520 sordibusque
995 3431 1125 3522 peccati
1161 3430 1271 3501 carnis
1305 3437 1339 3499 et
1372 3430 1521 3523 spiritus:
1556 3425 1667 3498 imbue
1692 3447 1756 3499 nos
1781 3423 2016 3498 benedictione

637 3541 852 3634 benignitatis
886 3550 983 3629 tuae,
1019 3541 1218 3617 confirmans
1253 3564 1317 3616 nos
1358 3554 1449 3616 certa
1484 3565 1546 3639 spe
1580 3546 1836 3639 promissionum
1863 3549 2015 3626 tuarum3

638 3671 739 3753 atque
764 3659 798 3727 in
825 3655 914 3728 cultu
940 3655 1245 3753 observationeque
1276 3658 1388 3753 legum
1420 3669 1549 3732 tuamm
1581 3657 1788 3744 salutarium,
1824 3655 1918 3727 effice
1949 3674 2014 3725 nos

638 3772 799 3849 sollicitos
826 3782 860 3844 et
886 3783 1101 3845 reverentes:
1128 3777 1272 3848 invictos
1299 3797 1385 3848 vero
1413 3784 1530 3849 contra
1557 3776 1674 3871 copias
1702 3773 1917 3847 adversarias
1946 3767 2015 3839 da-

639 3907 841 3981 mnosasque
868 3890 1085 3961 tentationes:
1113 3899 1212 3984 atque
1239 3912 1356 3964 omnes
1384 3894 1572 3986 iniquitates
1598 3893 1728 3986 peccati
1755 3887 1893 3961 anobis
1916 3906 2014 3958 suur-

639 4026 755 4093 move,
781 4010 816 4073 ut
843 4002 1035 4093 adoremus,
1061 4004 1276 4101 profiteamur
1312 4016 1345 4078 et
1370 4003 1541 4080 laudemus
1569 4018 1602 4079 te
1627 4006 1787 4093 Domine,
1814 4004 2014 4094 Patremque

637 4127 740 4207 tuum,
767 4127 802 4189 et
820 4117 978 4214 Spiritum
1004 4129 1093 4191 tuum
1122 4123 1376 4202 sanctissimum,
1402 4120 1538 4211 bonurn,
1566 4120 1782 4212 adorandum,
1808 4122 1912 4193 vitam
1938 4114 2015 4185 lar-

637 4236 797 4325 gientem,
824 4241 859 4304 et
884 4232 943 4305 tibi
969 4234 1002 4303 in
1031 4235 1215 4309 substantia
1242 4235 1428 4332 aequalem,
1454 4260 1541 4310 nuuc
1568 4246 1601 4309 et
1628 4258 1780 4333 semper,
1807 4245 1842 4309 et
1866 4236 1900 4305 in
1927 4251 2013 4304 sae-

638 4347 798 4422 culorum.
883 4349 1045 4442 Populus.
1085 4353 1204 4425 Amen.
1309 4352 1498 4427 Dianam
1529 4354 1677 4427 Benedic
1703 4351 1856 4426 Domine.

743 4463 927 4537 Sacerdos.
980 4466 1128 4539 Benedic
1154 4467 1305 4542 omuibus
1332 4467 1440 4544 nobis.
