5150 6534
1019 1244 1520 1425 Litanam

737 1577 1235 1697 nrosuouonun
1301 1605 1314 1667 1
1378 1579 1830 1727 sunouonun,

933 1817 1016 1893 SEU
1051 1816 1166 1893 otuu
1195 1815 1610 1895 snelhart-:nudauit

589 2086 717 2157 Primo.
774 2085 788 2124 ²
816 2086 930 2161 Gloria
955 2091 989 2160 in
1018 2090 1164 2162 excelsis
1187 2090 1278 2161 Deo:
1307 2096 1341 2158 et
1366 2089 1466 2160 Pater
1493 2100 1609 2163 noster
1636 2093 1691 2185 qni
1717 2114 1755 2164 es
1781 2095 1815 2163 in
1841 2094 1958 2167 coelis.

1208 2295 1340 2367 Oratio.

657 2487 826 2592 Roaoan
852 2517 996 2590 Domine
1023 2528 1057 2590 et
1082 2521 1174 2591 Deus
1201 2528 1316 2592 noster
1343 2519 1562 2591 infirmitatem
1585 2531 1732 2592 nostram
1759 2544 1821 2618 per
1846 2525 1958 2594 mise-

589 2634 762 2707 ricordiam
790 2644 890 2722 tuam,
915 2645 951 2706 ut
977 2635 1240 2706 administremus
1256 2639 1448 2730 mysterium
1474 2647 1622 2708 sanctum
1650 2637 1738 2731 quod
1767 2636 1876 2709 datum
1903 2648 1958 2712 est

588 2749 631 2821 ad
657 2752 922 2839 renovationem,
949 2760 982 2822 et
1009 2750 1147 2822 salutem
1174 2760 1313 2823 naturae
1339 2762 1475 2823 nostrae
1502 2751 1645 2823 humilis:
1672 2776 1733 2848 per
1759 2756 1956 2827 miseratio-

587 2888 649 2940 nes
675 2865 751 2936 Filii
777 2864 972 2964 tuildilecti,
1000 2870 1142 2938 omnium
1169 2868 1312 2939 Domini.

693 2981 822 3051 Diebus
848 2983 1082 3055 comntunibus.
1122 2983 1302 3072 Adorctur,
1329 2982 1541 3075 glorificetur,
1568 2983 1730 3074 laudetur,
1757 2984 1956 3074 celebretur,

588 3098 752 3169 exaltetur
779 3107 812 3168 et
837 3095 1050 3170 benedicatur
1076 3102 1109 3170 in
1136 3098 1232 3171 coelo
1270 3103 1363 3170 etin
1391 3109 1491 3187 terra,
1518 3121 1638 3170 nomen
1666 3099 1887 3188 adorandum,
1922 3112 1957 3173 et

587 3212 771 3305 gloriosum
798 3212 966 3287 Trinitatis
993 3225 1080 3301 tuae,
1108 3236 1241 3310 semper
1267 3214 1444 3307 gloriosae,
1471 3216 1614 3287 Domino
1644 3220 1798 3288 omniurn.

690 3329 821 3399 Diebus
848 3331 1072 3402 contortionibus
1098 3330 1214 3400 dicenti
1245 3330 1425 3419 Psolnuun,
1451 3329 1593 3403 Domine
1631 3335 1703 3426 quis
1737 3331 1956 3405 habitabilia

589 3445 801 3517 tabernaculo
829 3454 898 3535 tuo,
925 3450 1090 3542 inteprum
1116 3469 1190 3516 erano
1216 3468 1276 3516 orio
1306 3468 1448 3534 cunone,
1476 3450 1626 3538 tripaterii
1644 3447 1953 3520 Sauromatarum.

690 3560 849 3632 Eleeotio
876 3566 979 3634 cocis.
1034 3564 1116 3648 Quis
1142 3560 1318 3656 praebebit
1340 3561 1488 3653 jubilum,
1516 3571 1577 3633 etc.

1201 3838 1332 3907 Oratio.

693 4022 814 4097 Coram
842 4024 971 4115 throno,
998 4028 1151 4115 Domine,
1179 4025 1353 4121 praeclaro
1387 4029 1568 4118 majestatis
1595 4036 1683 4115 tuae,
1711 4037 1744 4098 et
1770 4025 1855 4099 solio
1882 4049 1953 4098 ex-

590 4141 692 4233 celso,
719 4151 817 4236 atquc
844 4141 973 4213 sublimi
999 4143 1129 4236 gloriae
1156 4153 1244 4231 tuae,
1272 4151 1305 4212 et
1331 4145 1363 4211 in
1391 4140 1472 4212 sede
1499 4140 1635 4213 terribili
1661 4142 1858 4214 fortitudinis
1885 4166 1951 4214 ca-

589 4262 695 4330 ritatis
722 4269 810 4347 tuac,
837 4258 997 4353 altarique
1023 4261 1273 4355 propitiatorio,
1311 4256 1398 4350 quod
1433 4255 1589 4329 voluntas
1624 4268 1677 4329 tua
1713 4256 1886 4347 stabilivit,
1918 4262 1954 4331 in

589 4376 729 4466 regione
755 4396 902 4469 passurae
928 4385 1015 4461 tuae,
1043 4398 1116 4447 curn
1143 4372 1284 4445 millibus
1313 4370 1491 4444 Cherubim
1518 4372 1724 4445 laudantibus
1754 4384 1795 4459 te,
1824 4383 1857 4444 et
1885 4374 1952 4445 de-

588 4494 657 4564 cies
683 4490 824 4563 millibus
840 4490 1014 4586 Seraphim
1041 4489 1320 4563 sanctificantibus
1348 4500 1391 4578 te,
1419 4488 1620 4579 accedimuS,
1647 4489 1834 4576 adoramus
1862 4512 1952 4561 con-

587 4606 715 4680 fitemur
741 4619 775 4680 et
801 4607 1022 4700 glorificamus
1050 4617 1094 4695 te,
1121 4629 1263 4702 semper,
1292 4610 1434 4678 omnium
1461 4606 1613 4676 Domine.

690 4724 730 4794 ln
755 4726 934 4810 memoriis,
962 4730 996 4793 et
1020 4725 1130 4793 seatio
1156 4726 1266 4816 seriis.
1326 4720 1457 4791 Nomen
1490 4731 1577 4792 tuum
1611 4743 1764 4812 magnum
1797 4731 1829 4791 et
1863 4744 1951 4792 san-

586 4850 685 4929 etum,
711 4839 918 4936 praeclarum
946 4848 980 4909 et
1004 4837 1229 4912 benedictum:
1255 4837 1388 4910 beatum
1416 4847 1449 4907 et
1474 4834 1805 4931 incomprehensibile
1831 4835 1950 4908 Triui-

586 4958 661 5026 tatis
687 4966 764 5026 tuae
790 4956 972 5048 gloriosae,
999 4963 1034 5024 et
1059 4957 1200 5045 gratiam
1227 4963 1315 5025 tuaru
1342 4975 1425 5044 erga
1452 4974 1558 5044 genus
1585 4962 1753 5041 nostrum,
1788 4951 1949 5027 debemus

588 5092 793 5164 quocumque
820 5082 970 5167 tempore
996 5069 1158 5157 confiteri,
1186 5068 1328 5140 adorare
1354 5077 1388 5139 et
1414 5067 1612 5160 glorificare,
1640 5072 1782 5140 omnium
1794 5069 1948 5142 Domine.

690 5190 956 5281 Respoosorium
983 5188 1030 5256 od
1055 5185 1237 5275 cancellos,
1263 5193 1437 5278 utsupra.
1472 5184 1554 5270 Quis
1573 5186 1751 5279 praecepit.
1787 5183 1948 5257 Pontifici.

588 5304 695 5390 Quam
721 5305 881 5399 spiratio
908 5301 1005 5375 nobis
1031 5304 1174 5375 Domine
1200 5313 1234 5374 et
1251 5302 1345 5373 Deus
1372 5311 1486 5374 noster
1513 5300 1598 5373 odor
1624 5305 1738 5373 suavis
1766 5300 1947 5374 dulcedinis
