5150 6534
601 796 605 803 ’
740 827 838 900 nnn
1197 829 1702 909 orssnnrsrro

740 1017 938 1106 Jacobitas,
972 1038 1076 1110 usqae
1111 1017 1158 1087 ad
1191 1023 1319 1111 tempas
1353 1021 1468 1110 patm's
1500 1022 1611 1088 nostri
1636 1020 1782 1091 Joonnis
1816 1020 1995 1091 Barmnan
2028 1024 2110 1093 Pa-

742 1120 918 1190 triarcbae
944 1120 1163 1192 Antiochiae.
1215 1121 1353 1192 Deinde
1379 1126 1459 1191 orta
1485 1127 1536 1192 est
1562 1124 1652 1191 inter
1668 1122 1824 1215 Coptitas
1850 1130 1884 1194 et
1898 1122 2006 1216 Speos
2031 1127 2109 1199 dis-

742 1227 873 1311 sensio,
911 1227 993 1317 qnia
1026 1221 1108 1315 Syri
1140 1231 1272 1316 ponant
1306 1228 1343 1294 in
1381 1248 1446 1293 sna
1481 1224 1654 1295 oblatione
1686 1226 1791 1296 salem
1826 1233 1859 1297 et
1893 1227 2009 1298 oleam.
2062 1231 2110 1300 Et

742 1329 883 1419 scripsit
903 1333 1008 1419 pater
1034 1334 1151 1398 noster
1177 1328 1331 1398 Joannes
1356 1327 1536 1398 Barsnsan
1562 1327 1723 1415 libellam,
1751 1332 1870 1422 inquo
1891 1330 2108 1403 demonstra-

741 1434 791 1500 oit
822 1432 1091 1522 omificationem
1126 1434 1309 1521 positionis
1343 1430 1428 1499 salis
1463 1433 1498 1499 et
1532 1429 1600 1501 olei
1632 1434 1668 1500 in
1703 1431 1935 1503 Eacboristia.
1988 1433 2109 1507 Melius

741 1536 915 1625 magisque
949 1536 1135 1627 perspicue.
1189 1532 1340 1626 Scripsit
1370 1531 1560 1626 Epistolam
1589 1534 1739 1626 publice,
1765 1539 1802 1604 in
1828 1558 1896 1629 qna
1922 1537 2110 1628 caplicaoit

741 1641 940 1731 armamenta
966 1636 1085 1728 quibas
1109 1637 1213 1707 solem
1239 1643 1274 1705 et
1301 1636 1409 1706 oleum
1427 1639 1514 1727 pani
1543 1636 1784 1708 Encbanmtico
1805 1645 1901 1708 recte
1929 1641 2110 1711 admisceri

738 1739 909 1832 probauit.
962 1739 1152 1809 Tractatum
1179 1738 1342 1829 ejusmodi
1368 1738 1513 1834 Syriaca
1530 1742 1686 1833 scriptum
1712 1744 1897 1836 reperimus
1923 1744 1957 1812 in
1980 1741 2107 1816 Codice

742 1840 956 1932 Colbertiao,
984 1840 1045 1913 sub
1073 1840 1136 1913 boc
1162 1841 1265 1914 titulo.
1319 1842 1519 1933 implicatio
1543 1847 1706 1934 mysticae
1731 1847 2007 1936 sipnificationis,
2043 1870 2108 1917 sa-

741 1944 800 2031 lis,
838 1948 997 2037 fermenti
1029 1952 1062 2015 et
1097 1945 1165 2015 olei
1200 1945 1290 2039 qnod
1318 1949 1405 2037 pani
1435 1943 1677 2016 Eacbaristico
1712 1947 1947 2037 admiscemus,
1987 1956 2109 2020 antone

741 2048 876 2118 Joanne
901 2048 1124 2120 Patriarcba.
1177 2050 1216 2120 ls·
1237 2071 1280 2119 ne
1306 2052 1349 2133 sit
1376 2069 1473 2142 quem
1498 2047 1678 2120 Barsnsan
1705 2049 1890 2144 appellant,
1925 2056 2108 2125 nescimus:

742 2150 801 2223 sed
830 2151 979 2246 Coptitas
1008 2151 1236 2223 admistionem
1263 2152 1351 2223 illam
1378 2172 1446 2223 non
1471 2148 1637 2244 probasse
1664 2162 1789 2223 certum
1816 2162 1888 2241 est,
1923 2177 1969 2223 ex
1994 2153 2106 2227 histo-

740 2258 791 2323 ria
816 2254 1082 2326 Patriarebarum
1095 2254 1398 2327 Alexandrinorum
1423 2257 1457 2324 in
1481 2256 1552 2325 vita
1566 2253 1777 2343 Christoduli,
1804 2255 1911 2349 deque
1928 2279 1968 2327 ea
1983 2258 2108 2328 dicetur

739 2358 773 2426 in
798 2362 887 2431 notis
914 2357 956 2429 ad
983 2358 1141 2452 Syriacas
1168 2358 1346 2450 Liturgias.
1756 2437 1759 2442 .

842 2462 879 2532 ln
905 2460 967 2531 illis
995 2460 1136 2531 diximus
1162 2460 1361 2557 Dionysium
1386 2460 1551 2533 Barsalibi
1576 2463 1735 2533 mistionis
1765 2460 1851 2533 illius
1884 2484 1950 2533 non
1983 2467 2107 2535 memi-

738 2566 850 2653 nisse,
884 2573 920 2634 ut
947 2586 1028 2636 sane
1054 2561 1196 2635 verbum
1223 2564 1265 2635 de
1292 2587 1333 2635 ea
1367 2584 1435 2633 non
1468 2563 1547 2634 iecit
1582 2568 1614 2634 in
1648 2564 1807 2635 Tractatu
1842 2564 1884 2636 de
1918 2570 2106 2660 praecipuis

737 2664 968 2739 Eucharistiae
993 2666 1118 2737 ritibus.
1172 2668 1219 2739 At
1244 2670 1277 2737 in
1305 2667 1552 2739 Commentario
1580 2667 1621 2738 ad
1648 2665 1768 2738 Jaeohi
1801 2668 2003 2759 Liturgiam,
2032 2692 2108 2741 cum

740 2768 859 2865 duplici
886 2770 1013 2843 Codice
1039 2773 1090 2841 usi
1115 2768 1310 2859 fuissemus,
1342 2772 1377 2840 in
1409 2792 1475 2841 uno
1501 2770 1579 2841 nihil
1613 2769 1719 2842 simile
1753 2794 1772 2841 a
1807 2770 1904 2843 nobis
1939 2783 2108 2867 repertum

737 2871 864 2946 iuerat:
891 2876 923 2943 in
951 2872 1056 2944 altero
1083 2882 1193 2944 tamen
1219 2876 1404 2967 reperimus
1420 2884 1497 2967 post
1510 2873 1630 2945 editum
1650 2871 1931 2945 Commentarium
1946 2887 2108 2965 nostrum,

738 2974 780 3045 de
807 3001 848 3047 ea
875 2977 954 3050 salis
982 2986 1015 3047 et
1041 2976 1106 3047 olei
1134 2975 1329 3048 admistione
1355 2980 1450 3070 paria
1474 2977 1565 3048 illmn
1592 3000 1667 3048 cum
1682 2976 1816 3070 reliquis
1835 2977 1932 3071 Syris
1948 2982 2106 3050 sensisse.

736 3078 851 3175 ltaque
879 3102 1026 3150 errorem
1053 3079 1115 3149 hac
1142 3082 1175 3150 in
1201 3090 1296 3174 parte
1322 3091 1487 3168 nostrum,
1514 3073 1754 3151 ne'leoanhus
1770 3078 1878 3150 fraudi
1896 3102 1973 3151 esse
1986 3085 2104 3175 possit,

673 3239 674 3242 ,
737 3186 969 3274 agnoscimus3
997 3182 1157 3275 simulque
1182 3187 1365 3254 novitatem
1391 3183 1480 3254 illam
1508 3207 1528 3254 a
1555 3181 1714 3254 Jacobitis
1743 3182 1962 3254 introductam
1989 3182 2105 3271 fuisse,

431 3507 469 3561 De
487 3509 570 3562 Procli
584 3509 706 3581 liturgia.

736 3296 911 3380 antequam
936 3284 1140 3358 Barsalibius
1168 3285 1348 3374 scriberet,
1376 3286 1464 3379 quod
1492 3284 1623 3355 dubium
1649 3282 1746 3355 nobis
1772 3283 1963 3376 videbatur,
1989 3286 2104 3357 liben-

735 3398 786 3459 ter
811 3388 961 3460 fatemur.

839 3490 1010 3563 lleVlI.
1065 3489 1202 3563 Gabriel
1228 3490 1356 3563 Sionita
1382 3493 1468 3561 inter
1501 3491 1583 3561 alias
1626 3510 1709 3584 quas
1750 3492 1906 3563 recenset
1936 3492 2105 3584 Liturgias

735 3616 835 3665 unam
861 3594 1147 3666 numeratProclo
1161 3593 1301 3668 loannis
1329 3593 1563 3689 Cbrq'sostomi
1589 3592 1749 3687 discipulo
1776 3594 1982 3683 attributam,
2019 3619 2104 3689 (quae

736 3696 878 3769 anobis
906 3701 939 3767 in
970 3698 1059 3769 nullo
1094 3697 1221 3769 Codice
1254 3707 1389 3792 reperta
1428 3707 1495 3781 est,
1529 3700 1592 3769 etsi
1624 3696 1805 3791 permultos
1839 3702 2103 3786 tractaverimus

735 3812 869 3872 veteres
897 3809 930 3871 et
955 3799 1066 3873 bonae
1091 3811 1212 3891 notae,
1240 3811 1274 3871 et
1301 3800 1424 3894 aliquot
1449 3803 1665 3872 recentiores,
1719 3800 1911 3872 Verendum
1931 3824 2033 3895 porro
2061 3824 2104 3872 ne

736 3903 927 3976 Gabrielem
961 3906 1120 3975 memoria
1156 3926 1234 3993 sua,
1268 3914 1324 3976 aut
1357 3903 1462 3976 falsus
1503 3903 1611 3975 titulus
1648 3903 1827 3999 deceperit.
1880 3904 1971 3974 Fieri
2005 3907 2103 3974 etiam

733 4011 838 4103 potuit
864 4018 899 4079 ut
926 4007 1045 4080 Codex
1072 4030 1137 4101 quo
1163 4029 1244 4080 usus
1272 4016 1324 4081 est
1349 4006 1477 4079 Sionita
1504 4030 1549 4078 ex
1574 4007 1706 4079 illorum
1731 4028 1858 4099 genere
1884 4003 1989 4093 ioret,
2018 4027 2103 4099 quos

735 4112 887 4183 advenae
914 4111 993 4207 Spri
1021 4108 1273 4199 circumferunt,
1301 4121 1335 4183 et
1362 4133 1500 4205 quorum
1526 4110 1637 4181 titulos
1663 4120 1791 4180 mutare
1825 4108 1949 4197 soleat,
1984 4130 2027 4177 ne
2062 4106 2103 4177 de

735 4214 930 4288 Ortbodo‘rra
966 4214 1047 4303 lide,
1090 4237 1187 4308 quam
1219 4236 1258 4284 se
1294 4212 1447 4308 amplecti
1482 4222 1659 4302 testantur,
1691 4213 1914 4305 suspicionem
1946 4213 2102 4302 injiciant.

733 4316 781 4388 lta
808 4318 978 4391 Sacerdos
1005 4316 1235 4408 Bagdadensis
1261 4316 1355 4388 Elias
1383 4317 1508 4388 titulum
1534 4319 1651 4386 tertiae
1678 4336 1760 4386 suae
1786 4312 1958 4403 Litnrgiae
1989 4324 2104 4384 muta-

733 4432 851 4511 verat,
885 4432 919 4493 et
952 4445 996 4492 ex
1022 4420 1169 4491 Nestorii
1196 4424 1330 4491 nonrine
1356 4420 1495 4491 loannis
1521 4439 1642 4490 nomen
1669 4416 1893 4503 formaverat,
1928 4416 2016 4511 quod
2043 4416 2103 4486 f-

733 4533 826 4595 cerat
852 4525 1000 4597 similiter
1027 4523 1110 4593 alter
1137 4545 1182 4593 ex
1207 4523 1469 4618 Mesopotamia,
1495 4522 1551 4592 lsa
1585 4524 1729 4591 nomine.
1782 4519 1938 4591 Dioscori
1972 4541 2103 4614 quoque

732 4650 855 4701 nomen
880 4631 926 4698 ita
951 4625 1222 4699 transformatum
1246 4630 1280 4697 in
1308 4624 1432 4719 aliquot
1458 4621 1640 4697 Codicibus
1668 4622 1970 4695 animadvertimus.

799 4728 802 4739 ¹
835 4745 947 4839 Atque
972 4743 1057 4815 baec
1084 4752 1159 4813 sunt
1183 4743 1270 4835 quae
1298 4742 1340 4813 de
1364 4741 1524 4832 Liturgiis
1541 4744 1740 4834 praesertim
1755 4737 1981 4812 Jacobitarum
1994 4761 2101 4834 prae-

731 4847 795 4920 fari
823 4847 1017 4942 oportebat,
1043 4844 1171 4939 reliqua
1197 4848 1232 4914 in
1257 4848 1345 4917 notis
1373 4844 1416 4915 ad
1441 4842 1590 4937 singrdas
1619 4841 1880 4939 explicabuntur.

1146 5192 1677 5239 ψ-
