5150 6534
757 820 807 892 46
1131 821 1749 900 OBSERl'thOh'ES

756 1005 979 1086 adgratiarum
1002 1006 1150 1067 actionem
1173 1005 1352 1067 extemlitur.
1397 1007 1515 1069 illarum
1540 1026 1616 1087 quac
1634 1008 1758 1087 Syriaco
1782 1017 1900 1088 extant,
1925 1010 2034 1074 multos
2059 1006 2126 1070 Co-

757 1103 839 1165 dices
863 1106 1072 1178 tractavimus,
1096 1113 1186 1184 atquc
1209 1106 1285 1168 arrico
1310 1107 1347 1167 de
1370 1106 1429 1167 illis
1453 1107 1596 1168 dubitatio
1619 1124 1716 1187 prope
1740 1109 1820 1170 nulla
1843 1117 1906 1188 est,
1942 1127 2041 1190 neque
2063 1127 2131 1168 ma-

751 1203 830 1283 joris
862 1206 1000 1265 irionrenti
1032 1204 1192 1265 discrimen
1224 1203 1315 1264 ιιΙΙιιιιι
1345 1207 1600 1268 animadvertitur.
1645 1205 1685 1266 ht
1713 1215 1828 1285 partem
1859 1209 1983 1270 alteram
2013 1209 2043 1269 in
2072 1225 2132 1286 qua

756 1305 965 1363 caeremoniae
988 1320 1158 1381 precesque
1182 1304 1384 1379 continentur,
1408 1305 1514 1385 quibus
1540 1305 1720 1368 Sacerdotes
1746 1305 1814 1387 Syri
1836 1308 1879 1368 uti
1901 1307 2001 1370 solent
2023 1306 2060 1368 ad
2083 1305 2132 1366 al-

755 1401 829 1462 taris
851 1404 1040 1483 ingressum,
1064 1401 1100 1461 ad
1125 1403 1247 1481 prinuun
1271 1401 1417 1465 donorum
1441 1405 1714 1485 praeparationem,
1738 1412 1769 1465 et
1784 1405 1958 1482 illationem,
1981 1404 2131 1486 publicam

754 1518 811 1580 pro
835 1502 925 1561 variis
948 1502 1040 1562 rebus
1064 1509 1093 1561 ct
1125 1503 1264 1580 personis
1295 1503 1560 1582 supplicationem,
1584 1504 1799 1581 scripturarum
1824 1505 1982 1566 lectionem
2011 1512 2040 1566 et
2071 1503 2130 1565 alia

756 1600 853 1660 onmia
866 1585 1232 1686 aponepccoaaeoenad,
1246 1603 1334 1680 pauci
1350 1601 1415 1662 libri
1430 1611 1573 1663 accurate
1590 1609 1828 1681 repraesentant.
1861 1603 1966 1682 Neque
1982 1605 2086 1664 mirum
2100 1603 2131 1664 id

756 1699 892 1776 cuiqmrm
915 1698 1010 1758 videri
1034 1698 1141 1774 debet,
1165 1717 1230 1760 cuin
1256 1699 1364 1760 Graeci
1388 1699 1543 1779 Latinique
1566 1701 1800 1762 sacramentales
1827 1703 1894 1764 libri
1922 1703 2048 1784 alicujus
2071 1721 2131 1762 ve-

756 1799 886 1874 tustatis,
911 1815 945 1857 ea
970 1816 1091 1877 quoque
1109 1797 1320 1859 caeremoniali
1334 1807 1418 1878 parte
1443 1807 1582 1860 careant:
1607 1800 1721 1860 scilicet
1738 1802 1806 1880 quia
1825 1803 1900 1863 ritus
1923 1801 2002 1878 illos,
2017 1803 2131 1864 Sacer-

757 1897 863 1970 dotes,
886 1903 917 1958 ct
940 1897 987 1956 alii
1011 1896 1146 1958 altarium
1169 1899 1313 1972 ministri,
1336 1915 1392 1958 usu
1416 1898 1589 1977 quotidiano
1613 1899 1714 1977 potius
1742 1908 1773 1960 ct
1800 1900 1922 1962 assiduo
1953 1898 2130 1973 ministerio,

756 2013 844 2075 (priam
866 1997 979 2074 scripto
1004 1996 1206 2071 docebantur,
1231 2005 1260 2058 et
1283 1997 1403 2076 quando
1427 1998 1516 2059 scribi
1545 2005 1726 2077 coeperunt,
1762 2017 1822 2061 non
1850 2001 1880 2060 in
1910 1999 1992 2060 libris
2022 2014 2131 2059 sacra-

755 2093 949 2170 mentalibus,
973 2095 1027 2155 sed
1051 2097 1080 2155 in
1104 2095 1167 2156 aliis
1192 2096 1416 2171 scribebantur,
1440 2095 1521 2176 quod
1545 2097 1624 2176 apud
1648 2097 1782 2158 Graecos
1806 2106 1837 2159 ct
1858 2098 1994 2178 Coptitas
2017 2095 2129 2159 lactum

755 2191 849 2255 fuisse
872 2193 1109 2254 observavimus.

469 2287 741 2357 ¹¹¹⁵tt¹⁰¹¹¹¹¹¹t1¹⁰³¹¹¹¹l
843 2293 1015 2354 Paucissimi
1047 2293 1137 2373 igitur
1164 2292 1276 2370 antiqui
1307 2291 1436 2354 Codices
1467 2293 1725 2374 praeparatoriam
1753 2294 1833 2355 illam
1864 2295 2067 2376 disciplinam,
2098 2301 2130 2355 et

433 2376 599 2429 mmm
755 2395 909 2474 adjunctas
934 2393 1029 2454 eidem
1054 2411 1163 2472 preces
1186 2401 1433 2476 repraesentant,
1464 2403 1593 2473 srrntque
1615 2393 1656 2454 illi
1685 2402 1717 2454 ut
1747 2394 1903 2473 plurimum
1927 2393 2129 2469 recentiores,

755 2511 821 2554 cum
846 2508 905 2552 uon
929 2501 987 2553 taen
1011 2491 1048 2551 ad
1073 2493 1253 2571 andquitatis
1277 2492 1427 2567 iuditium,
1452 2493 1536 2570 crpus
1561 2499 1705 2571 expertes
1728 2493 1848 2553 omnino
1872 2500 1954 2569 sunt,
1979 2509 2066 2571 quam
2090 2489 2129 2550 ad

754 2594 811 2654 rite
834 2591 1044 2653 celebrandam
1067 2590 1231 2671 liturgiam
1255 2590 1434 2653 reserantur.
1481 2591 1586 2670 Neque
1610 2599 1708 2652 tanren
1732 2592 1771 2651 ita
1796 2609 1934 2652 caremus
1956 2589 2130 2652 necessaria

754 2691 867 2751 veteris
890 2690 1064 2769 disciplinae
1087 2690 1276 2770 coplatione,
1301 2707 1388 2769 quam
1412 2689 1545 2751 Ardores
1569 2690 1644 2750 varii
1675 2689 1916 2765 subministrant,
1945 2697 1977 2750 ut
2007 2689 2128 2751 divina-

755 2793 853 2850 tiones
877 2797 1013 2863 nostraS‚
1037 2790 1122 2867 (prasi
1147 2795 1246 2848 certas
1270 2804 1485 2868 proponamus,
1508 2806 1574 2850 cuni
1598 2789 1799 2868 conjecturis,
1822 2807 1882 2850 non
1911 2788 1968 2848 nisi
1991 2785 2041 2847 ubi
2069 2804 2130 2847 ne-

756 2890 883 2949 cessitas
907 2887 1055 2967 postulat,
1080 2888 1122 2947 uti
1138 2886 1306 2964 soleamus,
1331 2905 1444 2966 easque
1466 2888 1657 2967 subjiciamus
1681 2887 1857 2966 peritiorum
1867 2885 1988 2966 judicio.
2021 2885 2128 2966 Longa

757 2988 836 3049 enim
861 2985 1007 3066 ejusmodi
1030 2984 1195 3047 studiorum
1219 2987 1406 3064 experientia
1430 2985 1602 3062 didicimus,
1626 3004 1713 3065 quam
1736 2985 1938 3065 periculosum
1961 2985 2017 3059 sit,
2041 2983 2070 3042 in
2094 2999 2129 3044 re

755 3086 969 3148 obscurissima
979 3083 1098 3160 judiciis
1115 3084 1178 3144 suis
1194 3085 1313 3146 rrirniuni
1330 3086 1474 3162 tribuere,
1499 3103 1564 3145 cuni
1589 3103 1623 3145 ca
1645 3103 1722 3164 quac
1745 3082 1956 3146 verisimillima
1978 3081 2128 3158 videnlur,

755 3203 812 3247 nco
826 3182 1051 3247 contemnendis
1064 3185 1248 3265 argumentis
1263 3183 1446 3259 cardinalatu,
1469 3185 1556 3244 unius
1580 3183 1738 3263 aliquando
1755 3183 1822 3243 libri
1840 3183 1983 3242 autoritas
2001 3187 2128 3242 evertat.

482 3283 506 3334 ¹³
530 3299 605 3351 quem
626 3282 741 3336 dedimus
841 3284 873 3344 ln
897 3283 953 3344 hac
977 3284 1068 3364 igitur
1090 3283 1184 3360 prima
1199 3279 1565 3364 προπαρασκειιασιικῇ,
1590 3283 1669 3342 sacri
1688 3281 1781 3343 Oihcii
1794 3289 1879 3361 parto
1893 3277 2127 3358 interpretanda,

431 3369 464 3419 “¹
482 3385 547 3436 ‘1¹¹⁰’
563 3371 695 3435 pertineat.
754 3385 884 3462 priorem
909 3383 1007 3442 iocum
1029 3379 1164 3441 dedimus
1189 3379 1230 3440 illi
1254 3381 1375 3455 (illicio,
1410 3380 1489 3458 quod
1521 3382 1549 3440 in
1579 3381 1707 3459 antiquis
1731 3379 1892 3442 Codicibus
1921 3377 2128 3456 Seguieriuuis

754 3491 785 3544 ct
809 3481 991 3542 Cvilbertinis
1016 3497 1032 3538 a
1060 3478 1145 3538 uobis
1170 3484 1323 3554 repertum
1352 3485 1413 3554 cst,
1448 3477 1528 3556 quod
1556 3480 1643 3539 (etiarm
1672 3480 1776 3557 paucis
1805 3477 1961 3555 exceptis,
1994 3474 2127 3536 Romana

754 3579 882 3640 blissalis
907 3575 1058 3638 Chaldaici
1088 3575 1177 3635 editio
1208 3576 1281 3636 satis
1313 3584 1453 3636 accurate
1484 3585 1709 3656 repraesentat,
1739 3596 1838 3656 neque
1870 3577 1962 3652 eitun,
1994 3582 2026 3634 ut
2056 3573 2127 3635 alibi

754 3677 944 3737 observatum
969 3681 1032 3750 est,
1056 3673 1210 3755 biturgiac
1233 3681 1262 3734 et
1286 3671 1357 3735 illud
1382 3674 1526 3752 Ollicium,
1550 3675 1586 3735 od
1610 3675 1774 3736 blavonilas
1797 3675 1958 3754 pertinent,
1982 3673 2127 3752 qtudquid

754 3776 809 3836 viri
833 3793 872 3835 ex
896 3793 931 3834 ea
955 3780 1046 3853 geute
1069 3771 1148 3834 docti
1172 3774 1201 3832 in
1225 3775 1405 3834 contrarium
1428 3775 1614 3854 scripserint.
1660 3775 1734 3835 Nam
1769 3776 1826 3835 etsi
1857 3790 1977 3852 semper
2011 3771 2040 3832 in
2070 3789 2141 3834 ore*

754 3882 784 3935 et
813 3874 842 3932 in
870 3872 990 3951 seriptis
1020 3871 1165 3949 habeant,
1196 3889 1342 3952 nusquam
1373 3875 1568 3952 interruptam
1601 3873 1693 3934 hiisso
1728 3873 1923 3933 Orthodoxae
1954 3871 2023 3932 hdei
2046 3871 2125 3949 apud

753 3973 883 4052 maJores
907 3990 978 4032 suos
1002 3970 1280 4034 conservationem:
1305 3969 1371 4032 illos
1395 3973 1450 4032 sub
1476 3972 1626 4033 Ainierico
1643 3973 1731 4034 tertio
1745 3972 1918 4032 Latinorum
1933 3967 2125 4031 Antiocheno

752 4070 939 4144 Patriarcha,
963 4089 979 4129 a
1003 4070 1227 4131 hlonothelitiea
1250 4069 1368 4130 haeresi
1393 4069 1430 4130 ad
1454 4071 1620 4132 Ecclesiam
1644 4079 1804 4132 revocatos
1826 4069 1939 4144 fuisso,
1969 4070 2054 4131 testis
2077 4077 2125 4130 est

752 4171 831 4232 omni
854 4171 1034 4249 exceptione
1058 4169 1153 4248 iiiique
1175 4168 1345 4228 Willelmus
1360 4169 1479 4248 Tyriae,
1503 4171 1588 4250 cujus
1613 4170 1812 4231 testimonium
1828 4169 1995 4247 scriptores
2020 4187 2124 4230 omncs

751 4267 871 4330 Arabes
894 4275 924 4328 et
948 4267 1031 4346 Syri,
1057 4266 1235 4342 Orthodoxi,
1257 4267 1431 4328 Nestoriani
1453 4276 1483 4328 ct
1506 4267 1662 4329 Jacobitae
1680 4267 1864 4329 conlirmant.
1910 4267 1993 4339 Quos
2011 4267 2124 4344 hieira,

753 4366 942 4428 Echcllensis
967 4375 996 4427 et
1028 4365 1147 4426 tandem
1177 4365 1327 4426 haironus
1358 4365 1414 4426 iliis
1449 4374 1620 4447 opponunt,
1655 4367 1771 4427 ilhuum
1804 4372 2014 4444 praeterquam
2045 4366 2124 4428 inter

751 4465 914 4526 blarouitas
937 4483 975 4525 ne
997 4483 1106 4525 nomen
1130 4462 1249 4543 quidem
1272 4471 1373 4524 nohtm
1397 4473 1458 4526 est:
1482 4467 1594 4545 scripta
1618 4465 1708 4525 inulto
1732 4465 1845 4539 minus,
1880 4483 1956 4544 ιμιιιο
1979 4473 2009 4525 et
2032 4465 2124 4526 rrovi-

752 4565 822 4625 tatis
844 4561 953 4623 indicia
976 4563 1121 4642 permulta
1145 4562 1337 4642 proderunt,
1360 4580 1458 4642 nequo
1482 4563 1519 4624 ab
1543 4565 1600 4624 illis
1630 4563 1764 4641 laudata,
1796 4570 1846 4623 aut
1875 4564 1903 4624 in
1934 4563 2123 4642 amplissimis

751 4661 945 4724 bibliothecis
969 4669 1149 4724 conservata
1171 4663 1376 4740 reperiuntur.
1423 4662 1533 4723 Oirrnes
1556 4664 1648 4744 igitur
1669 4663 1824 4742 Liturgiae
1842 4662 1996 4741 Syriacae,
2018 4661 2124 4724 hiaro-

753 4763 911 4824 niticarum
934 4761 1018 4823 titulo
1044 4760 1159 4835 editae,
1182 4768 1233 4821 aut
1255 4779 1333 4840 quac
1357 4763 1385 4821 in
1410 4762 1623 4823 recentissimis
1646 4763 1759 4843 aliquot
1775 4760 1937 4823 Codicibus
1961 4759 2124 4838 reperiun-

753 4869 817 4939 tur,
839 4860 1043 4922 Jacobitarmn
1067 4866 1154 4934 stud,
1178 4866 1210 4920 ut
1232 4859 1403 4938 complures
1427 4858 1501 4921 aliae
1524 4878 1599 4939 quas
1622 4868 1763 4921 recenset
1793 4859 1980 4921 hbrahamus
2010 4856 2124 4920 Echel-

753 4961 856 5021 lensis.
901 4959 974 5020 Nam
998 4961 1028 5019 in
1053 4957 1214 5020 Codicibus
1236 4957 1439 5019 Jacobitarum
1470 4959 1520 5037 qui
1547 4966 1709 5019 servantur
1730 4960 1762 5019 in
1783 4957 1967 5020 Bibliotheca
1991 4955 2119 5039 Seguie-

753 5060 836 5118 rinna
860 5064 890 5119 et
914 5057 1104 5133 Colbcrtina,
1134 5063 1166 5116 ut
1189 5056 1218 5115 in
1246 5056 1437 5134 Florentino,
1468 5074 1571 5118 omncs
1599 5056 1668 5118 illae
1698 5057 1907 5137 reperiuntur,
1940 5073 2007 5116 cum
2031 5055 2122 5115 certis

751 5156 884 5234 indiciis,
916 5175 993 5235 quau
1024 5154 1089 5217 illas
1118 5154 1263 5216 iacebitis
1292 5156 1429 5234 proprias
1459 5174 1529 5216 esso
1564 5154 1780 5219 demonstrant.
1826 5152 1903 5231 huo,
1938 5153 2018 5233 quod
2050 5153 2122 5213 satis

752 5254 852 5314 inirari
875 5272 935 5316 non
958 5271 1135 5334 possumus,
1166 5255 1195 5315 in
1224 5253 1356 5315 Rorriana
1386 5255 1450 5336 ipsa
1479 5254 1625 5329 editione,
1660 5255 1736 5316 tituli
1765 5255 1877 5317 servati
1909 5261 1976 5314 sunt
1997 5250 2121 5313 loannis
