<?xml version="1.0" encoding="UTF-8"?>
<!DOCTYPE html PUBLIC "-//W3C//DTD XHTML 1.0 Transitional//EN"
    "http://www.w3.org/TR/xhtml1/DTD/xhtml1-transitional.dtd">
<html xmlns="http://www.w3.org/1999/xhtml" xml:lang="en" lang="en">
 <head>
  <title>
</title>
<meta http-equiv="Content-Type" content="text/html;charset=utf-8" />
  <meta name='ocr-system' content='tesseract 3.04.00' />
  <meta name='ocr-capabilities' content='ocr_page ocr_carea ocr_par ocr_line ocrx_word'/>
</head>
<body>
  <div class='ocr_page' id='page_1' title='image "./liturgiarumorie00renagoog_0494.png"; bbox 0 0 5150 6534; ppageno 0'>
   <div class='ocr_carea' id='block_1_1' title="bbox 623 814 1488 894">
    <p class='ocr_par' dir='ltr' id='par_1_1' title="bbox 623 814 1488 894">
     <span class='ocr_line' id='line_1_1' title="bbox 623 814 1488 894; baseline -0.002 -2"><span class='ocrx_word' id='word_1_1' title='bbox 623 820 700 894; x_wconf 79' lang='lat'><strong>456</strong></span> <span class='ocrx_word' id='word_1_2' title='bbox 1129 814 1488 891; x_wconf 78' lang='lat' dir='ltr'>LITURGIA</span> 
     </span>
    </p>
   </div>
   <div class='ocr_carea' id='block_1_2' title="bbox 623 1001 2001 1328">
    <p class='ocr_par' dir='ltr' id='par_1_2' title="bbox 623 1001 2001 1328">
     <span class='ocr_line' id='line_1_2' title="bbox 728 1001 1210 1098; baseline -0.01 -23"><span class='ocrx_word' id='word_1_3' title='bbox 728 1005 888 1097; x_wconf 84' lang='lat' dir='ltr'><strong>Populus.</strong></span> <span class='ocrx_word' id='word_1_4' title='bbox 941 1003 1046 1098; x_wconf 73' lang='lat' dir='ltr'><strong>llyrie</strong></span> <span class='ocrx_word' id='word_1_5' title='bbox 1073 1001 1210 1074; x_wconf 88' lang='lat' dir='ltr'><strong>eleison.</strong></span> 
     </span>
     <span class='ocr_line' id='line_1_3' title="bbox 726 1115 1999 1210; baseline -0.002 -19"><span class='ocrx_word' id='word_1_6' title='bbox 726 1119 910 1191; x_wconf 80' lang='lat' dir='ltr'><strong><em>Sacerdos.</em></strong></span> <span class='ocrx_word' id='word_1_7' title='bbox 988 1117 1128 1205; x_wconf 83' lang='lat' dir='ltr'>Quando</span> <span class='ocrx_word' id='word_1_8' title='bbox 1172 1116 1303 1210; x_wconf 89' lang='lat' dir='ltr'><strong>quidem</strong></span> <span class='ocrx_word' id='word_1_9' title='bbox 1343 1115 1470 1188; x_wconf 92' lang='lat' dir='ltr'><strong>scilicet</strong></span> <span class='ocrx_word' id='word_1_10' title='bbox 1514 1125 1750 1210; x_wconf 68' lang='lat' dir='ltr'><strong>exspectamus</strong></span> <span class='ocrx_word' id='word_1_11' title='bbox 1789 1116 1999 1188; x_wconf 87' lang='lat' dir='ltr'><strong>clementiam</strong></span> 
     </span>
     <span class='ocr_line' id='line_1_4' title="bbox 623 1229 2001 1328; baseline -0.004 -20"><span class='ocrx_word' id='word_1_12' title='bbox 623 1249 724 1326; x_wconf 80' lang='lat' dir='ltr'><strong>tuum,</strong></span> <span class='ocrx_word' id='word_1_13' title='bbox 751 1257 772 1306; x_wconf 89' lang='grc' dir='ltr'>ο</span> <span class='ocrx_word' id='word_1_14' title='bbox 800 1235 958 1322; x_wconf 87' lang='lat' dir='ltr'><strong>clemens,</strong></span> <span class='ocrx_word' id='word_1_15' title='bbox 987 1245 1140 1328; x_wconf 87' lang='lat' dir='ltr'><strong>tanquam</strong></span> <span class='ocrx_word' id='word_1_16' title='bbox 1167 1231 1222 1303; x_wconf 90' lang='lat' dir='ltr'><strong>lilii</strong></span> <span class='ocrx_word' id='word_1_17' title='bbox 1254 1229 1501 1326; x_wconf 87' lang='lat' dir='ltr'><strong>deprecabundi</strong></span> <span class='ocrx_word' id='word_1_18' title='bbox 1529 1230 1722 1302; x_wconf 82' lang='lat' dir='ltr'><strong>inclinamus</strong></span> <span class='ocrx_word' id='word_1_19' title='bbox 1749 1229 1836 1303; x_wconf 89' lang='lat' dir='ltr'><strong>colla</strong></span> <span class='ocrx_word' id='word_1_20' title='bbox 1864 1235 2001 1304; x_wconf 90' lang='lat' dir='ltr'><strong>unima-</strong></span> 
     </span>
    </p>
   </div>
   <div class='ocr_carea' id='block_1_3' title="bbox 564 1345 2081 2595">
    <p class='ocr_par' dir='ltr' id='par_1_3' title="bbox 564 1345 2081 2595">
     <span class='ocr_line' id='line_1_5' title="bbox 622 1345 2001 1423; baseline -0.001 -1"><span class='ocrx_word' id='word_1_21' title='bbox 622 1374 695 1423; x_wconf 87' lang='lat' dir='ltr'><strong>rum</strong></span> <span class='ocrx_word' id='word_1_22' title='bbox 727 1362 926 1422; x_wconf 90' lang='lat' dir='ltr'><strong>nostrarum.</strong></span> <span class='ocrx_word' id='word_1_23' title='bbox 988 1351 1081 1423; x_wconf 88' lang='lat' dir='ltr'><strong>Mitte</strong></span> <span class='ocrx_word' id='word_1_24' title='bbox 1122 1347 1219 1419; x_wconf 88' lang='lat' dir='ltr'><strong>nobis</strong></span> <span class='ocrx_word' id='word_1_25' title='bbox 1261 1369 1307 1418; x_wconf 81' lang='lat' dir='ltr'><strong>ex</strong></span> <span class='ocrx_word' id='word_1_26' title='bbox 1346 1346 1493 1418; x_wconf 88' lang='lat' dir='ltr'><strong>excelsis</strong></span> <span class='ocrx_word' id='word_1_27' title='bbox 1533 1347 1730 1417; x_wconf 83' lang='lat' dir='ltr'><strong>sanctuariis</strong></span> <span class='ocrx_word' id='word_1_28' title='bbox 1767 1349 1831 1418; x_wconf 89' lang='lat' dir='ltr'><strong>tuis</strong></span> <span class='ocrx_word' id='word_1_29' title='bbox 1877 1345 2001 1420; x_wconf 87' lang='lat' dir='ltr'><strong>lluvios</strong></span> 
     </span>
     <span class='ocr_line' id='line_1_6' title="bbox 564 1459 2002 1563; baseline -0.004 -25"><span class='ocrx_word' id='word_1_30' title='bbox 564 1524 567 1528; x_wconf 84' lang='lat'>.</span> <span class='ocrx_word' id='word_1_31' title='bbox 623 1465 904 1563; x_wconf 82' lang='lat' dir='ltr'><strong>purificationum,</strong></span> <span class='ocrx_word' id='word_1_32' title='bbox 933 1469 987 1560; x_wconf 89' lang='lat' dir='ltr'><strong>qui</strong></span> <span class='ocrx_word' id='word_1_33' title='bbox 1022 1473 1155 1535; x_wconf 90' lang='lat' dir='ltr'><strong>manant</strong></span> <span class='ocrx_word' id='word_1_34' title='bbox 1189 1485 1209 1533; x_wconf 92' lang='lat' dir='ltr'><strong>e</strong></span> <span class='ocrx_word' id='word_1_35' title='bbox 1241 1461 1336 1533; x_wconf 89' lang='lat' dir='ltr'><strong>lonte</strong></span> <span class='ocrx_word' id='word_1_36' title='bbox 1370 1459 1528 1533; x_wconf 89' lang='lat' dir='ltr'><strong>bonitatis</strong></span> <span class='ocrx_word' id='word_1_37' title='bbox 1559 1470 1651 1532; x_wconf 88' lang='lat' dir='ltr'><strong>tuae:</strong></span> <span class='ocrx_word' id='word_1_38' title='bbox 1684 1462 1821 1557; x_wconf 88' lang='lat' dir='ltr'><strong>pnrilica</strong></span> <span class='ocrx_word' id='word_1_39' title='bbox 1856 1472 1891 1534; x_wconf 88' lang='lat' dir='ltr'><strong>et</strong></span> <span class='ocrx_word' id='word_1_40' title='bbox 1926 1462 2002 1534; x_wconf 90' lang='lat' dir='ltr'><strong>elue</strong></span> 
     </span>
     <span class='ocr_line' id='line_1_7' title="bbox 624 1576 2002 1671; baseline -0.003 -19"><span class='ocrx_word' id='word_1_41' title='bbox 624 1604 687 1652; x_wconf 85' lang='lat' dir='ltr'><strong>nos</strong></span> <span class='ocrx_word' id='word_1_42' title='bbox 716 1583 758 1653; x_wconf 89' lang='lat' dir='ltr'><strong>ab</strong></span> <span class='ocrx_word' id='word_1_43' title='bbox 787 1580 938 1652; x_wconf 88' lang='lat' dir='ltr'><strong>omnibus</strong></span> <span class='ocrx_word' id='word_1_44' title='bbox 966 1581 1120 1653; x_wconf 89' lang='lat' dir='ltr'><strong>sordibus</strong></span> <span class='ocrx_word' id='word_1_45' title='bbox 1148 1577 1352 1649; x_wconf 89' lang='lat' dir='ltr'><strong>macularum</strong></span> <span class='ocrx_word' id='word_1_46' title='bbox 1385 1587 1584 1664; x_wconf 73' lang='lat' dir='ltr'><strong>nostrarum,</strong></span> <span class='ocrx_word' id='word_1_47' title='bbox 1611 1579 1644 1647; x_wconf 94' lang='lat' dir='ltr'><strong>in</strong></span> <span class='ocrx_word' id='word_1_48' title='bbox 1670 1581 1755 1648; x_wconf 91' lang='lat' dir='ltr'><strong>mari</strong></span> <span class='ocrx_word' id='word_1_49' title='bbox 1780 1599 1904 1671; x_wconf 85' lang='lat' dir='ltr'><strong>magno</strong></span> <span class='ocrx_word' id='word_1_50' title='bbox 1931 1576 2002 1648; x_wconf 88' lang='lat' dir='ltr'><strong>be-</strong></span> 
     </span>
     <span class='ocr_line' id='line_1_8' title="bbox 624 1683 2081 1789; baseline -0.002 -22"><span class='ocrx_word' id='word_1_51' title='bbox 624 1699 792 1789; x_wconf 85' lang='lat' dir='ltr'><strong>nignitatis</strong></span> <span class='ocrx_word' id='word_1_52' title='bbox 820 1706 906 1768; x_wconf 91' lang='lat' dir='ltr'><strong>tuae.</strong></span> <span class='ocrx_word' id='word_1_53' title='bbox 946 1693 1101 1767; x_wconf 83' lang='lat' dir='ltr'><strong>Extende</strong></span> <span class='ocrx_word' id='word_1_54' title='bbox 1129 1693 1302 1764; x_wconf 80' lang='lat' dir='ltr'><strong>dexteram</strong></span> <span class='ocrx_word' id='word_1_55' title='bbox 1329 1702 1417 1763; x_wconf 91' lang='lat' dir='ltr'><strong>tuam</strong></span> <span class='ocrx_word' id='word_1_56' title='bbox 1445 1691 1487 1762; x_wconf 88' lang='lat' dir='ltr'><strong>ad</strong></span> <span class='ocrx_word' id='word_1_57' title='bbox 1514 1694 1668 1763; x_wconf 89' lang='lat' dir='ltr'><strong>cervices</strong></span> <span class='ocrx_word' id='word_1_58' title='bbox 1695 1703 1828 1767; x_wconf 89' lang='lat' dir='ltr'><strong>nostras</strong></span> <span class='ocrx_word' id='word_1_59' title='bbox 1855 1692 2002 1766; x_wconf 91' lang='lat' dir='ltr'><strong>inclina-</strong></span> <span class='ocrx_word' id='word_1_60' title='bbox 2079 1683 2081 1690; x_wconf 69' lang='grc'><strong>’</strong></span> 
     </span>
     <span class='ocr_line' id='line_1_9' title="bbox 625 1806 2001 1906; baseline -0.001 -24"><span class='ocrx_word' id='word_1_61' title='bbox 625 1824 688 1899; x_wconf 81' lang='lat' dir='ltr'><strong>tas,</strong></span> <span class='ocrx_word' id='word_1_62' title='bbox 716 1810 931 1906; x_wconf 86' lang='lat' dir='ltr'><strong>pondereque</strong></span> <span class='ocrx_word' id='word_1_63' title='bbox 958 1821 1170 1905; x_wconf 88' lang='lat' dir='ltr'><strong>peccatorum</strong></span> <span class='ocrx_word' id='word_1_64' title='bbox 1198 1817 1367 1899; x_wconf 87' lang='lat' dir='ltr'><strong>curvatas,</strong></span> <span class='ocrx_word' id='word_1_65' title='bbox 1394 1816 1428 1878; x_wconf 89' lang='lat' dir='ltr'><strong>et</strong></span> <span class='ocrx_word' id='word_1_66' title='bbox 1454 1806 1615 1900; x_wconf 81' lang='lat' dir='ltr'><strong>affulgere</strong></span> <span class='ocrx_word' id='word_1_67' title='bbox 1634 1808 1732 1881; x_wconf 88' lang='lat' dir='ltr'><strong>nohis</strong></span> <span class='ocrx_word' id='word_1_68' title='bbox 1759 1807 1860 1882; x_wconf 84' lang='lat' dir='ltr'><strong>iaciat</strong></span> <span class='ocrx_word' id='word_1_69' title='bbox 1885 1809 2001 1881; x_wconf 91' lang='lat' dir='ltr'><strong>radios</strong></span> 
     </span>
     <span class='ocr_line' id='line_1_10' title="bbox 625 1921 2000 2019; baseline -0.001 -22"><span class='ocrx_word' id='word_1_70' title='bbox 625 1927 765 2014; x_wconf 65' lang='lat' dir='ltr'><strong>lucidos,</strong></span> <span class='ocrx_word' id='word_1_71' title='bbox 794 1936 827 1997; x_wconf 89' lang='lat' dir='ltr'><strong>et</strong></span> <span class='ocrx_word' id='word_1_72' title='bbox 853 1927 1072 1998; x_wconf 84' lang='lat' dir='ltr'><strong>illuminantes</strong></span> <span class='ocrx_word' id='word_1_73' title='bbox 1098 1924 1182 1996; x_wconf 89' lang='lat' dir='ltr'><strong>lucis</strong></span> <span class='ocrx_word' id='word_1_74' title='bbox 1211 1933 1299 2013; x_wconf 79' lang='lat' dir='ltr'><strong>tuae,</strong></span> <span class='ocrx_word' id='word_1_75' title='bbox 1326 1946 1412 2018; x_wconf 89' lang='lat' dir='ltr'><strong>qnae</strong></span> <span class='ocrx_word' id='word_1_76' title='bbox 1429 1921 1586 1994; x_wconf 79' lang='lat' dir='ltr'><strong>tenebras</strong></span> <span class='ocrx_word' id='word_1_77' title='bbox 1614 1923 1759 2019; x_wconf 87' lang='lat' dir='ltr'><strong>depellit,</strong></span> <span class='ocrx_word' id='word_1_78' title='bbox 1786 1935 1822 1997; x_wconf 92' lang='lat' dir='ltr'><strong>ut</strong></span> <span class='ocrx_word' id='word_1_79' title='bbox 1848 1948 1889 1997; x_wconf 92' lang='lat' dir='ltr'><strong>ea</strong></span> <span class='ocrx_word' id='word_1_80' title='bbox 1916 1924 2000 1996; x_wconf 90' lang='lat' dir='ltr'><strong>illn-</strong></span> 
     </span>
     <span class='ocr_line' id='line_1_11' title="bbox 626 2031 2002 2135; baseline -0.002 -21"><span class='ocrx_word' id='word_1_81' title='bbox 626 2055 780 2128; x_wconf 71' lang='lat' dir='ltr'><strong>stremnn</strong></span> <span class='ocrx_word' id='word_1_82' title='bbox 808 2053 842 2112; x_wconf 91' lang='lat' dir='ltr'><strong>ct</strong></span> <span class='ocrx_word' id='word_1_83' title='bbox 869 2042 1101 2113; x_wconf 86' lang='lat' dir='ltr'><strong>illuminemur:</strong></span> <span class='ocrx_word' id='word_1_84' title='bbox 1130 2042 1205 2135; x_wconf 89' lang='lat' dir='ltr'><strong>qnia</strong></span> <span class='ocrx_word' id='word_1_85' title='bbox 1232 2031 1332 2110; x_wconf 88' lang='lat' dir='ltr'><strong>habet</strong></span> <span class='ocrx_word' id='word_1_86' title='bbox 1359 2061 1379 2109; x_wconf 88' lang='lat' dir='ltr'><strong>a</strong></span> <span class='ocrx_word' id='word_1_87' title='bbox 1407 2047 1440 2109; x_wconf 94' lang='lat' dir='ltr'><strong>te</strong></span> <span class='ocrx_word' id='word_1_88' title='bbox 1456 2041 1679 2129; x_wconf 70' lang='lat' dir='ltr'><strong>existentiam,</strong></span> <span class='ocrx_word' id='word_1_89' title='bbox 1707 2051 1740 2113; x_wconf 90' lang='lat' dir='ltr'><strong>et</strong></span> <span class='ocrx_word' id='word_1_90' title='bbox 1767 2041 2002 2114; x_wconf 85' lang='lat' dir='ltr'><strong>confirmatio-</strong></span> 
     </span>
     <span class='ocr_line' id='line_1_12' title="bbox 626 2153 2001 2251; baseline -0.001 -22"><span class='ocrx_word' id='word_1_91' title='bbox 626 2182 701 2229; x_wconf 89' lang='lat' dir='ltr'><strong>nem</strong></span> <span class='ocrx_word' id='word_1_92' title='bbox 728 2157 892 2229; x_wconf 89' lang='lat' dir='ltr'><strong>humilitas</strong></span> <span class='ocrx_word' id='word_1_93' title='bbox 925 2167 1054 2229; x_wconf 90' lang='lat' dir='ltr'><strong>nostra:</strong></span> <span class='ocrx_word' id='word_1_94' title='bbox 1089 2180 1109 2226; x_wconf 89' lang='lat' dir='ltr'><strong>a</strong></span> <span class='ocrx_word' id='word_1_95' title='bbox 1137 2163 1170 2225; x_wconf 88' lang='lat' dir='ltr'><strong>te</strong></span> <span class='ocrx_word' id='word_1_96' title='bbox 1192 2159 1283 2248; x_wconf 88' lang='lat' dir='ltr'><strong>juste</strong></span> <span class='ocrx_word' id='word_1_97' title='bbox 1310 2156 1415 2241; x_wconf 89' lang='lat' dir='ltr'><strong>Deus,</strong></span> <span class='ocrx_word' id='word_1_98' title='bbox 1443 2157 1497 2248; x_wconf 88' lang='lat' dir='ltr'><strong>qui</strong></span> <span class='ocrx_word' id='word_1_99' title='bbox 1525 2153 1668 2250; x_wconf 84' lang='lat' dir='ltr'><strong>simplex</strong></span> <span class='ocrx_word' id='word_1_100' title='bbox 1695 2179 1733 2227; x_wconf 91' lang='lat' dir='ltr'><strong>es</strong></span> <span class='ocrx_word' id='word_1_101' title='bbox 1760 2179 1824 2229; x_wconf 91' lang='lat' dir='ltr'><strong>nec</strong></span> <span class='ocrx_word' id='word_1_102' title='bbox 1851 2178 2001 2251; x_wconf 91' lang='lat' dir='ltr'><strong>compo-</strong></span> 
     </span>
     <span class='ocr_line' id='line_1_13' title="bbox 627 2264 2002 2365; baseline -0.001 -21"><span class='ocrx_word' id='word_1_103' title='bbox 627 2277 728 2362; x_wconf 69' lang='lat' dir='ltr'><strong>situs,</strong></span> <span class='ocrx_word' id='word_1_104' title='bbox 755 2264 862 2365; x_wconf 85' lang='lat' dir='ltr'><strong>&#39;digni</strong></span> <span class='ocrx_word' id='word_1_105' title='bbox 903 2272 1081 2344; x_wconf 84' lang='lat' dir='ltr'><strong>efficiamur</strong></span> <span class='ocrx_word' id='word_1_106' title='bbox 1122 2269 1250 2342; x_wconf 87' lang='lat' dir='ltr'><strong>referre</strong></span> <span class='ocrx_word' id='word_1_107' title='bbox 1292 2267 1350 2339; x_wconf 93' lang='lat' dir='ltr'><strong>tibi</strong></span> <span class='ocrx_word' id='word_1_108' title='bbox 1383 2269 1526 2362; x_wconf 83' lang='lat' dir='ltr'><strong>gloriam</strong></span> <span class='ocrx_word' id='word_1_109' title='bbox 1567 2281 1601 2341; x_wconf 89' lang='lat' dir='ltr'><strong>et</strong></span> <span class='ocrx_word' id='word_1_110' title='bbox 1641 2270 1771 2344; x_wconf 90' lang='lat' dir='ltr'><strong>laudern</strong></span> <span class='ocrx_word' id='word_1_111' title='bbox 1807 2295 1874 2344; x_wconf 91' lang='lat' dir='ltr'><strong>una</strong></span> <span class='ocrx_word' id='word_1_112' title='bbox 1909 2293 2002 2344; x_wconf 79' lang='lat' dir='ltr'><strong>voce</strong></span> 
     </span>
     <span class='ocr_line' id='line_1_14' title="bbox 628 2387 1398 2481; baseline -0.001 -24"><span class='ocrx_word' id='word_1_113' title='bbox 628 2388 837 2475; x_wconf 81' lang='lat' dir='ltr'><strong>indesinenti,</strong></span> <span class='ocrx_word' id='word_1_114' title='bbox 865 2396 898 2458; x_wconf 90' lang='lat' dir='ltr'><strong>et</strong></span> <span class='ocrx_word' id='word_1_115' title='bbox 923 2388 1021 2474; x_wconf 80' lang='lat' dir='ltr'><strong>Filio,</strong></span> <span class='ocrx_word' id='word_1_116' title='bbox 1049 2397 1083 2458; x_wconf 92' lang='lat' dir='ltr'><strong>et</strong></span> <span class='ocrx_word' id='word_1_117' title='bbox 1109 2387 1243 2481; x_wconf 89' lang='lat' dir='ltr'><strong>Spiritui</strong></span> <span class='ocrx_word' id='word_1_118' title='bbox 1271 2395 1398 2457; x_wconf 88' lang='lat' dir='ltr'><strong>sancto.</strong></span> 
     </span>
     <span class='ocr_line' id='line_1_15' title="bbox 732 2503 1065 2595; baseline -0.006 -22"><span class='ocrx_word' id='word_1_119' title='bbox 732 2503 894 2595; x_wconf 87' lang='lat' dir='ltr'><strong>Populus.</strong></span> <span class='ocrx_word' id='word_1_120' title='bbox 946 2504 1065 2574; x_wconf 89' lang='lat' dir='ltr'><strong>Amen.</strong></span> 
     </span>
    </p>
   </div>
   <div class='ocr_carea' id='block_1_4' title="bbox 921 2773 1706 2867">
    <p class='ocr_par' dir='ltr' id='par_1_4' title="bbox 921 2773 1706 2867">
     <span class='ocr_line' id='line_1_16' title="bbox 921 2773 1706 2867; baseline 0.001 -21"><span class='ocrx_word' id='word_1_121' title='bbox 921 2775 1096 2846; x_wconf 78' lang='lat' dir='ltr'><strong>Sacerdos</strong></span> <span class='ocrx_word' id='word_1_122' title='bbox 1122 2775 1206 2846; x_wconf 85' lang='lat' dir='ltr'><strong>dicit</strong></span> <span class='ocrx_word' id='word_1_123' title='bbox 1233 2778 1425 2845; x_wconf 82' lang='lat' dir='ltr'><strong>orationem</strong></span> <span class='ocrx_word' id='word_1_124' title='bbox 1449 2798 1552 2867; x_wconf 79' lang='lat' dir='ltr'><strong>saper</strong></span> <span class='ocrx_word' id='word_1_125' title='bbox 1578 2773 1706 2847; x_wconf 85' lang='lat' dir='ltr'><strong>oblato.</strong></span> 
     </span>
    </p>
   </div>
   <div class='ocr_carea' id='block_1_5' title="bbox 628 2962 2025 5360">
    <p class='ocr_par' dir='ltr' id='par_1_5' title="bbox 628 2962 2025 4906">
     <span class='ocr_line' id='line_1_17' title="bbox 731 2962 2005 3060; baseline -0.001 -24"><span class='ocrx_word' id='word_1_126' title='bbox 731 2965 924 3036; x_wconf 86' lang='lat' dir='ltr'><strong>Misericors</strong></span> <span class='ocrx_word' id='word_1_127' title='bbox 953 2985 991 3035; x_wconf 90' lang='lat' dir='ltr'><strong>es</strong></span> <span class='ocrx_word' id='word_1_128' title='bbox 1018 2962 1174 3050; x_wconf 74' lang='lat' dir='ltr'><strong>Domine,</strong></span> <span class='ocrx_word' id='word_1_129' title='bbox 1202 2967 1297 3057; x_wconf 90' lang='lat' dir='ltr'><strong>cnjus</strong></span> <span class='ocrx_word' id='word_1_130' title='bbox 1333 2965 1565 3035; x_wconf 86' lang='lat' dir='ltr'><strong>miserationes</strong></span> <span class='ocrx_word' id='word_1_131' title='bbox 1593 2986 1694 3060; x_wconf 91' lang='lat' dir='ltr'><strong>snper</strong></span> <span class='ocrx_word' id='word_1_132' title='bbox 1730 2967 1840 3038; x_wconf 80' lang='lat' dir='ltr'><strong>oninia</strong></span> <span class='ocrx_word' id='word_1_133' title='bbox 1877 2963 2005 3037; x_wconf 78' lang='lat' dir='ltr'><strong>elusae</strong></span> 
     </span>
     <span class='ocr_line' id='line_1_18' title="bbox 628 3078 2005 3176; baseline -0.002 -24"><span class='ocrx_word' id='word_1_134' title='bbox 628 3090 717 3152; x_wconf 90' lang='lat' dir='ltr'><strong>sunt:</strong></span> <span class='ocrx_word' id='word_1_135' title='bbox 756 3083 809 3175; x_wconf 89' lang='lat' dir='ltr'><strong>qui</strong></span> <span class='ocrx_word' id='word_1_136' title='bbox 844 3102 906 3176; x_wconf 91' lang='lat' dir='ltr'><strong>per</strong></span> <span class='ocrx_word' id='word_1_137' title='bbox 940 3100 1086 3152; x_wconf 88' lang='lat' dir='ltr'><strong>amorem</strong></span> <span class='ocrx_word' id='word_1_138' title='bbox 1123 3087 1210 3149; x_wconf 89' lang='lat' dir='ltr'><strong>tunm</strong></span> <span class='ocrx_word' id='word_1_139' title='bbox 1243 3102 1326 3171; x_wconf 84' lang='lat' dir='ltr'><strong>erga</strong></span> <span class='ocrx_word' id='word_1_140' title='bbox 1362 3078 1529 3167; x_wconf 87' lang='lat' dir='ltr'><strong>homines,</strong></span> <span class='ocrx_word' id='word_1_141' title='bbox 1564 3083 1682 3153; x_wconf 93' lang='lat' dir='ltr'><strong>misisti</strong></span> <span class='ocrx_word' id='word_1_142' title='bbox 1717 3079 1866 3152; x_wconf 90' lang='lat' dir='ltr'><strong>Verbum</strong></span> <span class='ocrx_word' id='word_1_143' title='bbox 1901 3090 2005 3168; x_wconf 83' lang='lat' dir='ltr'><strong>tuum,</strong></span> 
     </span>
     <span class='ocr_line' id='line_1_19' title="bbox 629 3192 2005 3287; baseline -0.001 -21"><span class='ocrx_word' id='word_1_144' title='bbox 629 3217 775 3287; x_wconf 44' lang='lat' dir='ltr'><strong>germen,</strong></span> <span class='ocrx_word' id='word_1_145' title='bbox 797 3218 843 3266; x_wconf 87' lang='lat' dir='ltr'><strong>ex</strong></span> <span class='ocrx_word' id='word_1_146' title='bbox 870 3192 1053 3266; x_wconf 90' lang='lat' dir='ltr'><strong>substantia</strong></span> <span class='ocrx_word' id='word_1_147' title='bbox 1089 3204 1154 3281; x_wconf 87' lang='lat' dir='ltr'><strong>tna,</strong></span> <span class='ocrx_word' id='word_1_148' title='bbox 1182 3205 1217 3266; x_wconf 93' lang='lat' dir='ltr'><strong>nt</strong></span> <span class='ocrx_word' id='word_1_149' title='bbox 1243 3217 1346 3266; x_wconf 91' lang='lat' dir='ltr'><strong>carne</strong></span> <span class='ocrx_word' id='word_1_150' title='bbox 1372 3205 1488 3266; x_wconf 90' lang='lat' dir='ltr'><strong>nostra</strong></span> <span class='ocrx_word' id='word_1_151' title='bbox 1514 3194 1721 3267; x_wconf 89' lang='lat' dir='ltr'><strong>indueretur:</strong></span> <span class='ocrx_word' id='word_1_152' title='bbox 1753 3198 2005 3266; x_wconf 88' lang='lat' dir='ltr'><strong>innotesceret-</strong></span> 
     </span>
     <span class='ocr_line' id='line_1_20' title="bbox 629 3308 2003 3405; baseline 0 -25"><span class='ocrx_word' id='word_1_153' title='bbox 629 3334 693 3405; x_wconf 86' lang='lat' dir='ltr'><strong>que</strong></span> <span class='ocrx_word' id='word_1_154' title='bbox 729 3310 822 3381; x_wconf 91' lang='lat' dir='ltr'><strong>Deus</strong></span> <span class='ocrx_word' id='word_1_155' title='bbox 855 3331 958 3381; x_wconf 91' lang='lat' dir='ltr'><strong>verus</strong></span> <span class='ocrx_word' id='word_1_156' title='bbox 992 3313 1024 3380; x_wconf 92' lang='lat' dir='ltr'><strong>in</strong></span> <span class='ocrx_word' id='word_1_157' title='bbox 1058 3332 1180 3399; x_wconf 70' lang='lat' dir='ltr'><strong>carne,</strong></span> <span class='ocrx_word' id='word_1_158' title='bbox 1211 3320 1245 3380; x_wconf 92' lang='lat' dir='ltr'><strong>et</strong></span> <span class='ocrx_word' id='word_1_159' title='bbox 1280 3332 1359 3382; x_wconf 89' lang='lat' dir='ltr'><strong>curu</strong></span> <span class='ocrx_word' id='word_1_160' title='bbox 1392 3313 1424 3380; x_wconf 93' lang='lat' dir='ltr'><strong>in</strong></span> <span class='ocrx_word' id='word_1_161' title='bbox 1451 3311 1526 3382; x_wconf 90' lang='lat' dir='ltr'><strong>Deo</strong></span> <span class='ocrx_word' id='word_1_162' title='bbox 1560 3333 1663 3382; x_wconf 82' lang='lat' dir='ltr'><strong>vero:</strong></span> <span class='ocrx_word' id='word_1_163' title='bbox 1698 3321 1733 3382; x_wconf 94' lang='lat' dir='ltr'><strong>ut</strong></span> <span class='ocrx_word' id='word_1_164' title='bbox 1764 3331 1827 3381; x_wconf 92' lang='lat' dir='ltr'><strong>nos</strong></span> <span class='ocrx_word' id='word_1_165' title='bbox 1861 3308 2003 3404; x_wconf 89' lang='lat' dir='ltr'><strong>amplius</strong></span> 
     </span>
     <span class='ocr_line' id='line_1_21' title="bbox 630 3424 2004 3519; baseline -0.001 -23"><span class='ocrx_word' id='word_1_166' title='bbox 630 3425 760 3498; x_wconf 92' lang='lat' dir='ltr'><strong>divinos</strong></span> <span class='ocrx_word' id='word_1_167' title='bbox 789 3425 942 3511; x_wconf 84' lang='lat' dir='ltr'><strong>ediceret,</strong></span> <span class='ocrx_word' id='word_1_168' title='bbox 971 3437 1005 3496; x_wconf 90' lang='lat' dir='ltr'><strong>et</strong></span> <span class='ocrx_word' id='word_1_169' title='bbox 1030 3434 1203 3519; x_wconf 89' lang='lat' dir='ltr'><strong>repararet</strong></span> <span class='ocrx_word' id='word_1_170' title='bbox 1229 3428 1421 3517; x_wconf 70' lang='lat' dir='ltr'><strong>imaginem,</strong></span> <span class='ocrx_word' id='word_1_171' title='bbox 1448 3448 1534 3519; x_wconf 88' lang='lat' dir='ltr'><strong>quae</strong></span> <span class='ocrx_word' id='word_1_172' title='bbox 1552 3424 1595 3497; x_wconf 89' lang='lat' dir='ltr'><strong>ad</strong></span> <span class='ocrx_word' id='word_1_173' title='bbox 1613 3429 1664 3498; x_wconf 91' lang='lat' dir='ltr'><strong>sni</strong></span> <span class='ocrx_word' id='word_1_174' title='bbox 1692 3426 1795 3519; x_wconf 90' lang='lat' dir='ltr'><strong>ipsius</strong></span> <span class='ocrx_word' id='word_1_175' title='bbox 1822 3425 2004 3516; x_wconf 84' lang='lat' dir='ltr'><strong>imaginem</strong></span> 
     </span>
     <span class='ocr_line' id='line_1_22' title="bbox 630 3537 2003 3636; baseline -0.001 -25"><span class='ocrx_word' id='word_1_176' title='bbox 630 3552 743 3612; x_wconf 89' lang='lat' dir='ltr'><strong>creata</strong></span> <span class='ocrx_word' id='word_1_177' title='bbox 769 3540 888 3628; x_wconf 79' lang='lat' dir='ltr'><strong>fuerat,</strong></span> <span class='ocrx_word' id='word_1_178' title='bbox 917 3564 1014 3636; x_wconf 91' lang='lat' dir='ltr'><strong>quam</strong></span> <span class='ocrx_word' id='word_1_179' title='bbox 1042 3544 1113 3636; x_wconf 91' lang='lat' dir='ltr'><strong>ipse</strong></span> <span class='ocrx_word' id='word_1_180' title='bbox 1151 3563 1282 3636; x_wconf 88' lang='lat' dir='ltr'><strong>quoque</strong></span> <span class='ocrx_word' id='word_1_181' title='bbox 1311 3551 1417 3611; x_wconf 89' lang='lat' dir='ltr'><strong>tecum</strong></span> <span class='ocrx_word' id='word_1_182' title='bbox 1446 3545 1584 3612; x_wconf 89' lang='lat' dir='ltr'><strong>creavit.</strong></span> <span class='ocrx_word' id='word_1_183' title='bbox 1646 3540 1698 3611; x_wconf 90' lang='grc' dir='ltr'><strong>Τιι</strong></span> <span class='ocrx_word' id='word_1_184' title='bbox 1729 3560 1813 3631; x_wconf 86' lang='lat' dir='ltr'><strong>ergo</strong></span> <span class='ocrx_word' id='word_1_185' title='bbox 1841 3537 2003 3625; x_wconf 73' lang='lat' dir='ltr'><strong>clemens,</strong></span> 
     </span>
     <span class='ocr_line' id='line_1_23' title="bbox 629 3653 2004 3753; baseline 0 -28"><span class='ocrx_word' id='word_1_186' title='bbox 629 3680 791 3753; x_wconf 91' lang='lat' dir='ltr'><strong>peream</strong></span> <span class='ocrx_word' id='word_1_187' title='bbox 819 3656 1081 3730; x_wconf 90' lang='lat' dir='ltr'><strong>misericordiam</strong></span> <span class='ocrx_word' id='word_1_188' title='bbox 1109 3654 1166 3726; x_wconf 93' lang='lat' dir='ltr'><strong>tibi</strong></span> <span class='ocrx_word' id='word_1_189' title='bbox 1202 3660 1426 3747; x_wconf 74' lang='lat' dir='ltr'><strong>congenitam,</strong></span> <span class='ocrx_word' id='word_1_190' title='bbox 1454 3667 1487 3727; x_wconf 90' lang='lat' dir='ltr'><strong>et</strong></span> <span class='ocrx_word' id='word_1_191' title='bbox 1512 3661 1654 3727; x_wconf 89' lang='lat' dir='ltr'><strong>innatam</strong></span> <span class='ocrx_word' id='word_1_192' title='bbox 1682 3654 1741 3727; x_wconf 93' lang='lat' dir='ltr'><strong>tibi</strong></span> <span class='ocrx_word' id='word_1_193' title='bbox 1767 3653 2004 3745; x_wconf 85' lang='lat' dir='ltr'><strong>essentialiter,</strong></span> 
     </span>
     <span class='ocr_line' id='line_1_24' title="bbox 630 3769 2005 3867; baseline 0 -23"><span class='ocrx_word' id='word_1_194' title='bbox 630 3775 762 3867; x_wconf 89' lang='lat' dir='ltr'><strong>suscipe</strong></span> <span class='ocrx_word' id='word_1_195' title='bbox 790 3796 809 3844; x_wconf 88' lang='lat' dir='ltr'><strong>a</strong></span> <span class='ocrx_word' id='word_1_196' title='bbox 836 3773 933 3845; x_wconf 91' lang='lat' dir='ltr'><strong>nobis</strong></span> <span class='ocrx_word' id='word_1_197' title='bbox 961 3775 1104 3844; x_wconf 89' lang='lat' dir='ltr'><strong>Domine</strong></span> <span class='ocrx_word' id='word_1_198' title='bbox 1132 3770 1333 3842; x_wconf 91' lang='lat' dir='ltr'><strong>oblationem</strong></span> <span class='ocrx_word' id='word_1_199' title='bbox 1365 3772 1465 3857; x_wconf 91' lang='lat' dir='ltr'><strong>hanc,</strong></span> <span class='ocrx_word' id='word_1_200' title='bbox 1502 3795 1599 3866; x_wconf 87' lang='lat' dir='ltr'><strong>quam</strong></span> <span class='ocrx_word' id='word_1_201' title='bbox 1634 3769 1801 3842; x_wconf 89' lang='lat' dir='ltr'><strong>ollerimus</strong></span> <span class='ocrx_word' id='word_1_202' title='bbox 1835 3772 2005 3861; x_wconf 87' lang='lat' dir='ltr'><strong>majestati</strong></span> 
     </span>
     <span class='ocr_line' id='line_1_25' title="bbox 630 3884 2025 3981; baseline -0.001 -25"><span class='ocrx_word' id='word_1_203' title='bbox 630 3897 716 3957; x_wconf 89' lang='lat' dir='ltr'><strong>tuae.</strong></span> <span class='ocrx_word' id='word_1_204' title='bbox 770 3886 847 3958; x_wconf 91' lang='lat' dir='ltr'><strong>Nun</strong></span> <span class='ocrx_word' id='word_1_205' title='bbox 874 3891 960 3959; x_wconf 93' lang='lat' dir='ltr'><strong>enim</strong></span> <span class='ocrx_word' id='word_1_206' title='bbox 987 3891 1019 3956; x_wconf 95' lang='lat' dir='ltr'><strong>in</strong></span> <span class='ocrx_word' id='word_1_207' title='bbox 1044 3887 1169 3978; x_wconf 90' lang='lat' dir='ltr'><strong>justitia</strong></span> <span class='ocrx_word' id='word_1_208' title='bbox 1198 3896 1312 3959; x_wconf 92' lang='lat' dir='ltr'><strong>nostra</strong></span> <span class='ocrx_word' id='word_1_209' title='bbox 1340 3886 1552 3972; x_wconf 81' lang='lat' dir='ltr'><strong>confidimus,</strong></span> <span class='ocrx_word' id='word_1_210' title='bbox 1587 3908 1695 3981; x_wconf 92' lang='lat' dir='ltr'><strong>neque</strong></span> <span class='ocrx_word' id='word_1_211' title='bbox 1722 3884 1820 3957; x_wconf 91' lang='lat' dir='ltr'><strong>ullam</strong></span> <span class='ocrx_word' id='word_1_212' title='bbox 1847 3884 2025 3956; x_wconf 79' lang='lat' dir='ltr'><strong>fiduciam</strong></span> 
     </span>
     <span class='ocr_line' id='line_1_26' title="bbox 630 3999 2006 4097; baseline 0.001 -26"><span class='ocrx_word' id='word_1_213' title='bbox 630 4000 790 4073; x_wconf 89' lang='lat' dir='ltr'><strong>habemus</strong></span> <span class='ocrx_word' id='word_1_214' title='bbox 818 4001 860 4073; x_wconf 93' lang='lat' dir='ltr'><strong>de</strong></span> <span class='ocrx_word' id='word_1_215' title='bbox 887 4001 1043 4097; x_wconf 90' lang='lat' dir='ltr'><strong>operibns</strong></span> <span class='ocrx_word' id='word_1_216' title='bbox 1079 4005 1221 4091; x_wconf 78' lang='lat' dir='ltr'><strong>nostris,</strong></span> <span class='ocrx_word' id='word_1_217' title='bbox 1254 4006 1299 4073; x_wconf 90' lang='lat' dir='ltr'><strong>ita</strong></span> <span class='ocrx_word' id='word_1_218' title='bbox 1332 4013 1368 4073; x_wconf 90' lang='lat' dir='ltr'><strong>ut</strong></span> <span class='ocrx_word' id='word_1_219' title='bbox 1399 4002 1579 4075; x_wconf 89' lang='lat' dir='ltr'><strong>audeamus</strong></span> <span class='ocrx_word' id='word_1_220' title='bbox 1615 4001 1779 4073; x_wconf 89' lang='lat' dir='ltr'><strong>accedere</strong></span> <span class='ocrx_word' id='word_1_221' title='bbox 1810 3999 1853 4070; x_wconf 91' lang='lat' dir='ltr'><strong>ad</strong></span> <span class='ocrx_word' id='word_1_222' title='bbox 1886 4011 2006 4072; x_wconf 86' lang='lat' dir='ltr'><strong>sancta</strong></span> 
     </span>
     <span class='ocr_line' id='line_1_27' title="bbox 631 4115 2005 4212; baseline 0.001 -28"><span class='ocrx_word' id='word_1_223' title='bbox 631 4125 698 4202; x_wconf 72' lang='lat' dir='ltr'><strong>tua,</strong></span> <span class='ocrx_word' id='word_1_224' title='bbox 726 4116 786 4188; x_wconf 92' lang='lat' dir='ltr'><strong>sed</strong></span> <span class='ocrx_word' id='word_1_225' title='bbox 813 4116 1065 4189; x_wconf 89' lang='lat' dir='ltr'><strong>misericordiae</strong></span> <span class='ocrx_word' id='word_1_226' title='bbox 1091 4125 1169 4188; x_wconf 89' lang='lat' dir='ltr'><strong>tuae</strong></span> <span class='ocrx_word' id='word_1_227' title='bbox 1195 4116 1416 4189; x_wconf 80' lang='lat' dir='ltr'><strong>confidentes:</strong></span> <span class='ocrx_word' id='word_1_228' title='bbox 1443 4130 1478 4189; x_wconf 89' lang='lat' dir='ltr'><strong>ut</strong></span> <span class='ocrx_word' id='word_1_229' title='bbox 1505 4117 1689 4189; x_wconf 89' lang='lat' dir='ltr'><strong>intercedat</strong></span> <span class='ocrx_word' id='word_1_230' title='bbox 1714 4121 1787 4212; x_wconf 91' lang='lat' dir='ltr'><strong>ipsa</strong></span> <span class='ocrx_word' id='word_1_231' title='bbox 1812 4137 1876 4210; x_wconf 93' lang='lat' dir='ltr'><strong>pro</strong></span> <span class='ocrx_word' id='word_1_232' title='bbox 1904 4115 2005 4187; x_wconf 90' lang='lat' dir='ltr'><strong>nohis</strong></span> 
     </span>
     <span class='ocr_line' id='line_1_28' title="bbox 633 4231 2007 4325; baseline 0.002 -25"><span class='ocrx_word' id='word_1_233' title='bbox 633 4254 715 4322; x_wconf 80' lang='lat' dir='ltr'><strong>erga</strong></span> <span class='ocrx_word' id='word_1_234' title='bbox 742 4243 828 4303; x_wconf 89' lang='lat' dir='ltr'><strong>tuarn</strong></span> <span class='ocrx_word' id='word_1_235' title='bbox 863 4233 1058 4319; x_wconf 82' lang='lat' dir='ltr'><strong>bonitatem,</strong></span> <span class='ocrx_word' id='word_1_236' title='bbox 1091 4255 1134 4303; x_wconf 92' lang='lat' dir='ltr'><strong>ne</strong></span> <span class='ocrx_word' id='word_1_237' title='bbox 1170 4232 1211 4304; x_wconf 91' lang='lat' dir='ltr'><strong>ad</strong></span> <span class='ocrx_word' id='word_1_238' title='bbox 1243 4231 1553 4306; x_wconf 88' lang='lat' dir='ltr'><strong>condemnationem</strong></span> <span class='ocrx_word' id='word_1_239' title='bbox 1589 4234 1645 4305; x_wconf 91' lang='lat' dir='ltr'><strong>liat</strong></span> <span class='ocrx_word' id='word_1_240' title='bbox 1677 4232 1775 4303; x_wconf 90' lang='lat' dir='ltr'><strong>nobis</strong></span> <span class='ocrx_word' id='word_1_241' title='bbox 1809 4235 2007 4325; x_wconf 75' lang='lat' dir='ltr'><strong>mysterium</strong></span> 
     </span>
     <span class='ocr_line' id='line_1_29' title="bbox 631 4339 2006 4443; baseline 0.004 -30"><span class='ocrx_word' id='word_1_242' title='bbox 631 4344 705 4431; x_wconf 86' lang='lat' dir='ltr'><strong>hoc,</strong></span> <span class='ocrx_word' id='word_1_243' title='bbox 733 4352 874 4443; x_wconf 63' lang='lat' dir='ltr'><strong>mystice</strong></span> <span class='ocrx_word' id='word_1_244' title='bbox 901 4350 1081 4419; x_wconf 89' lang='lat' dir='ltr'><strong>institutum</strong></span> <span class='ocrx_word' id='word_1_245' title='bbox 1110 4339 1152 4417; x_wconf 82' lang='lat' dir='ltr'><strong>ad</strong></span> <span class='ocrx_word' id='word_1_246' title='bbox 1180 4347 1319 4420; x_wconf 89' lang='lat' dir='ltr'><strong>salutern</strong></span> <span class='ocrx_word' id='word_1_247' title='bbox 1351 4359 1515 4420; x_wconf 88' lang='lat' dir='ltr'><strong>nostram:</strong></span> <span class='ocrx_word' id='word_1_248' title='bbox 1551 4347 1611 4420; x_wconf 90' lang='lat' dir='ltr'><strong>sed</strong></span> <span class='ocrx_word' id='word_1_249' title='bbox 1638 4347 1680 4418; x_wconf 92' lang='lat' dir='ltr'><strong>ad</strong></span> <span class='ocrx_word' id='word_1_250' title='bbox 1706 4345 1889 4443; x_wconf 89' lang='lat' dir='ltr'><strong>perlectam</strong></span> <span class='ocrx_word' id='word_1_251' title='bbox 1915 4370 2006 4442; x_wconf 89' lang='lat' dir='ltr'><strong>pur-</strong></span> 
     </span>
     <span class='ocr_line' id='line_1_30' title="bbox 630 4462 2006 4559; baseline 0.001 -27"><span class='ocrx_word' id='word_1_252' title='bbox 630 4465 800 4551; x_wconf 80' lang='lat' dir='ltr'><strong>gationem</strong></span> <span class='ocrx_word' id='word_1_253' title='bbox 827 4472 859 4533; x_wconf 92' lang='lat' dir='ltr'><strong>et</strong></span> <span class='ocrx_word' id='word_1_254' title='bbox 886 4463 1151 4535; x_wconf 87' lang='lat' dir='ltr'><strong>emundationem</strong></span> <span class='ocrx_word' id='word_1_255' title='bbox 1179 4467 1298 4535; x_wconf 88' lang='lat' dir='ltr'><strong>mentis</strong></span> <span class='ocrx_word' id='word_1_256' title='bbox 1325 4473 1359 4534; x_wconf 92' lang='lat' dir='ltr'><strong>et</strong></span> <span class='ocrx_word' id='word_1_257' title='bbox 1381 4467 1530 4553; x_wconf 87' lang='lat' dir='ltr'><strong>animae;</strong></span> <span class='ocrx_word' id='word_1_258' title='bbox 1558 4464 1600 4536; x_wconf 88' lang='lat' dir='ltr'><strong>ud</strong></span> <span class='ocrx_word' id='word_1_259' title='bbox 1627 4467 1779 4559; x_wconf 90' lang='lat' dir='ltr'><strong>corporis</strong></span> <span class='ocrx_word' id='word_1_260' title='bbox 1807 4462 2006 4534; x_wconf 84' lang='lat' dir='ltr'><strong>sanctifica-</strong></span> 
     </span>
     <span class='ocr_line' id='line_1_31' title="bbox 630 4577 2007 4674; baseline 0.003 -28"><span class='ocrx_word' id='word_1_261' title='bbox 630 4580 764 4662; x_wconf 72' lang='lat' dir='ltr'><strong>tionem,</strong></span> <span class='ocrx_word' id='word_1_262' title='bbox 793 4577 835 4649; x_wconf 90' lang='lat' dir='ltr'><strong>ad</strong></span> <span class='ocrx_word' id='word_1_263' title='bbox 862 4578 1138 4651; x_wconf 90' lang='lat' dir='ltr'><strong>condonationem</strong></span> <span class='ocrx_word' id='word_1_264' title='bbox 1159 4589 1383 4674; x_wconf 88' lang='lat' dir='ltr'><strong>peccatorum,</strong></span> <span class='ocrx_word' id='word_1_265' title='bbox 1410 4584 1641 4652; x_wconf 91' lang='lat' dir='ltr'><strong>remissionem</strong></span> <span class='ocrx_word' id='word_1_266' title='bbox 1669 4580 1942 4673; x_wconf 81' lang='lat' dir='ltr'><strong>insipientiarum,</strong></span> <span class='ocrx_word' id='word_1_267' title='bbox 1972 4590 2007 4650; x_wconf 93' lang='lat' dir='ltr'><strong>et</strong></span> 
     </span>
     <span class='ocr_line' id='line_1_32' title="bbox 632 4690 2007 4789; baseline 0.005 -30"><span class='ocrx_word' id='word_1_268' title='bbox 632 4690 673 4760; x_wconf 92' lang='lat' dir='ltr'><strong>ad</strong></span> <span class='ocrx_word' id='word_1_269' title='bbox 701 4696 882 4783; x_wconf 87' lang='lat' dir='ltr'><strong>gratiarum</strong></span> <span class='ocrx_word' id='word_1_270' title='bbox 909 4697 1072 4766; x_wconf 86' lang='lat' dir='ltr'><strong>actionem</strong></span> <span class='ocrx_word' id='word_1_271' title='bbox 1106 4693 1317 4766; x_wconf 87' lang='lat' dir='ltr'><strong>referendam</strong></span> <span class='ocrx_word' id='word_1_272' title='bbox 1350 4691 1409 4765; x_wconf 90' lang='lat' dir='ltr'><strong>tibi</strong></span> <span class='ocrx_word' id='word_1_273' title='bbox 1436 4707 1469 4767; x_wconf 92' lang='lat' dir='ltr'><strong>et</strong></span> <span class='ocrx_word' id='word_1_274' title='bbox 1495 4699 1665 4789; x_wconf 85' lang='lat' dir='ltr'><strong>unigenito</strong></span> <span class='ocrx_word' id='word_1_275' title='bbox 1698 4696 1784 4767; x_wconf 91' lang='lat' dir='ltr'><strong>Filio</strong></span> <span class='ocrx_word' id='word_1_276' title='bbox 1818 4704 1894 4780; x_wconf 89' lang='lat' dir='ltr'><strong>tuo,</strong></span> <span class='ocrx_word' id='word_1_277' title='bbox 1929 4718 2007 4766; x_wconf 90' lang='lat' dir='ltr'><strong>cum</strong></span> 
     </span>
     <span class='ocr_line' id='line_1_33' title="bbox 633 4807 1912 4906; baseline 0.004 -30"><span class='ocrx_word' id='word_1_278' title='bbox 633 4828 698 4898; x_wconf 86' lang='lat' dir='ltr'><strong>quo</strong></span> <span class='ocrx_word' id='word_1_279' title='bbox 726 4818 759 4878; x_wconf 91' lang='lat' dir='ltr'><strong>te</strong></span> <span class='ocrx_word' id='word_1_280' title='bbox 787 4807 884 4881; x_wconf 88' lang='lat' dir='ltr'><strong>decet</strong></span> <span class='ocrx_word' id='word_1_281' title='bbox 910 4810 1030 4902; x_wconf 85' lang='lat' dir='ltr'><strong>gloria,</strong></span> <span class='ocrx_word' id='word_1_282' title='bbox 1057 4808 1165 4881; x_wconf 91' lang='lat' dir='ltr'><strong>honor</strong></span> <span class='ocrx_word' id='word_1_283' title='bbox 1191 4821 1224 4881; x_wconf 91' lang='lat' dir='ltr'><strong>et</strong></span> <span class='ocrx_word' id='word_1_284' title='bbox 1250 4811 1422 4904; x_wconf 91' lang='lat' dir='ltr'><strong>imperium</strong></span> <span class='ocrx_word' id='word_1_285' title='bbox 1450 4835 1525 4884; x_wconf 90' lang='lat' dir='ltr'><strong>cnm</strong></span> <span class='ocrx_word' id='word_1_286' title='bbox 1552 4813 1675 4906; x_wconf 89' lang='lat' dir='ltr'><strong>Spiritu</strong></span> <span class='ocrx_word' id='word_1_287' title='bbox 1702 4823 1758 4884; x_wconf 90' lang='lat' dir='ltr'><strong>tuo</strong></span> <span class='ocrx_word' id='word_1_288' title='bbox 1786 4818 1912 4883; x_wconf 86' lang='lat' dir='ltr'><strong>sancto.</strong></span> 
     </span>
    </p>

    <p class='ocr_par' dir='ltr' id='par_1_6' title="bbox 737 4922 1072 5015">
     <span class='ocr_line' id='line_1_34' title="bbox 737 4922 1072 5015; baseline 0.012 -24"><span class='ocrx_word' id='word_1_289' title='bbox 737 4922 898 5015; x_wconf 84' lang='lat' dir='ltr'><strong>Populos.</strong></span> <span class='ocrx_word' id='word_1_290' title='bbox 951 4927 1072 4999; x_wconf 86' lang='lat' dir='ltr'><strong>Amen.</strong></span> 
     </span>
    </p>

    <p class='ocr_par' dir='ltr' id='par_1_7' title="bbox 734 5037 1303 5112">
     <span class='ocr_line' id='line_1_35' title="bbox 734 5037 1303 5112; baseline 0.009 -5"><span class='ocrx_word' id='word_1_291' title='bbox 734 5037 923 5110; x_wconf 83' lang='lat' dir='ltr'><strong>Diocoous.</strong></span> <span class='ocrx_word' id='word_1_292' title='bbox 976 5038 1109 5111; x_wconf 85' lang='lat' dir='ltr'><strong>Stemus</strong></span> <span class='ocrx_word' id='word_1_293' title='bbox 1137 5038 1303 5112; x_wconf 89' lang='lat' dir='ltr'><strong>decenter.</strong></span> 
     </span>
    </p>

    <p class='ocr_par' dir='ltr' id='par_1_8' title="bbox 734 5152 1303 5246">
     <span class='ocr_line' id='line_1_36' title="bbox 734 5152 1303 5246; baseline 0.011 -25"><span class='ocrx_word' id='word_1_294' title='bbox 734 5152 896 5246; x_wconf 81' lang='lat' dir='ltr'><strong>Popalaa.</strong></span> <span class='ocrx_word' id='word_1_295' title='bbox 950 5155 1212 5242; x_wconf 85' lang='lat' dir='ltr'><strong>Misericordiae,</strong></span> <span class='ocrx_word' id='word_1_296' title='bbox 1240 5167 1303 5227; x_wconf 85' lang='lat' dir='ltr'><strong>etc.</strong></span> 
     </span>
    </p>

    <p class='ocr_par' dir='ltr' id='par_1_9' title="bbox 736 5266 1206 5360">
     <span class='ocr_line' id='line_1_37' title="bbox 736 5266 1206 5360; baseline 0.009 -24"><span class='ocrx_word' id='word_1_297' title='bbox 736 5266 919 5341; x_wconf 80' lang='lat' dir='ltr'><strong>Sacerdos.</strong></span> <span class='ocrx_word' id='word_1_298' title='bbox 974 5269 1117 5360; x_wconf 60' lang='lat' dir='ltr'><strong>Caritas</strong></span> <span class='ocrx_word' id='word_1_299' title='bbox 1144 5279 1206 5341; x_wconf 91' lang='lat' dir='ltr'><strong>etc.</strong></span> 
     </span>
    </p>
   </div>
   <div class='ocr_carea' id='block_1_6' title="bbox 0 0 2595 6532">
    <p class='ocr_par' dir='ltr' id='par_1_10' title="bbox 0 0 2595 6532">
     <span class='ocr_line' id='line_1_38' title="bbox 0 0 2595 6532; baseline 0 0"><span class='ocrx_word' id='word_1_300' title='bbox 0 0 2595 6532; x_wconf 95' lang='lat' dir='ltr'><strong> </strong></span> 
     </span>
    </p>
   </div>
  </div>
 </body>
</html>
