5150 6534
983 826 1182 905 SllllllRl
1220 828 1586 908 ANTIOCHENI.
1896 832 1971 907 329

600 1013 725 1101 citatis,
761 1035 859 1109 mam
894 1035 1015 1107 magua
1047 1024 1100 1087 est
1131 1014 1320 1089 sollicitudo
1354 1026 1410 1087 tua
1444 1028 1604 1113 paterna,
1638 1028 1793 1113 quamam
1828 1018 1970 1115 pelagus

602 1131 731 1221 gratim
757 1139 834 1201 tuae
861 1152 944 1203 vere
971 1133 1070 1203 etiam
1097 1130 1155 1203 tibi
1181 1131 1324 1224 gloriam
1351 1131 1526 1208 referimus
1554 1145 1587 1206 et
1603 1137 1772 1225 unigenito
1799 1134 1884 1207 Filio
1902 1145 1970 1206 tuo.

704 1244 889 1321 Sacerdos.
941 1247 1025 1318 Pax.

705 1362 865 1455 Populus.
917 1361 1062 1434 Etcum
1088 1366 1204 1458 spiritu
1231 1372 1297 1434 tuo.

708 1477 893 1551 Sacerdos.
946 1481 1088 1551 Domine
1114 1480 1206 1551 Deus
1234 1482 1405 1573 spirituum
1433 1489 1466 1550 ct
1492 1483 1598 1552 omnis
1627 1483 1754 1568 carnis,
1782 1484 1837 1574 qui
1863 1480 1974 1554 iecisti

601 1607 665 1666 nos
692 1594 812 1686 dignos
840 1579 1071 1669 communione
1096 1595 1161 1667 hac
1188 1595 1318 1682 divina,
1346 1606 1379 1667 et
1405 1599 1618 1690 susceptione
1653 1600 1783 1689 gratiae
1809 1607 1904 1680 tuac,
1937 1607 1973 1669 tu

602 1730 718 1781 omnes
754 1733 873 1784 sensus
899 1722 1034 1786 nostros
1061 1736 1081 1783 a
1115 1710 1316 1783 mortalitate
1351 1715 1542 1806 passionum
1576 1711 1699 1784 libera:
1733 1720 1839 1785 statue
1872 1717 1971 1785 ctiam

600 1824 665 1900 illis
692 1830 842 1924 principii
869 1831 945 1901 vice
972 1832 1122 1901 timorem
1150 1839 1239 1899 tuum
1266 1838 1300 1898 et
1325 1836 1468 1899 mentem
1496 1831 1697 1899 interiorem.
1754 1827 1877 1900 Oculus
1892 1828 1971 1900 nihil

602 1940 806 2015 obscoenum
834 1947 987 2041 aspiciat:
1024 1944 1152 2016 auditus
1180 1965 1248 2015 non
1280 1952 1394 2038 pateat
1429 1942 1544 2014 verbis
1579 1945 1717 2031 otiosis,
1753 1952 1787 2013 et
1820 1942 1970 2015 cantibus

600 2057 746 2130 lascivis.
800 2058 907 2130 Labia
933 2071 1048 2132 nostra
1075 2082 1161 2154 quac
1189 2070 1221 2131 te
1252 2057 1450 2150 glorificant,
1479 2057 1631 2153 purifica:
1662 2059 1760 2130 allice
1793 2068 1829 2130 ut
1854 2082 1971 2132 manus

600 2183 737 2248 nostrae
763 2173 951 2247 abstineant
976 2175 1018 2248 ab
1046 2175 1205 2272 operibus
1232 2178 1417 2267 nequitiae,
1445 2183 1479 2244 et
1505 2185 1667 2248 extensae
1694 2177 1759 2245 sint
1778 2175 1970 2248 admiseri-

604 2288 751 2361 cordiam
777 2291 1028 2385 praestandam3
1063 2312 1201 2383 gressus
1228 2300 1364 2362 nostros
1390 2302 1508 2362 averte
1541 2314 1560 2361 a
1597 2293 1722 2362 semitis
1758 2295 1902 2385 pcccati,
1939 2302 1972 2363 et

602 2404 646 2476 ad
671 2428 803 2477 cursum
831 2406 1235 2500 Evangeliidirigantur:
1270 2409 1305 2477 in
1332 2406 1484 2477 omnibus
1511 2405 1668 2477 memhris
1702 2410 1825 2479 nostris
1859 2410 1971 2480 insere

600 2524 754 2593 timorem
781 2533 881 2611 tuum,
910 2534 943 2595 ct
968 2534 1096 2594 mentes
1122 2533 1257 2594 nostras
1275 2522 1454 2609 'confirma
1481 2532 1515 2593 ut
1542 2521 1726 2593 habitatin
1753 2521 1849 2594 nobis
1877 2522 1970 2594 divi-

600 2639 688 2709 nitas
723 2648 788 2709 tua.
841 2637 884 2711 tn
917 2642 1001 2712 sicut
1033 2638 1174 2734 Moyses
1209 2640 1263 2731 qui
1298 2641 1545 2709 ministraverat
1580 2637 1681 2709 cultui
1712 2637 1901 2710 umbrarum
1937 2649 1972 2710 et

566 2752 570 2759 ’
600 2751 799 2845 figurarum,
832 2754 963 2848 quando
1000 2754 1169 2825 descendit
1203 2753 1244 2824 de
1278 2764 1411 2843 monte,
1445 2756 1574 2844 agnitus
1609 2752 1670 2825 fuit
1702 2753 1822 2827 afiliis
1854 2753 1971 2842 Israel,

602 2867 691 2963 quod
717 2891 792 2939 cum
818 2869 892 2940 Deo
925 2881 1144 2942 conversatus
1176 2878 1282 2941 essct:
1317 2872 1362 2940 ita
1389 2871 1587 2957 etiamnum,
1621 2869 1681 2941 sed
1714 2867 1904 2965 perfectiori
1937 2879 1972 2940 et

602 2983 757 3057 diviniori
783 2985 894 3072 modo,
921 2989 1030 3075 gratia
1056 2996 1110 3056 tua
1139 2984 1297 3056 adveniat
1331 2996 1365 3055 et
1391 2988 1564 3057 exoriatur
1591 3007 1692 3079 super
1719 3006 1780 3056 eos
1808 2987 1862 3078 qui
1889 3007 1970 3079 mv-

602 3103 706 3171 sterio
732 3099 829 3193 hujus
856 3104 1028 3173 ministerii
1055 3100 1234 3197 spiritualis
1262 3104 1453 3172 consecrati
1475 3108 1562 3191 sunt,
1589 3108 1789 3196 apparentes
1817 3110 1972 3196 tanquam

600 3213 773 3288 luminaria
800 3220 832 3287 in
860 3217 993 3307 mundo,
1020 3226 1052 3288 ct
1080 3226 1230 3288 tenentes
1257 3215 1396 3287 verbum
1431 3219 1538 3287 vitae:
1577 3215 1713 3287 salvans
1744 3239 1807 3288 nos
1840 3240 1859 3287 a
1886 3240 1969 3286 cru-

602 3333 689 3402 ciatu
716 3335 770 3427 qui
806 3332 902 3403 linem
929 3331 1141 3420 nonhabet,
1174 3342 1395 3405 transmutans
1427 3332 1567 3424 liguram
1601 3334 1755 3427 corporis
1782 3330 1969 3403 humilitatis

600 3456 753 3535 nostrae,
782 3452 815 3519 in
841 3448 1081 3521 similitudinem
1109 3449 1239 3540 gloriae
1271 3457 1365 3537 tuae,
1392 3450 1424 3518 in
1452 3452 1522 3520 vita
1549 3448 1668 3536 beata,
1703 3456 1737 3517 ct
1771 3447 1969 3519 indeficienti

602 3571 637 3631 ct
662 3562 846 3636 referemus
878 3564 937 3637 tihi
969 3565 1110 3657 gloriam
1144 3575 1178 3636 ct
1203 3564 1352 3653 laudem,
1386 3574 1419 3633 ct
1451 3565 1541 3635 Patri
1574 3574 1631 3635 tuo
1666 3564 1720 3658 qui
1752 3565 1840 3635 misit
1867 3576 1899 3636 te
1926 3564 1968 3635 ad

602 3677 742 3750 salutem
768 3691 930 3768 nostram,
958 3693 991 3752 et
1016 3682 1151 3775 Spiritui
1179 3690 1235 3752 tuo
1264 3682 1485 3769 sanctissimo,
1513 3691 1547 3751 et
1573 3679 1760 3768 adorando,
1788 3679 1968 3751 vivificanti

600 3791 724 3889 tibique
752 3794 1023 3867 consubstantiali
1050 3807 1113 3868 etc.

1019 4067 1572 4116 W

519 4322 523 4330 ⁸
647 4407 854 4520 *lu
917 4403 1808 4497 nrvuaorlnsuvuur

941 4603 1689 4749 OBSERv.lT10NES.'

1180 4929 1211 4998 1.
1257 4929 1390 5001 Secari.

700 5121 793 5216 Quas
824 5134 953 5197 celebris
980 5134 1019 5196 sit
1042 5133 1120 5195 illius
1143 5134 1285 5195 memoria
1310 5151 1397 5196 nemo
1420 5132 1560 5215 ignorat,
1590 5149 1657 5194 curn
1683 5130 1750 5211 ipse
1772 5127 1967 5192 Jacobiticam

601 5246 716 5301 sectam
739 5256 795 5319 pcr
817 5246 912 5300 annos
927 5237 1034 5300 multos
1056 5237 1282 5317 propagaverit,
1306 5244 1338 5300 et
1359 5237 1500 5299 infinitam
1521 5236 1665 5297 librorum
1687 5233 1804 5315 copiam
1826 5231 1864 5295 ad
1886 5232 1965 5295 illius

570 5410 571 5413 Ἴ
601 5354 711 5400 causae
733 5335 940 5419 defensionem
961 5335 1099 5417 ediderit
1142 5334 1208 5399 Etsi
1233 5353 1310 5399 vcro
1341 5336 1433 5399 multa
1450 5336 1513 5419 J‘am
1534 5333 1653 5398 alaude
1674 5341 1745 5398 nota
1767 5340 1868 5414 erant,
1898 5350 1965 5397 cum
