5150 6534
527 792 637 925 0344
1130 793 1363 871 NOTAE

559 980 655 1059 magis
679 994 766 1059 quam
788 962 1121 1041 nomanae'ttcctestae
1145 995 1223 1059 quae
1249 978 1357 1041 omittit
1379 985 1496 1059 partem
1517 977 1682 1042 verbomm
1703 977 1741 1041 ab
1763 975 1935 1059 Evangeli-

287 1099 365 1152 Μ.
389 1099 417 1151 3.
440 1100 472 1163 ρ,
500 1100 545 1152 ⁶3,
559 1078 615 1138 stis
636 1076 818 1140 relatorum:
842 1087 872 1140 et
894 1076 933 1139 ad
955 1078 1216 1140 consecrationem
1239 1076 1342 1138 calicis
1363 1076 1569 1157 spectantibus
1591 1077 1650 1139 alia
1672 1074 1818 1157 adjunxit,
1843 1092 1934 1155 qnae,

283 1219 287 1236 .
303 1183 331 1236 d.

560 1184 592 1238 nt
620 1184 707 1239 recte
734 1185 820 1242 notat
849 1174 879 1239 S.
909 1174 1058 1253 Thomas,
1092 1175 1251 1239 Ecclesiae
1279 1176 1439 1238 traditione
1467 1175 1649 1238 urhlcienter
1676 1171 1936 1243 commendantur.

560 1274 708 1352 Quodsi,
732 1284 764 1338 ut
792 1275 863 1338 olim
893 1275 930 1336 ab
958 1275 1070 1356 aliquot
1098 1273 1266 1338 hominibus
1295 1274 1405 1337 lactum
1436 1281 1499 1349 est,
1531 1275 1570 1337 lis
1588 1281 1755 1337 ‚moveatur
1786 1271 1937 1334 adversm

559 1373 732 1436 Orientales
755 1375 793 1436 dc
817 1372 1081 1436 sacramentorum
1104 1373 1219 1451 lomois,
1240 1391 1343 1453 neque
1364 1373 1425 1435 ulla
1447 1372 1629 1449 admittatur,
1652 1380 1683 1435 ut
1706 1370 1854 1454 legitima,
1876 1368 1936 1431 nisi

557 1471 672 1535 Latinis
696 1472 798 1535 verbis
821 1472 989 1553 syllabatim
1012 1475 1182 1544 conveniat,
1203 1472 1284 1534 nulla
1307 1474 1338 1546 in
1359 1471 1497 1536 Ecclesia
1513 1471 1661 1537 Orientali
1682 1485 1815 1550 unquam
1836 1465 1935 1529 luisse

559 1571 752 1635 Sacramenta
782 1579 928 1652 sequetur
955 1572 1146 1634 necessario:
1182 1570 1264 1633 nulla
1290 1569 1401 1633 dudum
1428 1588 1594 1652 superesse
1626 1572 1658 1634 in
1688 1568 1746 1633 illis
1773 1565 1937 1641 Ecclesiis,

559 1689 626 1732 cum
649 1670 756 1751 quihus
780 1679 878 1733 tamen
901 1668 1034 1733 Romana
1059 1668 1305 1733 Communionem
1327 1670 1432 1733 tenuit.

611 1951 646 2019 5.
686 1946 854 2018 Memento
880 1945 1028 2017 Domine
1054 1947 1185 2042 Nepam
1211 1949 1402 2041 quiveram
1424 1944 1639 2038 Religionem
1660 1947 1880 2038 profitentur.

670 2138 707 2215 ln
731 2158 763 2212 nt
786 2147 857 2211 alibi
879 2150 1045 2213 monuimus
1067 2150 1244 2212 translatum
1272 2157 1320 2211 est
1343 2167 1383 2210 ex
1404 2148 1503 2210 veteri
1525 2146 1663 2225 formula,
1682 2148 1770 2229 juxta
1792 2143 1939 2225 discipli-

558 2272 627 2316 nam
650 2251 905 2327 Ecclcsiasticam,
928 2269 1006 2333 quae
1029 2254 1183 2314 orationes
1212 2268 1269 2332 pro
1292 2252 1427 2333 Regibus
1450 2253 1539 2313 etiam
1568 2268 1628 2314 non
1660 2249 1837 2313 Christianis
1867 2248 1940 2311 lieri

557 2351 726 2434 praecepit,
749 2369 789 2411 ex
811 2349 1030 2430 Apostolorum
1059 2348 1205 2413 doctrina.
1256 2349 1488 2413 Allectationem
1521 2350 1552 2411 in
1581 2348 1726 2411 Jacobitis
1755 2349 1877 2410 nimiam
1909 2348 1940 2410 si

558 2451 626 2536 quis
649 2450 720 2511 inde
749 2449 942 2530 suspicetur,
973 2457 1071 2511 natam
1100 2468 1140 2510 ex
1167 2455 1287 2511 vetusto
1316 2448 1463 2511 adversus
1495 2449 1697 2528 Imperatores
1725 2445 1938 2520 Orthodoxos,

559 2550 610 2630 qui
632 2548 701 2611 illos
725 2555 939 2629 represserunt
963 2548 1043 2627 odio,
1067 2547 1188 2612 habebit
1211 2546 1387 2631 argumenta
1406 2564 1467 2610 non
1483 2565 1580 2628 panca
1594 2547 1704 2627 quibus
1726 2544 1940 2623 conjecturam

556 2655 686 2709 tueatur.
730 2646 888 2708 Maledicta
918 2647 996 2709 enim
1019 2648 1165 2709 adversus
1195 2646 1381 2709 Marcianum
1410 2647 1492 2727 quod
1522 2644 1660 2709 Concilio
1690 2640 1941 2706 calchedonensi

558 2745 679 2825 laverit,
701 2745 822 2826 pietatis
845 2752 961 2827 partem
985 2744 1126 2808 videntur
1148 2746 1348 2826 existimasse,
1372 2764 1439 2808 cum
1470 2762 1507 2807 ea
1529 2762 1590 2806 non
1620 2742 1710 2807 modo
1739 2742 1770 2802 in
1798 2740 1940 2804 historiis

557 2844 704 2924 librisque
728 2842 931 2927 l'heologicis,
956 2843 1011 2905 sed
1034 2845 1123 2906 etiam
1145 2844 1176 2904 in
1198 2844 1357 2925 precibus,
1387 2852 1487 2906 tamon
1509 2850 1598 2905 extra
1619 2840 1773 2921 liturgias
1795 2856 1941 2923 conges÷

558 2943 668 3005 serint:
691 2949 723 3003 ut
746 2942 775 3003 in
800 2941 913 3022 aliquot
936 2942 1068 3022 Syriacis
1092 2942 1195 3005 officiis
1219 2943 1465 3005 observavimus:
1489 2960 1557 3004 nam
1580 2939 1798 3002 moderatiores
1820 2937 1882 3001 hoc
1906 2940 1940 3002 in

558 3059 675 3123 genere
698 3040 843 3123 Aegyptii
867 3039 996 3104 luerunt.
1041 3040 1103 3102 lmo
1126 3040 1314 3118 Nestorium,
1345 3042 1416 3104 licet
1438 3042 1467 3103 io
1489 3043 1553 3103 suis
1576 3056 1698 3122 qunque
1720 3036 1832 3100 Officiis
1854 3051 1941 3118 quac

557 3144 590 3203 in
611 3139 682 3202 Beit
702 3141 799 3217 Gora,
821 3141 887 3203 sive
911 3139 1068 3203 Thesauro
1091 3157 1147 3202 suo
1177 3141 1370 3203 continentur
1390 3140 1563 3202 Nestorium
1593 3137 1726 3213 laudent,
1749 3134 1832 3216 quod
1854 3152 1942 3198 con-

558 3240 678 3303 triverit
707 3249 799 3321 caput
828 3240 979 3318 serpentis
1008 3237 1129 3319 Cyrilli,
1152 3239 1303 3301 abstinent
1329 3247 1429 3302 tamen
1452 3257 1470 3301 a
1492 3238 1636 3301 conviciis
1658 3234 1805 3299 adversus
1828 3234 1942 3297 Theo-

559 3338 675 3401 dosium
697 3339 922 3419 Imperatorem.
968 3337 1008 3399 At
1030 3336 1186 3399 Jacobitae
1209 3338 1278 3418 Syri
1306 3338 1425 3401 modum
1455 3355 1515 3399 non
1538 3343 1709 3412 tenuerunt,
1732 3342 1854 3397 etcum
1877 3334 1941 3397 snb

558 3437 681 3499 Zenone
704 3445 734 3499 et
757 3437 929 3515 Anastasio,
953 3451 1031 3518 quos
1060 3443 1199 3517 tanquam
1231 3437 1358 3499 Sanctos
1380 3444 1581 3515 venerantur,
1611 3444 1641 3498 et
1670 3449 1768 3495 annua
1796 3451 1943 3497 commo-⁶

558 3537 726 3598 moratione
750 3535 915 3613 celebrant,
938 3535 1097 3616 plurimum
1125 3544 1268 3615 possent,
1297 3544 1492 3617 veteremque
1516 3531 1766 3598 consuetudinem
1787 3532 1942 3595 orationis

558 3652 616 3714 pro
639 3634 814 3696 Christianis
838 3633 1072 3716 imperatoribus
1096 3635 1126 3697 in
1148 3633 1283 3717 hitnrgia
1308 3632 1463 3696 faciendae
1485 3640 1703 3712 renovassent,
1734 3646 1799 3692 earn
1822 3640 1938 3711 postca

557 3734 757 3810 retinuerunt,
780 3732 837 3794 etsi
859 3739 983 3812 praeter
1004 3732 1107 3814 lleges
1130 3732 1309 3813 Aethiopiae
1338 3740 1368 3794 et
1390 3731 1517 3809 Nubiae,
1540 3732 1639 3814 nullos
1662 3750 1703 3794 cx
1724 3746 1779 3792 sua
1802 3735 1940 3792 senten-

559 3832 601 3891 tia
624 3830 816 3894 Orthodoxos
840 3840 1053 3914 agnoscerent.

749 4090 784 4161 6.
819 4092 987 4162 Memento
1014 4090 1172 4176 Domine,
1196 4093 1387 4182 praecipue
1412 4088 1538 4160 Jacobi
1564 4089 1748 4159 Berodoti.

653 4281 744 4373 Quen
767 4293 892 4368 autoris,
914 4294 940 4354 si
964 4292 1065 4354 titulus
1087 4302 1120 4355 ut
1142 4292 1293 4375 legitimus
1323 4293 1510 4372 agnoscitur,
1532 4308 1642 4353 nomen
1663 4289 1822 4371 Diptychis
1845 4291 1942 4354 inse-

561 4396 653 4473 ritur,
671 4394 824 4469 novitatis,
846 4402 897 4455 aut
919 4395 1136 4475 suppositionis
1160 4401 1275 4458 certum
1292 4402 1500 4475 argumentum
1522 4411 1582 4455 non
1606 4402 1663 4473 est,
1687 4394 1823 4475 quamvis
1845 4394 1942 4458 aliter

560 4494 669 4556 Riveto
691 4492 787 4555 visum
810 4490 910 4569 luerit,
932 4510 1038 4574 parum
1062 4493 1170 4555 idoneo
1194 4501 1331 4555 veterum
1343 4493 1626 4555 Ecclesiasticorum
1650 4493 1832 4574 scriptorum
1854 4511 1940 4555 cen-

561 4593 634 4668 sori,
657 4592 708 4673 qui
730 4589 882 4673 Litnrgias
896 4589 1013 4668 Jacobi,
1036 4592 1137 4654 Basilii
1160 4600 1191 4654 et
1205 4590 1413 4671 chrysostomi
1436 4590 1544 4654 lrivolo
1561 4591 1619 4653 ista
1631 4592 1747 4653 ratione
1763 4592 1938 4672 impugnat,

561 4692 647 4771 cujus
670 4691 841 4752 inanitatem
864 4689 934 4752 alibi
947 4690 1175 4755 confutavimus.
1209 4692 1289 4752 Fieri
1317 4691 1437 4753 omnino
1459 4692 1568 4770 potuit,
1591 4698 1624 4752 ut
1645 4690 1833 4753 recentiores
1855 4685 1940 4749 istae

473 4784 475 4786 ’
560 4789 728 4872 Liturgiae,
751 4805 828 4868 quae
850 4796 884 4849 ut
907 4787 1015 4851 Graeci
1038 4797 1159 4852 autores
1193 4789 1328 4852 nonnulli
1350 4789 1607 4866 observaverunt,
1637 4785 1822 4850 aJacobitis
1844 4802 1941 4849 com-

560 4890 680 4968 positae
702 4894 781 4964 sunt,
805 4904 843 4949 eo
866 4889 1053 4967 potissimum
1076 4889 1203 4951 consilio
1226 4888 1324 4951 lectae
1347 4890 1424 4965 sint,
1453 4889 1539 4952 utin
1563 4887 1647 4949 lestis
1672 4885 1777 4949 diebus
1800 4900 1881 4967 quos
1906 4878 1941 4948 in

562 4987 735 5048 memoriam
771 4985 889 5047 illorum
922 4994 1195 5066 consecraverant,
1230 4987 1469 5051 celebrarentur.
1525 4987 1568 5049 lta
1598 5003 1709 5049 nomen
1737 4984 1816 5048 illius
1845 4984 1940 5065 cujus

561 5085 705 5146 memoria
728 5083 886 5167 agebatur,
908 5083 1064 5165 Diptychis
1087 5087 1180 5148 inseri
1192 5085 1336 5148 debebat:
1360 5093 1451 5167 atque
1468 5085 1537 5149 inde
1560 5084 1650 5162 lorte,
1672 5093 1705 5148 ut
1728 5081 1799 5147 alibi
1821 5082 1942 5146 obser-

562 5192 663 5245 vatum
685 5190 743 5257 est,
765 5181 913 5263 originem
944 5181 1112 5246 habuerunt
1143 5184 1257 5246 illarum
1286 5184 1380 5263 tituli,
1408 5203 1487 5266 quae
1517 5186 1637 5247 nomina
1666 5203 1740 5265 prae
1768 5201 1804 5245 se
1832 5181 1942 5246 lerumt

562 5288 700 5343 autorum
723 5280 774 5360 qui
796 5281 936 5343 vixerunt
958 5288 1028 5345 ante
1049 5280 1264 5345 Muhamedeoa
1287 5292 1432 5364 tempora.
