5150 6534
724 835 844 912 timot
868 833 1165 912 Pantotortoms
1191 834 1239 912 ΕΤ
1264 831 1558 911 EVANGELISTAE.
1752 814 1826 905 1‘8'3

459 1023 637 1096 Dominum
663 1033 827 1110 nostrum,
854 1045 927 1094 cum
955 1043 1021 1117 quo
1048 1032 1082 1094 ta
1109 1022 1206 1094 decet
1230 1019 1357 1114 gloria,
1384 1028 1419 1092 et
1443 1017 1569 1108 honor,
1597 1025 1630 1090 et
1654 1020 1826 1115 impeiimn

459 1160 534 1212 cum
561 1139 684 1236 Spiritu
710 1149 778 1211 tuo.
1875 1127 1877 1131 Α

562 1255 723 1348 Papulas.
751 1256 870 1328 Amen.

435 1416 447 1434 ·
567 1371 751 1442 Sacerdos.
779 1370 861 1441 Pax.

565 1488 726 1580 Populos.
754 1485 897 1557 Etcum
924 1487 1038 1581 spiritu
1066 1494 1133 1556 tuo.

564 1603 749 1674 Sacerdos.
776 1600 1028 1674 Misericordiae
1055 1603 1128 1673 sint.

564 1720 751 1790 Diaconos.
781 1717 865 1792 Cum
891 1721 1018 1789 timore.

566 1835 751 1906 Sacerdos.
780 1835 903 1905 Sancta
931 1835 1065 1920 sanctis,
1092 1842 1155 1904 etc.

562 1951 724 2044 Papulas.
751 1948 844 2021 Unus
872 1951 981 2021 Pater.

565 2066 753 2137 maeones.
782 2064 915 2136 Stemus
943 2064 1109 2138 decenter.

563 2181 747 2253 Sacerdos.
776 2179 979 2253 confitemur
1005 2179 1079 2268 tibi,
1106 2179 1282 2251 adoramus
1310 2188 1362 2264 te,
1389 2187 1422 2249 et
1448 2178 1574 2270 gratias
1601 2183 1730 2271 agimus
1757 2178 1827 2266 tihi,

460 2296 583 2370 multae
610 2297 867 2384 misericordiae,
895 2306 930 2367 et
955 2300 1093 2388 gratiae,
1120 2317 1207 2366 nunc
1222 2318 1296 2366 cum
1322 2316 1387 2366 nos
1415 2292 1534 2385 dignos
1560 2293 1679 2381 iecisti,
1706 2317 1826 2367 come-

464 2412 561 2484 dendi
587 2435 710 2509 corpus
737 2425 885 2485 sanctum
911 2415 1070 2504 unigeniti
1096 2411 1171 2483 Filii
1197 2414 1259 2497 tui,
1287 2420 1321 2481 et
1347 2409 1480 2483 bibendi
1514 2413 1708 2502 sanguinem
1743 2414 1826 2504 ejus,

461 2547 598 2622 purum,
626 2538 659 2598 et
685 2539 842 2600 sanctum.
895 2528 966 2600 Fac
992 2529 1151 2615 Domine,
1178 2539 1213 2600 ut
1239 2529 1359 2622 pignus
1390 2525 1454 2597 hoc
1485 2530 1519 2598 in
1551 2525 1649 2601 nohis
1684 2537 1826 2613 maneat,

461 2652 495 2713 et
520 2645 563 2715 sit
587 2641 683 2715 nohis
709 2647 743 2714 in
768 2647 1053 2740 propitiationem,
1081 2655 1115 2715 et
1139 2647 1243 2716 vitam
1268 2665 1411 2733 novam,
1445 2664 1512 2715 non
1546 2646 1580 2714 in
1616 2641 1825 2714 condemna-

461 2760 605 2849 tionem,
633 2769 665 2830 et
690 2758 829 2831 mortem
857 2772 1042 2847 aeternam,
1069 2770 1105 2831 ut
1128 2770 1268 2855 propter
1295 2762 1405 2830 omnia
1432 2767 1486 2831 tua
1515 2780 1598 2850 erga
1624 2780 1687 2829 nos
1714 2758 1825 2832 hene-

461 2873 556 2961 ficia‚
583 2869 729 2966 gloriam
739 2885 934 2970 perpetuam
948 2875 1134 2949 referamus
1157 2875 1231 2962 tihi,
1260 2886 1293 2947 et
1313 2878 1483 2966 unigenito
1502 2873 1588 2946 Filio
1616 2885 1683 2962 tuo,
1710 2872 1825 2970 Spiri-

461 2990 574 3085 tuique
600 3001 655 3060 tuo
684 2993 910 3080 sanctissimo,
938 3001 971 3063 et
996 2989 1095 3063 bono.

564 3105 724 3199 Populos.
750 3108 869 3179 Amen.

564 3219 748 3293 Sacerdos.
777 3222 860 3293 Pax.

565 3337 727 3428 Populos.
753 3338 798 3409 Et
823 3360 906 3409 cum.

564 3452 752 3524 Diaconos.
778 3454 901 3525 lterum
928 3460 961 3524 et
986 3457 1113 3525 iterum.

564 3565 746 3641 Sacerdos.
774 3568 906 3642 Christe
931 3568 1010 3641 Rex
1035 3568 1174 3661 gloriae,
1202 3567 1471 3640 commendamus
1484 3568 1543 3641 tibi
1562 3570 1713 3662 regimen
1731 3573 1823 3641 vitae

460 3692 613 3754 nostrae:
641 3683 694 3754 iac
720 3696 756 3756 ut
782 3707 897 3757 omnes
925 3707 986 3757 nec
1014 3688 1145 3776 tentati,
1171 3705 1234 3753 nec
1267 3683 1399 3778 spoliati
1433 3682 1474 3756 ab
1508 3684 1603 3758 hoste
1636 3689 1755 3774 simus,
1791 3697 1826 3758 et

462 3797 590 3870 effunde
617 3821 718 3894 super
743 3824 804 3873 nos
830 3799 1087 3873 misericordiam
1115 3809 1203 3871 tuam
1218 3798 1602 3894 incomprehensibilem,
1630 3812 1664 3873 et
1690 3806 1822 3874 unicui-

461 3937 526 4009 que
551 3923 700 3986 nostrum
727 3916 813 4010 quod
840 3919 902 4011 ipsi
937 3917 1163 3987 necessarium
1191 3925 1257 4000 est,
1285 3915 1444 3987 concede.
1499 3915 1639 3988 0nmem
1672 3918 1822 3991 adoran-

459 4032 538 4101 tium
563 4040 597 4101 te
624 4036 917 4124 congregationem
942 4029 1075 4119 robora,
1103 4041 1136 4101 et
1153 4029 1292 4120 adjuva:
1321 4053 1420 4102 senes
1447 4031 1605 4105 confirma
1631 4054 1692 4126 per
1719 4044 1822 4127 pote-¹

461 4157 578 4218 statem
606 4158 693 4219 tuam
718 4170 890 4240 magnam3
914 4152 1058 4241 juvenes
1085 4148 1217 4219 contine
1251 4148 1285 4216 in
1321 4146 1558 4219 observatione
1594 4149 1820 4221 sollicitudinis
1870 4214 1873 4219 .

461 4264 563 4354 (erga
591 4263 684 4353 illos)
711 4272 803 4335 tuae:
831 4286 953 4359 pueros
981 4263 1102 4350 educa3
1127 4272 1173 4343 ,et
1199 4263 1321 4334 instrue
1357 4263 1507 4336 doctrina
1544 4275 1597 4336 tua
1631 4264 1757 4337 divina
1790 4276 1823 4336 et

460 4400 576 4452 omnes
603 4376 893 4472 obsignaiinvicta
920 4401 1019 4451 cruce
1047 4388 1112 4468 tua,
1139 4389 1174 4449 ut
1188 4376 1373 4451 referamus
1387 4376 1443 4450 tibi
1457 4378 1608 4471 gloriam.
1636 4389 1670 4452 et
1681 4380 1821 4453 landem.

562 4494 723 4587 Popalas.
749 4497 870 4583 Amen,
1009 4490 1011 4495 ’
1623 4537 1650 4591 0

562 4611 745 4682 Sacerdos.
772 4611 919 4682 Benedic
944 4609 1042 4683 nobis
1070 4609 1229 4685 omnibus.

562 4728 748 4798 Dicaeara.
776 4727 983 4798 Benedicam.

833 5002 937 5073 Aliae
966 5001 1148 5071 Orationes
1175 5024 1224 5072 ec
1250 5000 1330 5071 Cod.
1357 5002 1436 5072 Mss.

562 5191 644 5276 Quis
672 5194 812 5287 reperiri
838 5199 954 5284 posset
986 5192 1072 5261 inter
1102 5188 1253 5263 homines
1281 5194 1335 5284 qui
1361 5191 1468 5286 possit
1502 5189 1600 5282 digna
1634 5188 1821 5285 rependere

455 5310 585 5399 gratiae
612 5319 707 5397 tuae,
740 5305 911 5378 Domine?
944 5308 999 5401 qui
1029 5303 1127 5378 nohis
1154 5305 1268 5398 malis,
1309 5313 1342 5378 et
1374 5304 1513 5396 abjectis
1549 5304 1668 5379 dedisti
1700 5305 1819 5379 donum
