5150 6534
592 847 670 920 480
1101 839 1460 918 nlrnnoln

595 1037 649 1129 qui
678 1036 710 1103 in
737 1030 941 1119 carceribus,
969 1040 1025 1102 aut
1044 1032 1206 1101 servitute
1224 1028 1421 1114 detinentur,
1448 1025 1552 1097 libera
1569 1036 1603 1097 et
1620 1047 1803 1098 conserva:
1831 1022 1965 1119 pluuias

594 1148 801 1240 benedictas,
829 1157 862 1218 et
887 1168 984 1218 rores
1008 1145 1173 1238 jucundos
1201 1145 1243 1216 ad
1269 1143 1345 1216 loca
1372 1165 1459 1237 quae
1485 1142 1548 1213 illis
1575 1141 1721 1233 indigent
1747 1144 1859 1228 mitte3
1894 1138 1964 1212 be-

595 1265 692 1335 nedic
719 1284 865 1336 coronae
894 1266 990 1347 anni,
1022 1260 1205 1354 frugesque
1238 1274 1271 1332 et
1298 1248 1561 1353 fractusfiterrae
1588 1258 1783 1351 multiplica,
1816 1261 1895 1351 quia
1931 1267 1965 1328 tu

595 1380 761 1470 benignus
789 1399 827 1448 es
855 1389 889 1448 ct
914 1390 1043 1449 amator
1070 1376 1246 1467 bominum,
1273 1375 1563 1470 tibiqueggloriam
1591 1386 1624 1445 et
1638 1374 1767 1446 laudem
1784 1373 1963 1446 offerimus.

700 1493 860 1585 Populos.
913 1494 1032 1564 Amen.

698 1609 874 1681 Sacerdos
899 1609 1091 1678 inclinatae.
1144 1608 1195 1679 Sit
1221 1603 1388 1703 {memoria
1415 1606 1502 1680 bona
1531 1606 1573 1678 ad
1600 1605 1703 1677 altore
1737 1616 1826 1678 tuum
1859 1607 1963 1699 spiri-

595 1726 696 1814 tuale,
724 1725 896 1818 coelisque
923 1723 1106 1807 sublimius,
1135 1735 1168 1794 et
1195 1724 1236 1795 ad
1263 1724 1326 1797 boc
1353 1728 1451 1796 etiam
1470 1745 1584 1796 coram
1612 1744 1677 1817 quo
1704 1731 1769 1794 stat
1794 1721 1963 1793 infirmitas

598 1866 685 1929 mea,
713 1853 849 1913 sanctae
876 1843 1046 1932 genitricis
1073 1840 1137 1911 Dei
1164 1839 1303 1920 blariae,
1330 1842 1467 1913 loannis
1494 1842 1673 1933 Baptistae,
1701 1836 1863 1934 Stephani
1888 1841 1962 1934 pri-

596 1961 754 2049 mogeniti
782 1957 966 2051 Martyrum
994 1967 1027 2026 et
1053 1957 1295 2042 Diaconornm,
1323 1957 1608 2044 Patriarcbarnm,
1635 1956 1781 2040 Petrum,
1807 1953 1964 2049 Prophe-

596 2085 712 2157 tarum,
740 2071 992 2166 Apostolorum,
1019 2072 1215 2168 Martyrum,
1243 2072 1495 2162 Corrlessornm,
1526 2085 1558 2146 et
1585 2074 1725 2144 omnium
1754 2071 1961 2156 Sanctorum,

598 2187 790 2259 dilectorum
818 2197 957 2259 tuorum.
1010 2186 1112 2259 Effice
1139 2213 1201 2261 nos
1227 2191 1369 2261 Domine
1398 2193 1578 2261 imitatores
1605 2210 1732 2259 morum
1759 2186 1904 2272 illorum,
1931 2195 1962 2256 ct

596 2326 657 2399 per
684 2298 1006 2386 orationes'eorurn,
1034 2303 1129 2374 salva
1156 2311 1226 2377 nos‘
1247 2307 1288 2377 ab
1317 2305 1467 2377 omnibus
1494 2304 1787 2377 dolisetdarnnis:
1815 2302 1962 2374 concede

597 2422 695 2490 etium
721 2417 817 2490 nobis
844 2422 1022 2512 petitiones
1049 2432 1193 2504 nostras,
1221 2446 1266 2492 ex
1294 2405 1448 2493 tbesabro
1472 2433 1528 2493 tuo
1548 2421 1648 2516 pleno
1675 2421 1773 2492 bonis
1801 2418 1961 2491 omnibus.

702 2536 850 2604 Eteonos
882 2557 1007 2604 ccccm.
1060 2535 1288 2632 Suscipiuntur
1327 2542 1585 2610 intercessiones
1613 2536 1807 2608 dilectorum
1836 2547 1962 2607 tuorum

597 2672 710 2722 coram
739 2654 912 2741 majestate
939 2660 1004 2735 tna,
1029 2653 1182 2740 Domine,
1210 2664 1349 2750 propter
1374 2677 1494 2726 nonren
1523 2664 1608 2725 tuum
1636 2675 1792 2745 maguum
1821 2664 1854 2725 et
1880 2675 1962 2725 san-

597 2776 695 2855 ctum,
723 2765 811 2859 qnod
838 2767 1026 2836 invocatum
1055 2778 1105 2838 est
1132 2792 1331 2865 supernos
1370 2772 1511 2866 Propter
1538 2770 1790 2866 deprecationes
1819 2777 1962 2856 sanctas,

598 2891 632 2952 et
659 2882 909 2954 obsecrationes
937 2904 1051 2953 eorum
1079 2886 1229 2956 exaudiri
1257 2887 1385 2979 dignas,
1414 2891 1527 2983 aspice
1552 2908 1615 2957 nos
1643 2886 1739 2957 oculo
1766 2886 1962 2956 misericor-

601 2997 685 3083 diae,
714 3007 748 3066 et
774 3000 908 3091 suscipe
935 3001 1105 3072 orationes
1141 3013 1273 3074 nostras
1308 3003 1465 3093 infirmus,
1492 3014 1526 3073 et
1551 3001 1804 3074 obsecrationes
1832 3010 1962 3072 nostras

598 3113 824 3208 imperfectas:
853 3136 918 3184 non
946 3115 1101 3210 repellas,
1128 3142 1236 3212 neque
1264 3131 1399 3191 avertas
1426 3120 1544 3191 faciem
1572 3129 1659 3189 tuam
1680 3141 1699 3189 a
1718 3116 1834 3188 nobis:
1862 3139 1905 3188 ne
1931 3119 1962 3186 in

597 3230 712 3302 lurore
740 3230 885 3301 declines
915 3256 934 3302 a
961 3232 1079 3321 nobis,
1113 3256 1221 3328 neque
1247 3239 1280 3306 iu
1308 3239 1356 3307 ira
1380 3240 1525 3328 justitiae
1559 3235 1730 3331 disperdas
1764 3254 1838 3305 nos.
1891 3232 1961 3304 Nos

599 3350 686 3417 enim
714 3347 828 3417 intumi
856 3357 889 3417 ct
916 3352 1014 3439 egeni
1042 3372 1115 3420 cum
1150 3355 1264 3438 simus,
1291 3375 1352 3446 per
1379 3355 1723 3424 commemorationem
1752 3350 1961 3435 Sanctorum,

600 3468 654 3555 qui
681 3484 742 3533 nos
770 3476 1037 3557 praecesserunt,
1067 3467 1225 3538 audemus
1261 3468 1302 3538 ad
1330 3478 1362 3539 te
1390 3468 1569 3555 accedere,
1604 3480 1636 3539 et
1663 3467 1826 3562 perlicere
1853 3467 1962 3536 sucri-

533 3572 539 3582 ’
600 3579 707 3648 licium
736 3578 798 3647 boc
827 3581 1029 3651 tremendum
1062 3593 1095 3652 et
1126 3584 1348 3670 metuendum,
1385 3585 1471 3679 quod
1508 3585 1695 3656 desiderant
1728 3581 1851 3674 Angeli
1878 3602 1961 3673 pro-

601 3695 741 3785 spicere.
795 3694 917 3764 Verum
946 3698 1200 3794 perlacrymas
1232 3723 1305 3770 cnm
1338 3723 1466 3773 srnmno
1494 3706 1615 3792 gemitu
1651 3703 1860 3791 conjunctus,
1897 3693 1960 3764 de-

601 3828 774 3900 precamur
809 3818 855 3877 te:
890 3811 1067 3882 secundnm
1102 3813 1340 3909 beneplacitum
1370 3830 1469 3901 tuum,
1495 3818 1629 3911 posside
1654 3839 1733 3888 nos:
1770 3838 1833 3909 per
1863 3833 1961 3883 corn-

602 3924 848 3993 miserationem
877 3935 963 3996 tuam
990 3951 1092 4021 parce
1107 3931 1214 4018 nohis,
1242 3945 1274 4017 et
1287 3933 1328 4004 ab
1347 3933 1497 4005 omnibus
1513 3934 1714 4006 ollendicnlis
1733 3943 1765 4004 et
1777 3928 1960 4003 incursibus

602 4035 773 4107 diabolicis
808 4037 900 4109 salva
936 4065 1006 4113 nos.
1075 4047 1208 4117 Dimitte
1239 4061 1377 4141 peccata
1410 4063 1536 4139 nostra,
1577 4063 1609 4122 et
1649 4050 1722 4121 dele
1757 4048 1961 4145 insipientias

601 4163 754 4241 nostras,
791 4153 1005 4251 delectusque
1040 4171 1173 4233 nostros
1216 4163 1331 4236 abole:
1374 4173 1505 4239 nomina
1539 4180 1651 4242 nostra
1686 4173 1718 4240 in
1753 4169 1840 4243 libro
1873 4172 1963 4240 ritae

604 4268 724 4355 scribe,
754 4280 786 4338 et
812 4274 842 4340 in
861 4272 1013 4345 Ecclesia
1028 4280 1322 4370 primogenitorum
1340 4306 1475 4355 numera
1501 4308 1574 4356 nos.
1630 4286 1807 4358 Ordinibus
1834 4291 1962 4381 plorum

603 4394 637 4453 et
659 4386 822 4474 justorum
849 4409 989 4459 accense
1016 4414 1095 4480 nos3
1130 4395 1314 4490 dignosque
1347 4422 1409 4471 nos
1443 4403 1534 4473 effice
1561 4413 1654 4498 parte
1682 4425 1796 4474 eornm
1824 4408 1880 4497 qni
1908 4404 1964 4474 di-

602 4502 691 4570 vinis
718 4503 781 4571 tuis
808 4507 975 4595 mysteriis
1003 4519 1077 4578 sunt
1103 4512 1236 4600 initiati,
1269 4526 1302 4584 et
1332 4514 1418 4587 leste
1452 4530 1549 4612 atque
1584 4521 1705 4612 gaudio
1742 4543 1876 4604 eemm,
1912 4522 1965 4613 qui

604 4613 865 4707 adimpleverunt
899 4620 1100 4695 voluntatem
1136 4637 1222 4698 tuam
1261 4628 1315 4700 lac
1350 4656 1412 4703 nos
1444 4635 1583 4728 pertrui:
1623 4648 1721 4731 atque
1757 4640 1789 4708 in
1824 4641 1966 4731 regione

603 4729 748 4802 laetitiae
775 4741 809 4803 et
833 4733 1136 4835 voluptatisssquam
1170 4752 1377 4839 praeparasti
1411 4754 1532 4821 sanctis
1559 4756 1622 4823 tuis
1655 4752 1796 4824 laetifica
1829 4777 1906 4826 nos·
1933 4765 1967 4825 ut

604 4868 678 5031 caup
705 4845 781 5033 igis,
808 4852 892 4920 inter
919 4874 991 4943 eos,
1020 4867 1051 4927 et
1078 4861 1110 4928 in
1147 4862 1331 4952 agminibus
1360 4888 1486 4956 eornm,
1513 4868 1694 4941 referamus
1729 4870 1785 4942 tibi
1823 4871 1968 4963 gloriam

604 4971 639 5032 et
677 4985 718 5032 au
743 4986 803 5035 ern.

709 5079 868 5173 Populus.
919 5087 1038 5158 Amen.

709 5195 882 5268 Sacerdos
914 5203 1105 5275 inclinatas.
1180 5208 1262 5280 Cum
1305 5236 1435 5304 aurore,
1482 5228 1646 5290 memento
1686 5223 1782 5292 etiarn
1826 5225 1973 5296 Domine

605 5307 841 5403 Apostolorum
869 5328 1060 5390 sauctorum
1091 5323 1236 5419 Patrum,
1269 5327 1461 5421 Doctorum,
1492 5311 1679 5429 Pastorum,
1712 5352 1975 5438 sanctorumque
