5150 6534
898 841 928 917 S.
965 839 1220 918 CLElllillllS
1253 839 1443 916 nonunt.
1788 838 1861 912 tot

496 1025 633 1101 Haribus
661 1031 729 1101 suis
757 1027 898 1115 tradidit,
924 1032 960 1099 in
987 1051 1051 1122 qua
1079 1029 1276 1118 consignata
1304 1036 1380 1098 sunt
1405 1039 1582 1121 praecepta
1604 1037 1638 1097 et
1663 1047 1778 1098 norma
1805 1026 1863 1096 di-

495 1143 658 1236 rigendae
684 1145 776 1213 vitae
790 1151 961 1238 ‘nostraeg
975 1153 1009 1214 et
1025 1166 1101 1215 cnm
1126 1141 1254 1240 fiducia,
1283 1142 1388 1237 qualis
1404 1142 1542 1213 dilectos
1559 1139 1645 1213 filios
1673 1142 1778 1228 decet,
1806 1145 1862 1211 in-

495 1280 659 1332 vocemus
686 1269 719 1329 te
734 1258 842 1329 Deum
857 1259 991 1331 Patrem
1017 1258 1211 1346 coelestem,
1239 1280 1373 1332 oremus
1388 1267 1421 1329 et
1443 1258 1603 1329 dicamus:
1630 1259 1730 1330 Pater
1748 1265 1863 1330 noster

498 1377 554 1469 qui
580 1396 617 1446 es
643 1377 677 1460 in
704 1373 818 1445 coelis.
1295 1395 1298 1401 ’

601 1490 763 1583 Populus.
815 1489 1044 1562 Sanctificetur
1070 1501 1132 1560 cto.

602 1604 777 1675 Sacerdos
804 1605 940 1675 alconus
966 1628 1090 1676 uocem.
1143 1605 1243 1676 Pater
1270 1609 1410 1697 gratiae,
1439 1629 1459 1676 a
1487 1627 1551 1700 quo
1566 1604 1719 1700 procedit
1740 1613 1774 1674 et
1789 1605 1864 1675 ori-

498 1731 552 1792 tnr
584 1726 742 1793 sanctitas
779 1725 921 1809 sanctis,
961 1721 1117 1793 adveniat
1151 1742 1292 1812 regnum
1327 1732 1432 1810 tuum,
1468 1721 1556 1816 quod
1588 1731 1724 1815 superat
1756 1722 1865 1791 omnia

497 1858 622 1928 regna,
659 1839 700 1909 ad
735 1837 953 1910 salvationem
987 1849 1149 1910 nostram:
1185 1846 1218 1908 et
1250 1858 1293 1908 ne
1326 1837 1462 1910 inducas
1488 1859 1551 1909 nos
1578 1840 1612 1908 iu
1638 1839 1864 1922 tentationem,
1943 1825 1945 1827 ¹

499 1964 556 2026 aut
581 1956 614 2023 iu
642 1953 893 2040 confusionem,
921 1977 967 2025 ox
993 1955 1182 2026 alllictione:
1209 1953 1269 2024 sed
1302 1952 1408 2026 libera
1441 1975 1504 2024 nos
1537 1977 1557 2024 a
1592 1951 1752 2023 violentia
1787 1951 1865 2023 dia-

497 2065 585 2156 toli,
613 2081 646 2141 et
673 2073 842 2165 spirituum
870 2069 1107 2161 maliguomm,
1135 2081 1169 2141 et
1195 2092 1215 2139 a
1242 2073 1388 2164 potentia
1421 2057 1627 2163 deceptoris:
1667 2070 1740 2161 quia
1777 2079 1865 2138 tuum

499 2191 552 2255 est
577 2187 747 2279 imperium
774 2186 884 2276 gloria
912 2195 945 2256 et
970 2195 1137 2281 potestas,
1165 2195 1199 2256 et
1224 2187 1383 2277 unigeniti
1411 2183 1485 2256 Filii
1512 2187 1567 2271 tui,
1596 2192 1631 2254 ct
1650 2184 1791 2277 Spiritus
1819 2186 1864 2253 tui

499 2303 616 2370 sancti.

602 2416 763 2507 Populus.
815 2418 935 2488 Amen.

603 2530 786 2602 Sacerdos.
840 2533 924 2603 Pax.

602 2647 763 2739 Populus.
814 2646 858 2718 tn
884 2671 957 2719 cum
985 2652 1100 2743 spiritu
1126 2660 1192 2721 tuo.

603 2764 790 2834 Diaconos.
844 2765 951 2851 Anne,
979 2776 1042 2835 etc.

602 2878 763 2970 Populus.
817 2878 940 2952 Coram
968 2889 1000 2950 te
1027 2882 1179 2952 Domine.

601 2992 785 3064 Sacerdos.
838 2994 914 3066 Tibi
946 2996 1009 3066 soli
1036 2995 1231 3067 inclinantur
1258 2997 1343 3069 colla
1376 3000 1520 3068 omnium
1546 2998 1729 3093 inquibus
1757 3005 1865 3075 anima
1943 2990 1948 3006 ’

498 3112 589 3182 vitae
617 3120 686 3196 est,
722 3120 755 3180 et
782 3133 800 3180 a
828 3121 861 3180 te
894 3110 1062 3205 postulant
1092 3115 1320 3184 remissionem
1355 3103 1498 3184 omnium
1531 3118 1865 3208 praevaricationum,

500 3246 586 3320 quae
611 3248 672 3320 per
699 3226 935 3317 negligentiam
964 3231 1162 3299 commissae
1196 3240 1279 3301 sunt
1333 3229 1385 3299 Tu
1424 3237 1533 3300 autem
1567 3253 1628 3325 per
1660 3240 1866 3302 constantem

463 3351 466 3359 ’
498 3343 760 3413 misericordiam
787 3353 873 3414 tuam
902 3340 1036 3413 deleat
1063 3342 1157 3414 auler
1184 3368 1300 3416 omnes
1326 3347 1513 3439 iniquitates
1539 3355 1682 3424 nostras,
1710 3357 1743 3417 et
1763 3369 1865 3442 parce

498 3454 596 3528 nobis
623 3480 684 3553 per
711 3480 857 3530 amorem
885 3469 974 3529 tuum
1001 3481 1085 3550 erga
1109 3458 1268 3532 homines.
1321 3461 1431 3532 Etiam
1456 3471 1593 3555 praesta
1608 3461 1716 3547 nobis,
1744 3473 1777 3534 ut
1791 3485 1865 3533 oum

499 3576 629 3644 animae
656 3585 752 3645 cauta
779 3578 1050 3669 praeparatione,
1077 3587 1111 3646 et
1137 3576 1244 3648 cordis
1271 3576 1445 3664 munditie,
1472 3580 1596 3648 sanctis
1622 3578 1684 3647 tuis
1711 3599 1865 3650 commu-

477 3693 666 3777 nicemus,
693 3701 727 3762 et
753 3695 818 3762 sint
843 3689 939 3763 nobis
967 3694 999 3761 in
1025 3695 1146 3785 pignus
1172 3693 1352 3787 voluptatis
1378 3695 1412 3762 in
1428 3701 1596 3763 aeternum
1616 3715 1864 3787 permansurae,

498 3810 727 3899 pergratiam
756 3818 789 3878 et
815 3807 1075 3877 misericordiam
1103 3817 1136 3878 et
1162 3831 1309 3880 amorem
1336 3830 1419 3898 erga
1446 3807 1594 3880 homines
1620 3812 1779 3901 umgeniti
1793 3810 1867 3882 Filii

499 3924 565 4021 tui,
592 3944 794 4016 perquem,
823 3932 885 3993 etc.

601 4038 761 4130 Populus.
813 4039 931 4111 Amen.

606 4152 789 4225 Sacerdos.
842 4155 926 4226 Pax.

602 4268 763 4361 Populos.
811 4268 953 4341 Etcum
982 4275 1096 4367 spiritu
1124 4282 1190 4345 tuo.

604 4385 787 4455 Sacerdos.
841 4387 900 4457 Sit.

604 4501 791 4571 Diaconos.
847 4501 930 4574 Cum
957 4506 1092 4588 timore,
1121 4515 1181 4574 etc.

604 4614 787 4687 Sacerdos.
841 4617 964 4689 Sancta
993 4623 1125 4690 sanctis.

605 4731 766 4823 Populos.
820 4731 912 4806 Unus
939 4735 1039 4806 Pater
1065 4745 1208 4806 sanctus.

605 4845 793 4918 Diaconos.
848 4850 981 4921 Stemus
1008 4850 1174 4921 decenter.

607 4963 767 5056 Populus.
823 4965 954 5038 Gratias
981 4970 1118 5057 agimus.

576 5078 789 5174 Sacerdos.
843 5081 940 5152 Nunc
966 5081 1108 5153 Domine
1136 5083 1267 5176 quarmo
1295 5082 1426 5177 quidem
1459 5085 1614 5154 invitatos
1655 5081 1697 5154 ad
1728 5105 1867 5173 regnum

502 5205 590 5267 mum
618 5194 726 5268 fecisti
758 5219 839 5285 nos,
873 5220 933 5291 per
968 5201 1212 5293 susceptionem
1239 5199 1530 5270 Sacramentorum
1563 5209 1692 5270 tuomm
1727 5207 1867 5272 sancto·
1996 5241 2001 5247 -

500 5332 573 5382 rum
601 5321 635 5382 ct
660 5314 917 5405 vivificantium,
944 5314 1062 5409 quibus
1094 5313 1213 5405 dignos
1247 5317 1439 5411 praestitisti
1465 5334 1545 5401 nos,
1584 5316 1630 5384 ita
1669 5325 1704 5386 ut
1737 5324 1865 5409 partem

1578 5431 1663 5507 28*
1776 5471 1781 5481 .
