5150 6534
589 836 664 910 004
1156 835 1387 911 NOTAE

587 1038 711 1082 sacrare
735 1018 962 1096 Eucharistiam,
987 1018 1130 1098 frequens
1153 1019 1203 1080 illa
1226 1028 1273 1082 est
1303 1010 1332 1080 id
1356 1020 1476 1099 scriptis
1499 1028 1671 1081 sanctorum
1694 1020 1812 1081 Patrum
1837 1028 1867 1081 et
1891 1019 1961 1082 llu-

588 1129 686 1181 torum
709 1118 798 1180 medii
821 1118 905 1194 aevi,
936 1119 987 1197 qui
1010 1117 1156 1180 adversus
1179 1119 1395 1201 berengarium
1425 1127 1456 1180 et
1484 1138 1632 1198 sequaces
1663 1119 1728 1198 ejus
1759 1120 1961 1199 scripserunt.

588 1218 673 1280 Unde
697 1219 726 1279 in
749 1217 862 1279 Missali
885 1217 1085 1279 Ambrosiano
1116 1219 1225 1301 legitur
1256 1218 1293 1280 de
1317 1218 1485 1293 oblatione;
1516 1218 1557 1279 Et
1582 1239 1672 1279 ruriam
1699 1237 1809 1297 corpus
1838 1218 1962 1291 Christi,

587 1320 687 1378 saneti
708 1317 841 1395 Spiritus
862 1316 1014 1394 infusione
1035 1315 1173 1397 efficitur.
1218 1317 1256 1378 Et
1279 1318 1357 1378 inter
1379 1317 1567 1378 recentiores
1592 1316 1770 1378 Ascelinus:
1799 1338 1910 1397 portem
1933 1325 1963 1378 et

587 1418 689 1477 niniam
710 1418 741 1476 in
764 1415 858 1474 altori
878 1414 1009 1493 Spiritus
1032 1418 1132 1476 sorceti
1152 1419 1262 1477 virtute
1280 1436 1339 1495 per
1366 1417 1536 1477 sacerdotis
1558 1417 1774 1488 arinisterium,
1802 1433 1963 1492 eorumque

588 1516 763 1593 sanquinem
787 1512 899 1574 Christi
921 1513 1009 1595 effici,
1034 1514 1145 1591 docuit,
1169 1523 1199 1575 ιιι
1224 1515 1272 1576 alii
1296 1533 1393 1594 prope
1417 1533 1521 1577 omncs
1545 1514 1692 1596 Tlreologi
1715 1522 1745 1575 et
1767 1512 1878 1573 Missae
1903 1531 1963 1573 cx·

589 1614 749 1692 positores.
796 1612 945 1675 Sacerdos
968 1614 1201 1674 ministerialiter
1231 1620 1404 1674 cousecrat:
1436 1614 1564 1693 Spiritus
1587 1621 1718 1689 sanetuS,
1743 1610 1960 1692 principaliter.

589 1712 693 1791 ltatprc
728 1711 800 1772 nihil
835 1713 930 1772 oratio
961 1711 1008 1773 illa
1040 1713 1128 1773 babet
1166 1713 1245 1792 quod
1281 1714 1330 1774 vel
1366 1713 1483 1774 minima
1513 1714 1609 1792 possit
1641 1712 1753 1773 erroris
1784 1713 1962 1790 suspicione

592 1811 714 1893 aspergi
723 1832 731 1885 ;
754 1812 813 1872 imo
837 1811 969 1872 deterius
994 1813 1113 1873 omnino
1137 1832 1170 1874 se
1194 1812 1283 1872 babet
1307 1820 1339 1872 ut
1353 1812 1508 1873 emendata
1533 1820 1590 1887 est,
1614 1830 1691 1889 curn,
1715 1818 1747 1872 ut
1770 1810 1863 1872 verba
1889 1828 1962 1889 prae

590 1928 624 1972 sc
650 1910 759 1987 lerunt,
783 1910 840 1972 soli
863 1910 1019 1973 Sacerdoti
1042 1913 1300 1974 consecrationem
1324 1911 1488 1973 attribuere
1511 1910 1658 1972 videatur.

861 2170 919 2239 17.
958 2172 1106 2242 Accedit
1133 2172 1179 2241 od
1207 2173 1349 2243 Hostiae
1373 2175 1595 2264 structionem,
1625 2178 1689 2241 etc.

686 2364 827 2441 Faacmo
857 2374 980 2436 Hostiae
1010 2375 1173 2436 secundum
1197 2375 1442 2437 consuetudinem
1472 2376 1675 2437 Ecclesiarum
1706 2374 1835 2435 diuersis
1865 2374 1961 2435 modis

588 2481 667 2542 stacta
691 2487 738 2541 est
762 2477 840 2558 apud
864 2478 1051 2539 Orientales:
1075 2487 1106 2540 ut
1130 2480 1217 2539 etiam
1241 2480 1319 2558 apud
1338 2479 1564 2541 Occidentalcs:
1588 2479 1644 2540 sed
1668 2479 1816 2556 utrimque
1838 2496 1900 2538 non
1922 2496 1961 2538 co

589 2580 685 2640 sulum
708 2579 766 2640 line
790 2586 821 2639 ut
844 2579 930 2657 panis
960 2578 990 2638 in
1013 2596 1123 2657 cerpus
1155 2577 1264 2640 Christi
1296 2588 1491 2641 consecratus
1525 2579 1733 2658 frangeretur,
1764 2594 1823 2655 quo
1853 2581 1962 2655 posset

589 2677 874 2740 conmunicantilms
898 2676 1044 2753 distribui,
1069 2685 1100 2738 ut
1123 2677 1219 2738 adbuc
1242 2678 1272 2738 ht
1296 2678 1374 2758 apud
1389 2679 1610 2750 l'rotestautes3
1634 2676 1688 2738 sed
1712 2684 1743 2737 ut
1765 2676 1832 2755 ipsa
1854 2674 1961 2735 huetio

589 2777 812 2851 lacerationem,
837 2783 867 2837 et
888 2776 1102 2856 vulneraqunc
1116 2775 1253 2842 Christus
1267 2779 1407 2838 sustinuit
1431 2778 1614 2856 incorpore,
1638 2775 1786 2854 passionis
1811 2781 1960 2852 tempore,

587 2883 842 2956 repraesentaret,
866 2884 896 2935 et
920 2892 998 2954 quae
1021 2876 1206 2956 significatur
1240 2877 1285 2939 bis
1309 2877 1411 2938 verbis
1435 2895 1513 2956 quiae
1537 2875 1686 2937 Sacerdos
1717 2873 1891 2954 pronuntiat
1920 2889 1960 2931 ex

587 2992 718 3056 persona
743 2974 866 3036 Christi:
895 2974 960 3035 lloc
990 2983 1037 3035 est
1058 2994 1169 3054 comitis
1190 2995 1303 3049 meum,
1331 2977 1411 3055 qtuod
1431 2995 1489 3054 pro
1511 2975 1598 3036 nobis
1618 2974 1784 3053 proripitur,
1812 2972 1854 3032 ita
1883 2968 1962 3029 euim

588 3076 731 3155 leguntur
754 3076 783 3136 in
805 3074 947 3154 Liturgiis
972 3072 1123 3136 Theodori
1155 3082 1185 3135 et
1206 3074 1339 3136 Nestorii
1348 3095 1356 3148 ;
1387 3082 1416 3136 et
1446 3076 1476 3135 in
1503 3073 1559 3134 bae
1589 3074 1684 3154 prium
1707 3073 1817 3133 lec-tum
1840 3086 1962 3148 quoque

589 3173 685 3236 luisse
710 3173 837 3235 dubitari
860 3191 921 3233 uon
942 3180 1053 3252 potest.
1099 3174 1181 3235 llaec
1204 3183 1304 3236 autem
1335 3175 1424 3236 lectio
1447 3192 1508 3235 nen
1530 3173 1779 3234 Nestorianerum
1809 3171 1964 3230 inventum

589 3281 646 3348 est,
670 3291 736 3334 cum
760 3281 844 3335 extet
874 3273 902 3333 iu
932 3272 1038 3335 lucebi
1062 3274 1178 3335 Graeca
1206 3283 1236 3336 et
1260 3276 1357 3353 Syra,
1389 3283 1421 3335 ut
1451 3275 1478 3334 in
1508 3273 1606 3333 nudtis
1631 3271 1713 3347 aliis,
1743 3286 1891 3350 expressa
1922 3283 1962 3325 ex

588 3373 724 3453 Epistola
748 3372 784 3434 ad
806 3372 992 3445 Corintlrios3
1024 3390 1163 3453 quaeque
1186 3373 1304 3435 duobus
1328 3374 1453 3434 uocibus
1477 3371 1607 3451 explicat
1638 3357 1801 3446 κλώμενοι·
1824 3376 1853 3429 et
1878 3366 1963 3448 Opu-

589 3462 763 3548 rrcdpcmm3
795 3470 860 3531 illas
889 3472 975 3531 unica
1007 3472 1076 3551 Syri
1105 3473 1291 3552 exprimunt,
1319 3491 1396 3552 (luae
1420 3472 1456 3532 ad
1480 3472 1604 3551 priunum
1629 3469 1774 3530 Graecam
1803 3452 1965 3538 titularem

590 3573 686 3651 maeis
709 3571 851 3631 rel'ertur.
904 3569 1011 3631 Gracci
1041 3570 1078 3631 ab
1109 3571 1191 3632 initio
1221 3572 1377 3651 Liturpiue
1408 3573 1565 3650 passiones
1594 3569 1705 3631 Christi
1733 3567 1964 3646 repraesentant

595 3688 665 3730 cum
689 3669 825 3730 Oblatum
850 3669 983 3749 gladiolo
1007 3668 1151 3741 dividunt,
1175 3688 1264 3749 quem
1290 3662 1397 3750 ‘Apim
1419 3659 1534 3752 λόγχην
1558 3668 1725 3747 appellant,
1761 3667 1811 3745 qui
1841 3665 1916 3723 ritus
1947 3678 1964 3720 u

591 3770 743 3847 primaeva
767 3769 941 3846 uruitpritate
965 3787 1101 3829 manasse
1124 3787 1183 3830 neu
1207 3769 1337 3843 videtur,
1363 3788 1429 3831 curn
1452 3770 1610 3849 ignoretur
1632 3768 1668 3828 ab
1692 3765 1828 3827 oumibus
1851 3761 1964 3822 Eccle-

591 3867 643 3926 siis
667 3866 880 3940 Orientalibus,
903 3885 980 3946 quae
1003 3875 1101 3928 tamen
1125 3867 1309 3948 disciplinam
1341 3888 1423 3930 suam
1447 3868 1484 3928 ud
1508 3868 1643 3928 Graecae
1674 3866 1799 3926 formum
1830 3874 1964 3938 expres-

592 3974 708 4028 serunt.
756 3966 825 4046 Syri
848 3974 905 4026 tam
929 3965 1095 4027 Ortbedoxi
1123 3985 1211 4047 (puram
1240 3969 1396 4045 haeretici,
1424 3985 1513 4028 uranu
1534 3967 1694 4046 frangunt,
1727 3967 1756 4025 in
1778 3964 1863 4037 duas,
1889 3965 1963 4033 tres,

590 4064 639 4125 uel
677 4065 781 4144 plures
817 4074 938 4145 partes,
980 4065 1144 4127 secundum
1178 4068 1380 4129 Ecclesiarum
1419 4066 1568 4127 diversum
1602 4062 1865 4126 consuetudinem:
1907 4054 1964 4115 scd

592 4165 712 4225 omnino
733 4163 946 4225 lacerationem
964 4167 1102 4245 eorporis
1122 4166 1231 4228 Christi
1256 4168 1285 4227 in
1310 4169 1450 4247 passione
1474 4164 1662 4239 adumbrare,
1685 4170 1716 4225 ct
1738 4164 1766 4223 in
1790 4157 1964 4221 ruenmriam

593 4263 769 4324 Christianis
793 4281 939 4324 reuocare
962 4282 1018 4342 per
1041 4264 1118 4325 illam
1142 4265 1317 4328 tractionem
1346 4266 1458 4327 volunt.
1511 4264 1614 4325 Altera
1644 4263 1722 4324 illins
1751 4256 1963 4322 caeremoniae

592 4381 675 4442 pars,
700 4380 776 4440 quare
800 4369 896 4423 tantan
920 4361 1076 4426 tractionis
1098 4368 1217 4428 nomine
1242 4364 1524 4446 comprehenditur,
1548 4362 1683 4423 intinctio
1707 4368 1754 4422 est
1776 4360 1865 4419 unius
1888 4372 1964 4435 par-

592 4462 702 4522 ticulae
725 4462 755 4521 in
779 4461 889 4524 calice:
921 4469 980 4522 tum
1003 4482 1042 4524 ex
1065 4483 1101 4525 ea
1124 4467 1245 4526 intincta
1268 4472 1299 4525 et
1322 4464 1447 4539 madida,
1473 4462 1660 4541 consignatio
1683 4459 1865 4538 reliquarum
1888 4472 1964 4534 par-

591 4559 749 4621 ticularum
785 4562 814 4621 in
851 4561 934 4622 disco
970 4564 1143 4641 positarum.
1202 4566 1256 4627 llic
1290 4564 1375 4625 Ritus
1403 4564 1453 4643 qui
1490 4569 1551 4622 toto
1580 4561 1704 4622 Oriente
1739 4577 1756 4619 a
1785 4553 1964 4619 Christianis

593 4661 783 4731 observatur,
806 4667 942 4738 vocatur,
967 4663 1047 4734 rodo,
1070 4666 1268 4741 corusiqnctia
1292 4664 1458 4723 corronistm
1476 4679 1630 4722 sacrorum
1655 4659 1864 4738 mysteriorum
1888 4670 1964 4714 cor-

593 4762 675 4840 poris
700 4768 729 4821 et
758 4760 929 4841 sanguinis:
961 4779 1060 4840 neque
1091 4760 1188 4823 locum
1220 4762 1333 4824 habere
1362 4769 1478 4841 potest,
1509 4762 1566 4821 nisi
1596 4778 1668 4820 vera
1699 4765 1728 4819 et
1757 4751 1962 4818 substantialis

593 4859 810 4919 ‹elenrentorurn
839 4862 1044 4920 transmutatio
1076 4861 1226 4924 credatur.
1281 4861 1354 4921 Tum
1385 4862 1474 4921 etiam
1503 4858 1573 4920 illud
1604 4858 1756 4937 sequitur,
1790 4852 1894 4915 testari
1925 4866 1963 4911 eo

593 4958 662 5017 llitu
686 4956 870 5019 Christianos
894 4958 1073 5036 Oricntulcs,
1098 4960 1125 5020 id
1158 4961 1238 5040 qtrtrd
1260 4960 1416 5021 lacebitae
1447 4961 1476 5020 in
1505 4977 1558 5019 sua
1588 4958 1714 5036 qttadam
1743 4953 1878 5015 oratione
1903 4969 1965 5010 ex-

592 5057 740 5134 primunt:
765 5076 875 5135 corpas
897 5058 954 5118 hoc
977 5059 1145 5119 esseillius
1167 5061 1333 5138 sonperinis,
1356 5066 1385 5118 et
1395 5060 1567 5137 sttrrpoinem
1591 5058 1671 5117 iltius
1693 5054 1850 5132 conteris:
1873 5066 1966 5109 unum

593 5154 708 5216 seilicet
733 5156 962 5236 indivisumque,
985 5159 1014 5218 in
1038 5157 1166 5218 divorsis
1189 5157 1351 5237 speciebus
1364 5165 1594 5233 sarcramentum,
1617 5161 1716 5215 mutua
1739 5151 1827 5212 unius
1849 5149 1966 5229 speciei

594 5271 660 5314 eum
696 5256 806 5333 altera,
836 5259 1042 5319 eornruistionc
1071 5258 1284 5320 confirmatum.
1338 5257 1369 5318 ld
1400 5258 1568 5336 significant
1601 5255 1715 5316 scilieet
1748 5252 1823 5311 haee
1852 5249 1966 5311 uerba:

593 5352 737 5433 St'prtotm·
758 5358 882 5434 sarmatis
900 5360 1052 5435 pretiosus
1074 5376 1200 5438 corpore
1218 5365 1324 5419 sarecto
1338 5356 1460 5418 [lentini
1470 5357 1544 5417 Jesu
1558 5354 1686 5417 Christi:
1710 5360 1739 5414 et
1761 5353 1833 5413 isla:
1848 5349 1967 5427 Sipun-
