5150 6534
598 824 671 902 128
962 825 1324 903 LITURGIA
1376 824 1599 905 nlnott

697 1012 882 1085 Sacerdos.
934 1010 1079 1085 Mortem
1119 1022 1208 1084 tuam
1239 1034 1540 1086 commemoramus
1578 1012 1739 1103 Domine,
1774 1023 1810 1086 et
1845 1034 1971 1086 recur-

593 1131 776 1202 rectionem
802 1140 891 1201 huam
918 1139 995 1224 post
1021 1126 1093 1200 dies
1119 1138 1201 1218 tres,
1228 1132 1463 1203 ascensionem
1489 1150 1622 1224 quoquc
1655 1138 1744 1200 tram
1775 1130 1810 1200 in
1835 1127 1971 1202 coelum

594 1248 848 1339 sessionemque
876 1243 917 1315 ad
945 1243 1119 1315 dexteram
1145 1244 1211 1315 Dei
1236 1244 1364 1317 Patris:
1391 1266 1455 1317 nec
1480 1265 1549 1316 nou
1574 1242 1754 1316 adventurn
1786 1254 1876 1315 tuum
1903 1265 1970 1317 sc-

594 1360 746 1448 cundum,
773 1365 808 1431 in
834 1382 900 1454 quo
922 1358 1130 1451 judicaturus
1157 1381 1195 1432 es
1222 1357 1338 1433 orhem
1365 1364 1400 1432 in
1421 1362 1560 1451 justitia,
1586 1367 1621 1431 et
1643 1357 1765 1432 reddes
1791 1360 1971 1453 uuicuique

594 1476 778 1549 secundum
809 1497 913 1570 opera
946 1496 1016 1547 sua.
1068 1473 1199 1547 Idcirco
1233 1475 1431 1549 sucrificium
1462 1474 1528 1548 hoc
1558 1476 1766 1547 incruenmm
1800 1472 1970 1548 oderimus

594 1592 665 1681 tihi,
693 1602 824 1663 utnon
850 1591 1031 1664 secundum
1057 1591 1319 1665 dehctanostru
1351 1590 1459 1664 incias
1492 1587 1611 1679 nohis,
1643 1612 1754 1686 nequo
1786 1587 1971 1664 secumdum

518 1797 521 1806 ,
594 1719 735 1805 peccata
760 1716 876 1781 nostru
902 1705 1069 1782 retribuas
1095 1708 1210 1781 nohis:
1237 1707 1299 1782 sed
1317 1706 1498 1781 secuudum
1515 1708 1748 1779 miserationes
1774 1716 1850 1779 tuos
1875 1703 1970 1777 rnul-

595 1833 657 1909 tas,
685 1822 760 1895 dele
786 1833 927 1920 peccata
958 1834 1096 1913 nostra,
1132 1846 1310 1897 servorum
1343 1834 1482 1895 tuorum.
1534 1820 1695 1917 Populus
1717 1823 1807 1894 enirn
1831 1831 1908 1895 tuus
1934 1829 1972 1893 et

595 1938 784 2011 haereditus
813 1950 869 2011 tua
895 1937 1095 2033 deprecatur
1121 1949 1156 2011 te
1183 1950 1218 2012 et
1242 1962 1305 2035 per
1331 1950 1364 2011 te
1389 1939 1524 2011 Patrem
1550 1948 1641 2009 tuum
1666 1936 1798 2010 dicens:

699 2055 864 2148 Populus.
915 2054 1092 2127 Miserere.
1299 2054 1485 2127 Sacerdos.
1537 2053 1611 2127 Nos
1637 2074 1780 2149 quoque.

698 2169 883 2242 Sacerdos.
934 2170 1107 2243 Invocatio
1133 2169 1276 2267 Spiritus
1303 2174 1419 2243 sancti.

698 2286 886 2357 Diaconos.
941 2284 1048 2371 Quom
1075 2285 1219 2358 timenda
1245 2297 1299 2360 est
1323 2285 1409 2359 haec
1433 2286 1527 2375 hora,
1554 2294 1617 2357 etc.

484 2458 487 2466 .
593 2468 595 2472 ,
699 2401 884 2473 Sacerdos.
937 2400 1071 2485 Exaudi
1096 2424 1160 2474 me.
1213 2402 1379 2476 Miserere
1405 2405 1525 2493 nostri,
1549 2400 1643 2473 Deus
1669 2400 1790 2489 Pater,
1815 2408 1851 2471 et
1875 2401 1974 2470 mitte

596 2539 798 2613 supernos,
827 2526 862 2589 et
887 2539 989 2611 super
1016 2515 1203 2592 oblationes
1229 2521 1324 2607 istas,
1351 2517 1509 2614 Spiritum
1535 2526 1627 2588 tuum
1652 2503 1814 2606 sanctum,
1840 2518 1898 2611 qui
1916 2526 1975 2588 cst

593 2633 773 2723 Dominus,
800 2632 950 2727 aequalis
969 2632 1028 2705 tihi
1055 2644 1089 2706 et
1112 2633 1211 2723 Fiho,
1237 2632 1370 2723 throno,
1397 2654 1517 2725 regno,
1544 2642 1579 2703 et
1603 2629 1787 2705 suhstuntia
1813 2642 1973 2703 aciemn

597 2754 652 2843 qui
687 2749 817 2822 locutus
850 2759 902 2820 est
936 2751 969 2819 in
1004 2749 1220 2822 Testamcuto
1253 2752 1364 2821 veteri
1397 2759 1431 2821 et
1464 2770 1556 2820 novo
1591 2755 1663 2818 tuo:
1705 2749 1761 2840 qni
1795 2744 1975 2819 descendit

596 2867 712 2960 specie
738 2863 913 2936 columhae
940 2887 1041 2959 super
1065 2866 1243 2938 Dominum
1268 2874 1418 2937 nostrum
1444 2864 1558 2936 Jcsum
1577 2858 1742 2934 Christum
1766 2862 1801 2932 in
1816 2860 1973 2936 Jordune

595 2978 740 3069 humine,
769 2992 803 3052 et
830 2990 983 3074 tauquam
1009 2980 1145 3072 linguae
1172 2984 1269 3073 ignis
1286 3002 1389 3074 super
1414 2978 1614 3073 Apostolos,
1640 2981 1675 3050 in
1701 2976 1896 3049 coenaculo.

700 3096 833 3168 Exaudi
859 3118 922 3168 rue.
1516 3120 1519 3126 ·

596 3196 602 3210 ’
700 3212 863 3305 Populos.
916 3209 1023 3307 Kyrie
1049 3210 1188 3283 eleison

647 3383 652 3389 .
699 3327 882 3399 Sacerdos.
924 3325 971 3397 Ut
994 3324 1137 3399 illabens
1164 3326 1283 3398 efficiat
1308 3348 1429 3422 panem
1454 3328 1563 3413 istrum
1588 3323 1618 3412 †
1643 3344 1767 3419 corpus
1786 3321 1972 3411 vivificum,

597 3444 776 3538 †corpus
804 3442 962 3531 salutare,
989 3444 1017 3529 †
1044 3464 1167 3537 corpus
1195 3441 1319 3516 Christi
1344 3443 1410 3514 Dei
1435 3444 1552 3515 nostri.

702 3560 863 3651 Populos.
916 3559 1036 3631 Arnen.

701 3673 885 3743 Sacerdos.
937 3671 981 3744 Et
1007 3672 1146 3743 cahccnn
1172 3675 1268 3746 istum
1294 3674 1462 3769 perficiat,
1496 3673 1526 3762 †
1552 3673 1748 3763 sanguinem
1773 3667 1866 3742 Novi
1892 3667 1972 3740 To-

596 3792 767 3876 stamenti,
801 3787 826 3881 †
860 3792 1054 3881 sanguinem
1088 3788 1278 3877 salutarem,
1314 3792 1343 3877 †
1378 3792 1572 3880 sanguinem
1611 3790 1713 3882 ipsius
1747 3783 1870 3860 Christi
1905 3786 1974 3859 Dei

597 3907 712 3975 nostri.

704 4019 865 4111 Populos.
918 4019 1038 4090 Amen.

700 4133 884 4204 Sacerdos.
938 4134 982 4204 Ut
1008 4133 1213 4207 sanctificent
1239 4135 1366 4204 animas
1401 4142 1435 4203 et
1461 4155 1625 4229 corpora,
1660 4133 1972 4204 communicantium

597 4249 675 4337 iliis,
703 4249 744 4319 ad
771 4247 928 4321 ierendos
954 4248 1080 4322 fructus
1109 4273 1247 4345 operum
1272 4248 1450 4339 honorum,
1477 4259 1511 4320 et
1537 4247 1579 4319 ud
1598 4244 1973 4320 confirmationemEc-

600 4364 724 4436 clesiae
759 4374 913 4449 sanctae,
950 4387 1036 4459 qrrce
1070 4388 1172 4461 super
1204 4376 1333 4460 petram
1367 4363 1444 4435 hdei
1480 4363 1623 4438 stabilita
1660 4386 1716 4452 es,
1743 4371 1823 4434 eta
1859 4361 1972 4457 portis

599 4477 814 4549 infernalibus
841 4482 992 4575 superori
1011 4489 1219 4575 nonpotest.
1271 4480 1316 4552 Et
1341 4479 1447 4552 lihera
1474 4503 1550 4552 eum
1576 4503 1596 4551 a
1623 4476 1789 4552 scandulis
1815 4475 1974 4548 haercti-

594 4616 716 4664 -coruuu
742 4616 847 4688 usque
873 4598 908 4665 in
934 4595 1045 4684 tinem,
1072 4606 1107 4666 ut
1136 4596 1263 4667 referat
1288 4593 1347 4666 tihi
1367 4594 1510 4687 gloriam
1536 4606 1570 4667 et
1601 4593 1751 4683 laudern,
1785 4602 1820 4665 et
1842 4594 1975 4684 unigo-

598 4713 679 4797 uito,
707 4719 769 4781 etc.
822 4710 941 4781 Arnen.

518 4804 522 4822 ¹
704 4825 891 4895 Diocooco.
945 4826 1096 4898 Oremus

703 4939 879 5010 Sacerdos
912 4940 1104 5013 inclinatur.
1158 4938 1334 5014 Offerimus
1367 4940 1424 5013 tihi
1465 4939 1660 5013 sucrificium
1702 4940 1767 5013 hoc
1808 4944 1977 5013 incruen-

600 5065 678 5143 tum,
703 5077 768 5149 pro
795 5056 878 5129 Sion
906 5067 1038 5140 sancta,
1073 5067 1179 5129 matre
1205 5060 1352 5129 omnium
1375 5056 1622 5145 Ecclesiarum,
1656 5067 1690 5128 et
1723 5079 1786 5153 pro
1819 5055 1981 5130 Ecclesia

599 5178 655 5241 tua
692 5179 824 5259 sancta,
859 5180 929 5244 toto
965 5171 1048 5244 orhe
1083 5170 1221 5261 diffusa,
1256 5183 1292 5244 ut
1322 5172 1479 5266 largiaris
1512 5172 1559 5244 ilii
1592 5172 1713 5244 donum
1746 5172 1892 5268 spiritus
1925 5176 1981 5247 tui

601 5285 716 5355 sancti.
