5150 6534
715 860 756 937 ln
781 858 988 936 maturati
1013 858 1159 945 tantun
1183 858 1450 938 Patauitanus
1476 860 1719 941 naulochum.
1832 864 1908 939 539

532 1044 705 1122 scatebant,
728 1052 759 1105 et
780 1041 931 1105 inllabant.
977 1045 1089 1106 Verum
1112 1044 1149 1106 ab
1173 1044 1324 1107 Arabibus
1349 1064 1449 1107 rerum
1473 1045 1617 1124 dominis,
1649 1047 1686 1108 ad
1709 1045 1805 1129 Syros
1828 1047 1907 1113 haee

532 1145 674 1227 contagio
697 1143 845 1224 pervasit:
875 1141 996 1205 Arabes
1020 1144 1098 1206 enim
1120 1152 1191 1206 tunc
1215 1163 1249 1207 se
1272 1145 1463 1207 amatissime
1486 1145 1599 1208 dixisse
1623 1147 1810 1226 existimant,
1840 1167 1908 1210 cum

532 1256 701 1322 synonyma
713 1250 744 1303 et
756 1241 888 1321 epitheta
903 1242 1136 1318 accumulantes,
1152 1244 1279 1305 vocibus
1296 1243 1425 1324 antiquis
1438 1253 1468 1306 et
1480 1245 1609 1308 exoletis
1623 1265 1679 1327 per
1694 1233 1908 1323 anaximene

533 1337 708 1419 distributis,
727 1350 783 1403 res
807 1340 904 1402 claras
928 1350 958 1402 et
981 1342 1132 1422 simplices
1155 1343 1321 1422 involvunt,
1345 1350 1377 1404 ut
1399 1345 1633 1408 obscurissimae
1656 1345 1737 1409 fiant.
1773 1346 1839 1409 Hoc
1857 1348 1908 1409 ri-

532 1438 575 1500 lio
597 1438 755 1501 laborasse
778 1440 928 1520 sequioris
951 1443 1019 1503 aeui
1041 1442 1136 1521 Syros
1165 1442 1244 1519 illos,
1267 1443 1469 1522 posteriorum
1496 1443 1700 1525 Liturgiarum
1727 1446 1905 1527 scriptores,

533 1553 574 1597 ex
596 1536 661 1616 ipsa
683 1539 825 1601 versione
850 1556 1019 1620 agnoscere
1042 1539 1130 1603 lacile
1148 1549 1204 1619 cst,
1229 1559 1306 1622 quae
1330 1541 1549 1623 idcircolonge
1565 1542 1632 1623 plus
1656 1561 1744 1624 quam
1768 1543 1906 1625 reliquae

533 1633 711 1724 difficultatis
735 1637 851 1714 obtulit,
875 1648 906 1699 ut
929 1639 1005 1701 aliae
1029 1639 1135 1702 eodem
1154 1640 1222 1703 stilo
1237 1642 1379 1722 scriptae.
1402 1640 1435 1701 ln
1459 1641 1515 1702 ista
1539 1659 1613 1702 vero
1637 1660 1733 1723 pauca
1757 1642 1905 1723 quaedam

533 1733 769 1799 observabimus.

965 2031 1000 2101 2.
1039 2031 1190 2101 dimone
1216 2055 1300 2103 eero
1327 2033 1464 2126 ,lapeli

646 2215 739 2315 lsrxx
770 2250 807 2313 de
838 2249 1014 2313 hierarchia
1051 2251 1149 2313 divina
1179 2250 1375 2333 Theologiam
1408 2250 1476 2333 Syri
1506 2261 1536 2315 et
1564 2252 1702 2334 plerique
1734 2251 1905 2314 Orientales

532 2367 720 2414 communem
743 2353 863 2431 habent,
887 2362 1041 2434 acceptam
1070 2375 1110 2415 ex
1138 2354 1285 2434 Dionysio
1308 2353 1515 2435 Areopagitae
1545 2354 1663 2416 tributis
1695 2353 1796 2430 libris,
1828 2373 1904 2436 quos

531 2450 614 2513 Pauli
637 2451 784 2533 discipulo
809 2453 958 2515 vindicant
980 2452 1138 2516 Jacobitae
1168 2472 1242 2533 prae
1273 2454 1420 2530 caeteris,
1452 2472 1490 2515 eo
1521 2454 1635 2534 magis,
1667 2454 1747 2534 quod
1778 2453 1815 2515 ab
1844 2453 1903 2516 illis

530 2551 656 2629 primum
680 2551 827 2632 producta
851 2551 970 2613 luerunt
995 2572 1034 2613 ex
1057 2552 1161 2614 iisdem
1189 2552 1273 2614 libris
1298 2553 1467 2615 testimonia
1496 2554 1526 2612 in
1553 2553 1808 2632 disputationibus
1837 2571 1904 2614 cum

531 2647 726 2713 Orthodoxis.
751 2651 809 2713 Sed
833 2651 881 2712 isli
905 2653 993 2713 ctiam
1017 2658 1046 2713 et
1071 2651 1179 2713 Graeci
1202 2669 1317 2728 omnes,
1340 2669 1401 2713 non
1425 2650 1511 2713 aliter
1534 2652 1572 2713 de
1594 2652 1678 2713 libris
1702 2651 1806 2713 iisdem
1829 2670 1905 2714 sen-

515 2747 616 2825 tiunt,
641 2750 692 2829 qui
716 2751 840 2829 Syrisce
863 2758 894 2810 et
916 2750 1047 2811 nralnee
1071 2749 1180 2812 dudum
1204 2752 1345 2813 conversi
1369 2756 1447 2812 sunt.

874 3056 920 3162 3·.
950 3058 1100 3149 Accepit
1122 3080 1247 3149 panem
1270 3062 1471 3150 perfectam,
1499 3063 1564 3128 ete.

508 3327 514 3336 .
623 3260 683 3341 Hrs
706 3273 808 3336 verbis
832 3275 945 3337 autoris
968 3278 1147 3339 recentioris
1173 3276 1332 3338 character
1355 3276 1541 3357 agnoscitur,
1565 3276 1616 3355 qui
1639 3283 1744 3337 contra
1767 3283 1904 3337 vetorum

530 3376 732 3459 Liturgiarum
755 3396 878 3454 morem,
903 3380 1101 3458 importunam
1125 3380 1162 3441 do
1185 3381 1303 3460 Azymo
1333 3379 1468 3460 glossam
1495 3378 1631 3440 inscruit.
1677 3378 1751 3438 Nam
1781 3397 1820 3439 cx
1844 3377 1906 3459 Sy-

529 3492 632 3538 rorum
656 3477 814 3553 sententia,
838 3485 870 3537 ut
893 3479 982 3539 etiam
1005 3479 1201 3553 Graecorum,
1224 3479 1310 3558 panis
1327 3477 1492 3557 perlectus,
1516 3476 1723 3538 fermentatum
1740 3476 1904 3559 significat:
2003 3478 2007 3486 '

529 3583 562 3637 ut
585 3580 667 3654 patet
690 3593 729 3635 ex
753 3574 955 3654 disputatione
978 3576 1103 3639 Joannis
1122 3576 1517 3653 PatriarchaeAntiochcni,
1542 3594 1620 3656 quae
1643 3582 1726 3637 extat
1748 3576 1778 3636 in
1792 3575 1906 3638 Codice

531 3674 717 3738 Colbertino.
747 3673 860 3736 'lanian
884 3676 952 3754 Syri
977 3675 1102 3739 ulterius
1125 3677 1296 3757 progressi,
1319 3693 1427 3755 panem
1450 3673 1618 3754 perlectum
1641 3673 1906 3736 adEucharistiam

530 3771 740 3835 celebrandam
765 3790 833 3834 esse
857 3771 1028 3853 voluerunt,
1052 3794 1119 3836 eum
1143 3777 1193 3855 qui
1216 3792 1276 3836 non
1291 3773 1379 3836 modo
1404 3773 1599 3834 fermentatus
1622 3772 1711 3849 loret,
1735 3772 1791 3834 scd
1815 3774 1904 3834 etiam

530 3873 579 3934 cui
602 3889 707 3952 parum
730 3870 802 3931 salis
827 3880 856 3933 et
879 3872 939 3934 olei
970 3873 1194 3936 admisceretur.
1238 3872 1321 3935 lstud
1343 3871 1477 3933 loannes
1500 3870 1707 3932 Antiochenus
1731 3870 1905 3952 nugacissi-

529 3970 585 4032 mis
608 3969 783 4031 ratiuuculis
808 3971 929 4031 efficere
952 3980 1078 4033 conatus
1109 3979 1166 4047 ost,
1190 3990 1267 4052 quae
1291 3971 1478 4050 Coptitarum
1501 3970 1680 4031 Patriarchis
1703 3968 1774 4032 licet
1797 3968 1904 4031 eadem

529 4069 739 4130 communione
763 4067 930 4148 conjunctis
955 4088 1015 4131 non
1038 4070 1262 4148 satisfecerunt,
1286 4069 1361 4131 adeo
1384 4068 1541 4149 ut‘Syrum
1556 4068 1724 4148 quemdam,
1748 4069 1799 4149 qui
1813 4068 1903 4129 obla-

528 4176 598 4229 tam
613 4167 653 4228 ita
675 4173 810 4246 paratam
835 4167 871 4228 ad
895 4168 990 4230 altare
1019 4167 1177 4248 detulerat,
1202 4168 1421 4231 contumeliose
1445 4167 1587 4248 rejecerit
1611 4166 1820 4230 Christodulus
1843 4167 1904 4227 Pa-

528 4262 660 4325 triareha
694 4264 797 4326 vat.
828 4273 859 4327 ut
889 4266 998 4328 dictum
1032 4273 1080 4329 est
1115 4269 1145 4329 in
1178 4268 1311 4329 Historia
1348 4266 1584 4327 Patriarcharum
1616 4264 1902 4329 Alexandrinorum.
1967 4280 2030 4335 Hae
2054 4276 2128 4333 tao.
2153 4278 2229 4334 Ala.

530 4361 618 4435 Quod
642 4371 740 4424 autem
764 4366 943 4426 narrationis
967 4366 1170 4447 Evangelieae
1193 4366 1286 4428 verba
1317 4383 1377 4427 non
1400 4364 1592 4445 simpliciter,
1621 4372 1653 4426 ut
1676 4366 1707 4426 in
1728 4364 1902 4444 Evangeliis
1930 4384 1957 4435 n·
1974 4366 2037 4417 ⁴2⁵·

530 4467 560 4524 et
581 4461 718 4544 Epistola
742 4461 771 4522 l··
798 4462 880 4524 Pauli
903 4463 940 4524 ad
965 4464 1136 4527 Corinthios
1167 4464 1328 4548 leguntur,
1359 4470 1447 4525 autor
1474 4463 1562 4545 hujus
1592 4462 1748 4546 Liturgiae
1778 4462 1902 4540 reserat,

529 4577 623 4622 causa
646 4561 703 4622 alia
726 4578 786 4622 non
810 4562 929 4623 videtur
953 4563 1063 4639 luisse,
1095 4583 1182 4645 quam
1205 4572 1236 4624 ut
1260 4563 1327 4625 aliis
1350 4562 1512 4625 lusionibus
1540 4581 1577 4625 ca
1608 4562 1804 4642 exprimeret,
1828 4578 1904 4622 sen-

529 4659 622 4721 tentia
652 4661 731 4722 enim
760 4660 866 4722 eadem
897 4663 1016 4722 omnino
1041 4670 1096 4725 est.
1142 4662 1216 4723 Dum
1240 4664 1299 4738 ait,
1329 4682 1369 4723 ec
1398 4680 1456 4743 quo
1487 4663 1682 4740 compositum
1706 4658 1767 4737 lixit
1794 4677 1905 4739 corpas

530 4760 595 4837 ejas
616 4767 763 4833 soractem,
786 4761 818 4819 in
846 4760 977 4839 Virgine,
1001 4760 1139 4843 designat
1166 4779 1354 4824 communem
1377 4759 1590 4838 Orientalibus,
1615 4756 1813 4838 explicandae
1835 4774 1905 4818 mu-

529 4857 650 4920 tationis
674 4875 751 4938 quae
773 4857 805 4918 sn
827 4859 855 4918 in
880 4858 1097 4922 elementorum
1126 4860 1357 4923 consecratione
1385 4859 1572 4936 methodum,
1601 4876 1690 4939 quam
1713 4875 1730 4918 a
1754 4854 1905 4939 Gregorio

529 4954 669 5036 Nysseno
693 4963 848 5035 acceptam
871 4956 1009 5038 plerique
1033 4959 1182 5040 Theologi
1205 4960 1302 5021 secuti
1326 4966 1404 5021 sunt.
1449 4956 1571 5020 Scilicet
1594 4956 1736 5035 Spiritum
1758 4962 1905 5033 sanctum,

529 5059 563 5114 ut
586 5071 626 5115 ex
648 5071 741 5115 carne
765 5054 896 5136 Virginis
926 5055 1057 5134 Mariae,
1092 5077 1170 5138 quae
1199 5060 1285 5139 panis
1310 5057 1450 5120 alimento
1473 5058 1583 5118 nutrita
1613 5054 1731 5129 luerat,
1766 5051 1906 5114 formavit

532 5169 643 5231 corpus
667 5152 697 5212 in
721 5169 780 5231 quo
803 5151 860 5213 Dei
883 5151 975 5214 Filius
999 5156 1169 5217 incarnatus
1188 5164 1249 5234 est,
1272 5158 1313 5218 ita
1334 5155 1365 5218 in
1380 5155 1468 5217 altari
1490 5152 1627 5230 eumdem
1646 5150 1789 5232 Spiritum
1806 5149 1905 5212 omni-

528 5251 662 5330 potentia
691 5251 806 5329 divina,
845 5273 885 5314 ex
913 5271 993 5334 pane
1015 5255 1148 5318 lormme
1170 5259 1282 5338 corpus
1306 5255 1393 5317 idem.
1434 5253 1478 5315 lta
1500 5251 1595 5314 fusius
1618 5249 1751 5313 Severus
1773 5247 1907 5329 Episco-

528 5365 586 5428 pus
609 5347 890 5431 Asehmoninensis,
914 5361 944 5416 et
967 5351 1194 5420 alii'Jacobitae
1217 5353 1380 5436 Theologi.

566 5476 689 5521 ronan
1647 5459 1693 5535 71
