5150 6534
597 814 674 895 280
1099 819 1477 898 hilthuin

595 1005 712 1079 iuuare
737 1015 773 1079 at
796 1010 859 1096 ira,
885 1017 1025 1103 propter
1049 1006 1284 1079 multitudinem
1304 1017 1523 1103 peccatonum
1548 1016 1751 1099 nosborum,
1777 1007 1841 1081 sed
1866 1006 1963 1104 reple

595 1144 661 1196 nos
686 1122 928 1213 misericordia,
955 1130 991 1195 et
1015 1122 1282 1214 mansuetudine,
1309 1134 1344 1195 et
1369 1134 1522 1219 unquam
1548 1124 1650 1197 Pater
1675 1125 1819 1198 illiorum
1845 1145 1964 1196 amam

596 1239 840 1337 possidemus:
873 1243 949 1335 quia
984 1261 1051 1311 nou
1086 1250 1139 1312 est
1170 1237 1283 1312 italiis¹
1301 1242 1384 1312 alius
1410 1240 1503 1312 Deus
1536 1250 1671 1335 praeter
1697 1251 1749 1328 tc,
1776 1262 1840 1337 per
1866 1260 1966 1334 qum

597 1356 737 1429 sulutem
764 1377 974 1451 quaeramus,
1002 1359 1065 1428 nisi
1091 1365 1138 1442 tu,
1166 1354 1209 1428 ad
1232 1377 1329 1449 quem
1348 1357 1451 1428 levati
1468 1356 1646 1429 suntoculi
1662 1359 1779 1445 nostri,
1805 1366 1843 1428 et
1862 1354 1966 1427 corb

596 1481 712 1544 nostra
725 1465 745 1557 ,'
762 1469 888 1567 tibique
913 1470 1055 1563 glorium
1081 1470 1265 1543 referemus
1292 1495 1366 1543 cum
1393 1475 1563 1564 unigenito
1588 1470 1674 1543 Filio
1701 1484 1768 1546 hro.
1800 1517 1803 1519 >

701 1587 861 1681 Papulas.
914 1589 1034 1659 Amen.

595 1725 598 1734 ¹
703 1703 881 1773 Diaconum
906 1703 992 1773 dicii
1019 1702 1190 1775 Cononem
1216 1711 1379 1797 qnantum.
1957 1773 1971 1799 s

701 1819 877 1891 Soandos
900 1820 1093 1890 inclinatas.
1146 1820 1346 1892 Benedictus
1373 1842 1412 1893 es
1437 1819 1581 1892 Domine
1607 1830 1734 1909 sancte,
1762 1829 1797 1891 et
1822 1829 1966 1892 uncto-

597 1958 669 2007 rum
696 1945 836 2024 amator,
863 1938 997 2029 quivis
1024 1946 1059 2007 ut
1085 1946 1274 2009 sanctorum
1300 1946 1429 2008 tuorum
1456 1937 1639 2007 memmiae
1655 1934 1849 2030 frementes·
1865 1958 1967 2009 com-

597 2053 819 2146 municemus,
853 2053 1001 2122 manne
1035 2063 1163 2139 autem,
1198 2061 1233 2122 ct
1267 2054 1455 2146 speciatim,
1490 2050 1662 2143 munusue
1693 2072 1778 2146 prae
1812 2050 1966 2123 omuibus

596 2170 737 2254 sanctis,
772 2164 921 2257 Virginis
947 2167 1196 2256 immaculatae,
1228 2178 1431 2262 sanctaeque
1457 2166 1636 2238 Genihiais
1662 2168 1727 2238 Dei
1752 2166 1967 2252 Maliawet

592 2284 732 2354 loannis
759 2281 1017 2377 praedicatoris,
1047 2286 1301 2377 praecursoris,
1335 2286 1678 2377 consummatorisque
1713 2286 1965 2378 mysteriorum:

594 2398 755 2494 Stephani
769 2420 901 2493 quoque
916 2402 1137 2494 primogeniti,
1152 2402 1321 2494 principis,
1335 2402 1497 2494 primique
1509 2399 1708 2494 Martyrium,
1722 2419 1798 2469 cum
1814 2396 1964 2470 omnibus

594 2515 652 2588 tibi
679 2516 837 2610 acceptis.
1924 2523 1929 2531 ’

691 2630 850 2712 ‚Menam
873 2651 999 2699 nocem.
1052 2630 1220 2701 Memento
1248 2629 1408 2717 Domine,
1442 2639 1476 2699 et
1503 2650 1618 2700 eorum
1645 2630 1699 2722 qui
1724 2650 1745 2699 a
1770 2627 1871 2701 nobis
1896 2650 1963 2699 no-

597 2749 709 2817 minati
736 2755 821 2833 sunt,
847 2743 992 2832 Patrum,
1019 2745 1363 2839 Patriarcharumque,
1390 2748 1533 2840 omnium
1559 2744 1767 2831 Sanctorum,
1794 2756 1830 2816 et
1844 2745 1962 2816 dusto-

598 2851 681 2950 rum,
708 2860 967 2956 Prophetarum,
1002 2871 1036 2932 et
1061 2861 1320 2956 Apostolorum,
1347 2859 1634 2948 Praedicatornm,
1660 2859 1964 2952 Evangelistarum,

597 2979 794 3074 Martyrum,
821 2986 855 3047 et
881 2974 1133 3063 confessorum,
1159 2978 1354 3062 Doctorum,
1382 2986 1416 3047 et
1434 2974 1764 3067 Thaumaturgornm,
1790 2977 1963 3068 thinum

598 3104 798 3181 sanctarum,
812 3094 1059 3182 continentium,
1073 3094 1301 3183 jejunantium,
1316 3091 1567 3178 Monachornm,
1587 3092 1836 3181 solitariorum,
1855 3113 1962 3166 vero·

597 3231 669 3280 rum
695 3207 856 3296 fidelium,
883 3208 1092 3302 omniumque
1118 3207 1205 3279 hene
1232 3211 1417 3300 agentium,
1444 3217 1478 3277 et
1502 3229 1565 3302 per
1590 3229 1706 3279 eorum
1732 3228 1857 3303 preces
1882 3227 1962 3302 per·

596 3324 719 3411 lectas,
746 3333 780 3395 et
805 3324 1062 3418 supplicationes
1091 3326 1359 3418 acceptissimas,
1388 3328 1501 3418 aspice
1526 3345 1589 3394 nos
1617 3322 1715 3396 ocrrlo
1742 3323 1961 3411 misericordi,

596 3440 756 3534 vultuque
782 3439 971 3534 tranquillo,
998 3450 1032 3510 et
1058 3461 1198 3527 sereno,
1224 3460 1354 3533 nosque
1380 3439 1525 3529 adjunge
1551 3438 1755 3531 agminibus,
1783 3438 1961 3525 ordinibus,

598 3570 632 3628 et
658 3557 852 3629 stationibus
878 3556 1072 3628 dilectorum
1099 3568 1246 3628 tuorum:
1272 3566 1308 3626 ut
1333 3578 1408 3625 cum
1435 3558 1502 3639 eis,
1535 3565 1570 3626 et
1596 3559 1681 3626 iuter
1707 3578 1769 3628 eos
1797 3577 1901 3651 pure,
1932 3561 1962 3624 ei

599 3684 713 3744 sancte
747 3672 894 3744 dicamus
926 3671 1081 3767 hymnum
1113 3675 1185 3745 siue
1217 3672 1282 3743 fine
1316 3670 1392 3760 tibi,
1427 3681 1461 3742 et
1492 3671 1578 3742 Filio
1611 3683 1668 3742 nuo
1703 3674 1898 3762 unigenito,
1930 3679 1961 3740 et

599 3789 735 3883 Spiritui
762 3797 827 3859 hro.
1848 3818 1851 3821 ·

702 3904 861 3995 Populus.
914 3905 1033 3975 Amen.

701 4020 880 4090 Diaconos
906 4021 991 4090 dicit
1017 4019 1187 4091 Cononem
1214 4022 1369 4112 quinium.

701 4133 876 4205 Sacerdos
901 4136 1092 4207 inclinatas.
1140 4133 1243 4205 Effice
1270 4135 1412 4205 Domine
1438 4134 1559 4225 dignos
1585 4132 1758 4228 voluptate
1785 4136 1883 4225 regni
1910 4134 1959 4217 ari,

598 4254 717 4325 Patres
744 4250 883 4337 electos,
911 4250 1134 4344 doctoresque
1159 4248 1333 4345 probatos,
1360 4260 1395 4320 et
1412 4260 1547 4321 sanctos
1561 4249 1763 4344 Episcopos,
1791 4251 1960 4340 lgnatium,

598 4369 810 4463 Dionysium,
836 4366 969 4455 lulium,
995 4365 1222 4453 Athanasium,
1248 4364 1418 4453 Basilium,
1447 4365 1657 4457 Gregorium,
1679 4363 1854 4458 Cyrillum,
1879 4364 1960 4435 reb-

601 4504 751 4579 quasque
778 4504 893 4554 omues
920 4482 1078 4568 Sanctus,
1112 4484 1165 4575 qui
1199 4481 1329 4552 fortiter
1360 4491 1609 4573 pugnaverunt,
1641 4489 1674 4550 et
1699 4484 1961 4572 persecutionem

599 4602 690 4695 passi
716 4608 801 4685 sunt,
827 4620 889 4693 pro
916 4597 981 4669 lide
1007 4597 1160 4684 indivisa,
1187 4607 1220 4667 et
1247 4596 1460 4669 confessione
1487 4596 1676 4668 indubitata.

703 4714 853 4785 Meriana
878 4736 1004 4785 nocem.
1055 4697 1224 4785 Memento
1251 4703 1394 4784 Domine
1421 4735 1536 4785 eorum
1564 4716 1618 4806 qui
1645 4722 1760 4784 sancte
1787 4724 1824 4786 ct
1849 4711 1963 4809 splen-

601 4831 676 4902 dide
702 4829 888 4903 Ecclesiam
915 4841 1002 4901 tuam
1036 4840 1203 4915 sanctam,
1238 4832 1396 4919 unigeniti
1428 4829 1502 4899 Filii
1533 4830 1578 4899 tui
1614 4831 1778 4919 sanguine
1813 4839 1964 4924 emptam,

601 4946 823 5033 stabilierunt,
850 4955 884 5016 et
910 4945 1159 5018 confirmarunt:
1187 4948 1240 5040 qui
1267 4946 1390 5016 lumine
1415 4944 1609 5039 praeclaro,
1643 4953 1678 5014 et
1706 4942 1820 5013 divino
1848 4942 1966 5015 Theo·

601 5064 726 5153 logiae,
754 5061 980 5148 adduxerunt,
1020 5072 1054 5132 et
1087 5069 1325 5134 converterunt
1358 5060 1500 5156 populos
1526 5064 1559 5131 in
1586 5059 1732 5131 tenebris
1760 5063 1968 5146 constitutos,

603 5177 644 5248 ad
670 5178 777 5249 lucem
805 5177 985 5268 Evangelii
1012 5176 1133 5249 Christi
1160 5179 1220 5248 tui:
1249 5181 1303 5271 qui
1330 5199 1449 5249 secura
1477 5187 1598 5264 mente,
1626 5186 1660 5246 et
1685 5178 1819 5247 sincero
1848 5176 1970 5263 animo,

601 5296 753 5365 veritatis
779 5303 856 5365 tuae
883 5315 1003 5384 causa,
1030 5293 1177 5386 pericula
1204 5295 1440 5382 sustinuerunt,
1464 5298 1665 5387 vineamque
1691 5290 1909 5391 spiritualem,
1937 5297 1972 5363 et
