5150 6534
1012 1306 1614 1486 ottonom

779 1639 1324 1767 notuerunt
1405 1634 1855 1758 nntsoom

903 1879 1216 1975 ltntttlnttstt
1242 1883 1328 1960 SEU
1351 1876 1719 1957 utnnot’onttnnt

1114 2154 1239 2226 Oratio
1264 2153 1511 2226 oetePacen.

708 2346 2000 2463 Daimonosmoonummem

631 2491 785 2565 omnibns
810 2491 1065 2583 oognauonsnus
1091 2492 1277 2578 excelsior,
1313 2492 1434 2585 dignos
1464 2491 1558 2563 enee
1588 2511 1670 2573 nos,
1704 2499 1742 2559 nt
1770 2511 1847 2560 αι
1878 2492 2003 2562 ihm

629 2605 1573 2703 stemsooramte,dnntesnoltisinvioenpaoern,
1605 2608 1805 2677 inarime
1836 2608 2001 2696 migeti

628 2719 705 2795 Filii
730 2726 794 2795 tui:
821 2745 882 2818 per
908 2745 1005 2817 qoem
1032 2732 1067 2793 et
1091 2747 1166 2794 mun
1192 2746 1259 2819 qno
1286 2734 1320 2795 te
1346 2724 1443 2796 decet
1468 2722 1595 2815 gloria,
1629 2720 1798 2793 honoret
1821 2724 2001 2817 impeti-r

627 2861 704 2910 anm
726 2839 852 2935 Spiritu
869 2847 925 2911 tno
941 2842 1163 2930 sanctissimo,
1188 2839 1292 2929 hono,
1317 2839 1501 2928 adorando,
1528 2837 1731 2922 vivificante,
1756 2834 1882 2930 ulique
1909 2859 2001 2909 ωι-

628 2951 857 3048 subsannati,
881 2976 986 3038 nnnc,
1012 2965 1076 3027 oto.
1852 2969 1855 2975 ·

735 3069 897 3163 Populos.
948 3072 1069 3143 Amen.

734 3185 919 3259 Sacerdos.
971 3187 1055 3257 Pax„

734 3300 897 3394 Populus.
948 3300 993 3372 Et
1017 3323 1093 3373 eum
1118 3302 1235 3395 spiritu
1260 3311 1327 3373 tuo.

734 3417 921 3488 Diaeoom.
973 3415 1041 3489 Det
1066 3419 1205 3511 quisque
1229 3438 1358 3511 pacem.

733 3532 894 3625 Populus.
945 3533 1077 3624 Dignos
1102 3532 1167 3604 lae.

734 3647 922 3719 Diaeoaaa.
973 3647 1161 3742 Postquam.

737 3762 898 3855 Populos.
951 3762 1078 3836 Coram
1103 3775 1146 3836 te.

734 3876 919 3950 Sacerdos
971 3879 1153 3951 Dexternm
1181 3891 1269 3951 marn
1295 3876 1495 3949 invisibilem
1520 3878 1663 3950 Domine
1691 3877 1843 3965 demitte,
1870 3892 1905 3954 et
1927 3879 1997 3952 be-
2062 3953 2065 3956 ,

631 3993 728 4066 nodie
743 3995 939 4067 adoratores
965 4005 1051 4082 tuos,
1078 3998 1132 4089 qui
1150 4017 1237 4066 nune
1261 3994 1580 4066 inclinantnrcoram
1606 4003 1654 4064 te:
1681 4015 1742 4088 per
1761 3993 1996 4069 multitudinem

631 4114 877 4184 miserationum
910 4113 1067 4202 unigeniti
1094 4112 1168 4182 Filii
1196 4116 1259 4200 tui,
1290 4132 1352 4206 per
1385 4132 1501 4203 quem,
1528 4118 1570 4179 ‘et
1605 4131 1679 4178 eum
1713 4130 1797 4203 qno,
1832 4121 1867 4181 te
1901 4112 1998 4184 deoet

632 4227 751 4317 gloria,
777 4225 898 4313 honor,
925 4236 959 4297 et
984 4237 1145 4321 potestas,
1173 4249 1246 4298 cum
1274 4226 1398 4321 Spiritu
1425 4236 1494 4312 tuo,
1521 4228 1744 4310 sanctissimo,
1769 4224 1874 4317 hono,
1907 4227 1998 4301 ndo-

631 4341 755 4429 rando,
783 4342 989 4428 vivificante,
1017 4341 1139 4435 tibique
1166 4341 1455 4426 consubstantiali,
1482 4361 1586 4428 nune,
1613 4348 1676 4410 eto.

736 4456 894 4548 Populus.
948 4459 1066 4528 Amen.

733 4572 908 4644 Sacerdos
934 4573 1019 4644 dicit
1046 4574 1243 4643 Orationem
1268 4594 1371 4665 saper
1395 4571 1511 4641 uelum.

735 4687 786 4760 'le
813 4687 1031 4782 deprecamur
1057 4692 1090 4759 in
1116 4687 1180 4759 hae
1206 4687 1289 4761 horu
1315 4688 1469 4775 Domine,
1495 4696 1530 4756 ut
1556 4685 1616 4758 des
1636 4685 1733 4760 nobis
1756 4691 1899 4780 gratiam
1913 4686 2001 4783 Spi-

633 4806 714 4876 ritus
750 4806 795 4874 tui
829 4806 950 4891 sancti,
991 4816 1024 4876 et
1065 4804 1266 4876 corrobores
1306 4825 1370 4875 nos
1401 4802 1444 4873 ad
1475 4805 1690 4874 ministerium
1720 4802 1783 4877 hoo
1815 4802 2003 4899 spirituale,

633 4918 859 5013 depellasque,
887 4929 920 4989 et
945 4922 1059 5012 ejicias
1087 4945 1106 4991 a
1132 4918 1229 4992 nobis
1258 4941 1375 4993 omnes
1410 4921 1629 5010 cogitationes
1654 4918 1789 5009 foedas,
1823 4928 1859 4990 et
1884 4918 2003 5013 plunn-

631 5042 773 5105 tasmata
809 5042 957 5105 terrena:
993 5056 1054 5128 per
1085 5033 1293 5107 elementiam
1326 5037 1485 5126 unigeniti
1511 5033 1586 5105 Filii
1618 5038 1680 5107 tui:
1714 5057 1776 5130 per
1811 5055 1930 5128 quem,
1968 5043 2004 5105 et

634 5170 707 5218 enm
736 5170 799 5241 quo
827 5158 860 5219 te
887 5148 983 5219 decet
1010 5149 1137 5241 gloria,
1163 5151 1270 5224 honor
1297 5161 1330 5223 et
1356 5154 1546 5244 inperium,
1577 5173 1650 5222 eum
1678 5151 1802 5246 Spiritu
1827 5160 1886 5222 tuo
1913 5171 2005 5222 san-

633 5264 781 5335 ctissimo
808 5274 842 5334 et
868 5264 978 5354 bono,
1004 5275 1066 5337 etc.
