5150 6534
860 801 865 821 ’
950 849 1617 932 communicationum.
1695 927 1699 935 ,
1894 855 1968 933 roa

704 1039 888 1112 Sacerdos.
920 1038 1273 1125 Commemorationem
1291 1038 1545 1134 dispensationis
1572 1047 1650 1110 tuac
1668 1039 1820 1114 salutaris
1834 1041 1968 1114 lacien-

601 1166 671 1243 tes,
700 1155 832 1229 Christe
857 1157 950 1228 Deus
977 1165 1111 1243 noster,
1138 1154 1350 1251 imploramus
1377 1154 1643 1249 etdeprecamur
1660 1156 1840 1229 honitatem
1866 1171 1968 1246 tuam,

599 1282 636 1343 ut
662 1294 736 1342 cum
762 1277 880 1346 venies
907 1276 940 1343 in
967 1272 1075 1365 gloria
1102 1293 1177 1343 cum
1187 1270 1329 1362 Angelis
1356 1274 1420 1342 tuis
1436 1273 1573 1359 sanctis,
1600 1279 1635 1341 et
1662 1269 1843 1347 constitues
1869 1276 1962 1347 thro·

599 1408 676 1459 num
709 1386 840 1479 gloriae
871 1397 968 1478 tuae,
998 1390 1254 1483 praecipiesque
1287 1397 1421 1474 terrae,
1452 1397 1488 1458 ut
1519 1388 1626 1481 pariat
1652 1408 1768 1460 omues
1796 1389 1970 1463 defunctos

601 1501 644 1573 ad
670 1503 821 1575 standum
846 1526 961 1577 coram
986 1513 1020 1574 te
1047 1505 1079 1573 in
1106 1507 1225 1574 timore
1252 1512 1286 1573 et
1310 1514 1473 1573 tremore:
1500 1523 1574 1572 cum
1601 1502 1782 1576 collocabis
1801 1527 1909 1597 agnos
1926 1507 1969 1579 ad

602 1617 777 1690 dexteram
804 1631 893 1691 tuam
920 1629 953 1690 et
978 1617 1106 1704 hoedos
1133 1618 1175 1689 ad
1201 1622 1367 1691 sinistram
1394 1626 1499 1706 tuam,
1525 1628 1559 1687 et
1584 1624 1809 1716 unusquisque
1835 1644 1967 1717 exspe-

600 1731 704 1806 ctahit
735 1744 979 1830 competentem
1013 1732 1077 1806 sihi
1107 1733 1376 1820 retributionem,
1412 1743 1446 1804 et
1476 1730 1660 1807 habitacula
1695 1736 1756 1809 sibi
1790 1738 1968 1811 destinata:

602 1870 646 1920 ne
672 1850 815 1921 Domine
841 1851 1010 1924 audiamus
1037 1872 1057 1920 a
1083 1860 1117 1921 te
1141 1870 1263 1921 vocem
1289 1847 1378 1920 illam
1404 1848 1578 1938 acerbam,
1613 1861 1647 1921 et
1677 1853 1898 1926 mortiferam:
1924 1876 1969 1925 ne

601 1962 693 2036 dicas
719 1967 836 2051 nohis,
860 1967 1023 2056 Domine,
1049 1964 1197 2038 recedite
1224 1989 1244 2037 a
1270 1987 1325 2037 me
1351 1963 1532 2050 maledicti,
1562 1964 1651 2038 eluite
1677 1969 1710 2038 in
1736 1972 1863 2060 ignem,
1891 1971 1968 2064 quia

600 2101 667 2171 ego
694 2103 760 2153 non
787 2083 868 2151 novi
898 2103 972 2154 vos.
1025 2081 1094 2170 Ne,
1125 2083 1285 2170 Domine,
1319 2083 1420 2153 simus
1453 2078 1550 2152 alieni
1587 2106 1606 2153 a
1642 2081 1863 2156 familiaritate
1897 2096 1967 2158 tua:

601 2217 645 2266 ne
673 2204 823 2282 avertas,
850 2196 1014 2286 Domine,
1040 2196 1159 2268 faciem
1180 2207 1269 2267 tuam
1296 2220 1315 2267 a
1341 2195 1456 2267 nobis:
1483 2218 1527 2267 ne
1540 2199 1696 2291 aspicias,
1722 2200 1877 2287 Domine,
1903 2223 1968 2273 nos

600 2310 810 2401 indignanter
837 2317 869 2383 in
895 2316 959 2385 ira:
986 2335 1046 2399 ne,
1072 2315 1235 2399 Domine,
1260 2312 1442 2383 ascendant
1468 2323 1608 2406 peccata
1635 2324 1669 2385 et
1695 2317 1831 2387 crimina
1854 2327 1968 2388 nostra

603 2429 637 2497 in
672 2447 733 2498 cor
765 2438 854 2500 mum
889 2438 1056 2500 sanctum:
1094 2451 1156 2515 ue,
1194 2428 1353 2514 Domine,
1385 2431 1489 2500 intres
1522 2431 1555 2520 iu
1589 2429 1745 2521 judicium
1778 2431 1968 2505 nobiscum:

600 2563 710 2636 nequa
735 2565 820 2634 agas
847 2565 929 2635 erga
956 2567 1038 2632 nos,
1065 2555 1220 2638 tanquam
1246 2566 1330 2635 erga
1357 2567 1419 2616 eos
1446 2565 1582 2638 quorum
1617 2567 1696 2640 spes
1721 2550 1874 2640 praecisa
1902 2559 1968 2620 est:

600 2678 711 2751 neque
737 2657 894 2730 ultionem
918 2657 1025 2732 facias
1052 2658 1238 2747 donabis,
1265 2662 1361 2754 quasi
1386 2662 1535 2735 inimicis.
1588 2659 1665 2733 Non
1698 2670 1850 2757 tanquam
1878 2662 1968 2734 alie-

600 2794 665 2847 nos
690 2774 835 2869 repellas
861 2796 943 2846 nos:
970 2798 1013 2846 ne
1039 2779 1197 2871 projicias
1224 2798 1299 2863 nos,
1325 2777 1479 2864 Domine,
1506 2774 1632 2847 alacie
1660 2788 1734 2866 tua,
1765 2781 1821 2873 qui
1844 2801 1969 2851 nomen

601 2898 692 2960 urum
717 2898 866 2961 sanctum
894 2893 1133 2981 cognovimus,
1160 2899 1194 2962 et
1220 2890 1424 2963 divinitatem
1450 2902 1539 2963 tuam
1565 2890 1712 2966 confessi
1740 2914 1862 2966 sumus.
1898 2893 1969 2965 Sed

599 3002 656 3075 lac
688 3003 862 3077 uobiscum
894 3006 1073 3079 secundum
1105 3009 1346 3101 promissiones
1379 3016 1452 3079 tuas
1486 3029 1606 3095 veras,
1645 3017 1679 3079 et
1710 3030 1776 3082 non
1809 3007 1967 3080 fallaces:

605 3117 732 3191 dimitte
758 3120 875 3193 delicta
902 3129 1036 3208 nostra,
1061 3124 1223 3217 propitius
1250 3133 1323 3195 esto
1349 3125 1663 3217 peccatisnostris:
1690 3134 1724 3194 et
1749 3123 1804 3195 lac
1829 3125 1967 3193 miseri-

601 3234 748 3308 cordiam
776 3259 877 3332 super
902 3234 1139 3309 haereditatem
1166 3246 1267 3327 tuam,
1295 3248 1327 3310 et
1346 3260 1447 3334 super
1461 3261 1547 3311 oves
1564 3261 1711 3332 pascuae
1729 3250 1817 3327 tuae,
1844 3260 1965 3333 quem-

601 3349 776 3423 admodum
802 3356 975 3446 poenitens
1001 3352 1156 3426 Ecclesia
1184 3364 1241 3425 tua
1268 3353 1431 3450 supplicat
1456 3356 1530 3444 tihi,
1566 3367 1601 3427 et
1631 3367 1739 3428 tecum
1773 3356 1863 3427 Patri
1895 3367 1967 3446 tuo,

603 3465 728 3539 dicem.

705 3583 866 3676 Populos
892 3585 1056 3659 Miserere
1082 3589 1197 3659 nostri.

704 3698 888 3771 Sacerdos.
915 3702 987 3775 Nos
1015 3724 1156 3796 quoque.

708 3813 869 3907 Populus.
896 3817 947 3888 Te
973 3817 1154 3888 laudamus.

705 3928 888 4002 Sacerdos.
915 3932 1109 4028 Praecipue.

703 4043 889 4118 Diaconos.
918 4048 1025 4133 Quam
1051 4046 1194 4119 timenda
1222 4057 1274 4118 est
1299 4045 1383 4117 haec
1409 4045 1507 4139 hora,
1535 4060 1597 4119 etc.

704 4161 879 4233 Sacerdos
904 4164 1094 4235 inclinatur.
1120 4165 1264 4235 Domine
1291 4161 1451 4248 clemens,
1486 4175 1519 4235 et
1552 4164 1674 4235 multae
1705 4164 1965 4256 misericordiae,

599 4279 870 4367 misereremei,
898 4289 932 4350 et
957 4284 1049 4352 mitte
1075 4303 1177 4375 super
1203 4302 1256 4351 me
1283 4287 1318 4349 et
1344 4301 1444 4373 super
1475 4278 1660 4352 oblationes
1687 4284 1780 4370 istus,
1808 4281 1965 4375 Spiritum
2071 4300 2084 4330 ⁰

599 4394 714 4464 vivum
728 4403 763 4463 et
779 4406 945 4484 sanctum,
972 4396 1205 4481 vivificantem,
1233 4405 1266 4465 et
1285 4397 1394 4466 omnia
1411 4394 1680 4483 sanctificantem,
1706 4394 1965 4491 largitoremque

603 4510 799 4579 sanctitatis:
834 4512 941 4605 ipsum
977 4514 1031 4607 qui
1066 4514 1099 4582 in
1125 4510 1297 4605 Prophetis
1324 4514 1447 4581 sanctis
1474 4510 1603 4584 locutus
1631 4522 1694 4601 est,
1720 4524 1754 4584 et
1778 4512 1963 4608 Apostolos

600 4632 757 4712 sanctos,
782 4637 1015 4722 martyresque
1040 4632 1231 4700 coronavit:
1258 4631 1396 4723 ipseque
1422 4626 1574 4700 illabatur
1600 4629 1802 4723 superhaec
1829 4641 1964 4723 myste-

600 4741 651 4809 ria
680 4750 713 4810 et
740 4743 921 4813 sanctificet
946 4742 1010 4814 illa.

705 4855 866 4948 Populus.
893 4859 1024 4931 Exaudi
1051 4884 1123 4947 me,
1149 4860 1300 4933 Domine.
1646 4952 1649 4959 Ι

703 4969 878 5046 Sacerdos
913 4976 1049 5047 cleonae
1081 4998 1206 5047 vocem.
1242 4975 1286 5048 Ut
1325 4974 1481 5063 illabens,
1524 4976 1643 5049 efficiat
1678 4998 1797 5071 panem
1833 4976 1963 5069 quidem

600 5089 719 5175 istum,
745 5109 868 5184 corpus
896 5089 1017 5164 Christi
1042 5094 1107 5164 Dei
1132 5095 1248 5164 nostri.

705 5202 865 5298 Populus.
891 5209 1011 5279 Amen.

706 5318 889 5402 Sacerdos.
916 5321 961 5395 Et
986 5323 1123 5398 calicem
1148 5326 1267 5413 istum,
1294 5326 1489 5416 sanguinem
1514 5323 1637 5396 Christi
1661 5323 1728 5393 Dei
1752 5326 1867 5396 nostri.

1685 5440 1737 5514 24
1750 5440 1769 5475 *
