5150 6534
940 862 992 939 ili
1031 862 1324 940 litoralis
1361 860 1632 942 stolicis.
1917 863 1967 939 83

690 1047 843 1110 Habuerat
864 1064 883 1109 a
904 1046 1015 1108 Fausto
1038 1045 1171 1109 Nairono
1193 1046 1341 1110 ilicardos
1364 1047 1477 1123 Simon,
1500 1055 1644 1128 excerpta
1665 1047 1790 1110 istarum
1811 1047 1968 1131 Liturgia·
2014 1063 2107 1134 opinio
2125 1049 2154 1118 d,
2173 1066 2289 1119 sm..

604 1166 687 1225 ram,
716 1154 747 1209 et
768 1146 886 1209 illarum
908 1146 1088 1208 mentionem
1109 1144 1181 1208 fecit
1208 1146 1238 1207 in
1260 1146 1346 1209 Notis
1369 1146 1406 1207 ad
1428 1145 1613 1209 itinerarium
1635 1146 1744 1209 hlontis
1765 1146 1872 1210 Libani
1894 1166 1911 1210 a
1934 1165 1968 1209 se
2230 1139 2232 1147 '

605 1245 719 1309 Gallice
734 1263 923 1309 conversum.
945 1242 1062 1306 Nodum
1084 1262 1158 1307 vero
1182 1246 1232 1327 qui
1254 1263 1329 1308 sane
1351 1246 1506 1308 intricatus
1530 1241 1592 1322 est,
1608 1262 1669 1307 non
1685 1254 1744 1308 tam
1758 1246 1859 1323 solvit,
1881 1264 1969 1327 qoam

604 1345 694 1409 scidit
715 1347 745 1407 in
767 1345 846 1408 hunc
868 1343 997 1407 modum.
1020 1342 1192 1406 Orientales
1207 1346 1236 1406 in
1253 1345 1359 1407 eadem
1374 1362 1442 1407 com
1456 1344 1579 1406 Graecis
1592 1345 1811 1407 recentioribus
1828 1345 1969 1426 opinione

604 1463 676 1508 esse
698 1445 850 1525 supponit,
875 1446 956 1505 circa
979 1445 1217 1505 consecrationis
1241 1444 1384 1519 formam,
1407 1444 1503 1524 eoJos,
1533 1445 1641 1524 inquit,
1665 1443 1804 1507 ellectum
1826 1462 1888 1507 non
1910 1453 1969 1507 tam

604 1542 705 1605 verbis
735 1540 907 1620 dominicis,
938 1557 1026 1621 quam
1055 1540 1240 1605 invocationi
1269 1542 1365 1605 sancti
1389 1542 1539 1623 Spiritus,
1570 1542 1677 1605 Gra'eci
1710 1544 1851 1606 tribuunt.
1895 1544 1969 1606 inde

604 1640 713 1704 iactum
735 1641 920 1722 suspicatur,
942 1649 975 1702 ut
998 1639 1092 1703 verba
1114 1660 1192 1722 quae
1214 1641 1251 1704 ad
1275 1640 1459 1705 eliciendam
1481 1643 1741 1704 consecrationem
1763 1643 1970 1706 existimarent

562 1753 570 1763 ·
603 1758 664 1803 uon
687 1759 758 1803 esse
778 1742 967 1819 necessaria,
998 1742 1288 1821 praetermitterent:
1321 1751 1410 1823 atque
1433 1760 1543 1804 novum
1565 1740 1634 1804 inde
1657 1751 1864 1824 argumentum
1886 1743 1970 1805 nasci

600 1840 716 1921 judicat
737 1841 775 1903 de
798 1841 890 1928 soiius
913 1840 1114 1902 invocationis
1130 1839 1258 1921 Spiritus
1281 1843 1377 1903 sancti
1392 1840 1428 1902 ad
1444 1840 1683 1903 consecrandum
1694 1842 1841 1904 eilicacia:
1857 1843 1969 1905 Veram

603 1941 635 2000 iu
658 1938 766 2016 dubiis,
789 1940 885 2022 qualis
906 1956 981 2001 sane
1001 1937 1052 1999 illa
1069 1940 1204 2019 quaestio
1222 1947 1278 2017 est,
1302 1940 1431 2001 maximo
1447 1940 1566 2001 testium
1578 1940 1703 2002 intense
1722 1942 1969 2004 consentientium

603 2056 741 2115 numero,
762 2038 852 2101 iidem
874 2038 1032 2119 potiorem,
1057 2055 1143 2119 quam
1167 2036 1283 2101 duobus
1307 2046 1357 2099 aut
1380 2037 1472 2100 tribus
1496 2037 1701 2115 adhibendam,
1720 2040 1797 2121 juris
1815 2050 1898 2104 certa
1913 2059 1970 2103 re-

603 2140 743 2222 guiaest.
766 2137 878 2200 Omnes
888 2154 981 2218 porro
994 2137 1301 2219 Graecaehiturgiae,
1324 2153 1383 2199 non
1406 2138 1503 2199 minus
1526 2137 1762 2217 quamLatinae3
1786 2139 1971 2221 Coptitarum

602 2256 677 2315 sex,
706 2236 885 2317 Aethiopum
908 2235 1082 2312 duodecim,
1113 2235 1359 2298 Nestorianorom
1382 2244 1460 2312 tres,
1492 2236 1637 2317 Syrorum
1658 2235 1816 2318 piusquam
1838 2239 1970 2320 triginta,

602 2336 696 2398 verba
713 2334 823 2398 Christi
844 2336 962 2414 integra
985 2341 1226 2415 repraesentant:
1250 2353 1291 2395 ex
1313 2334 1370 2395 iliis
1393 2336 1493 2417 igitur,
1518 2352 1578 2397 non
1592 2338 1738 2400 extribus
1754 2337 1967 2421 singularibus,

603 2452 728 2516 quarum
750 2452 823 2496 usus
846 2435 1016 2496 rarissimos
1039 2442 1095 2507 est,
1119 2452 1192 2495 vera
1216 2432 1306 2495 lectio
1329 2435 1391 2513 peti
1416 2433 1516 2499 debet.
2254 2504 2263 2517 Α

688 2533 792 2615 itaque
815 2549 874 2594 non
896 2539 1025 2610 temere,
1056 2531 1110 2594 sed
1139 2534 1273 2594 maximis
1302 2533 1450 2594 rationum
1479 2535 1635 2595 momentis
1658 2536 1802 2597 aiiirmare
1824 2553 1884 2597 nou
1908 2534 1967 2598 du·
2031 2547 2165 2600 lieteitin'u
2183 2565 2214 2601 ex
2231 2548 2287 2602 aliu

602 2631 743 2711 bitarnus,
773 2640 836 2695 tres
858 2631 925 2694 ilias
947 2631 1098 2714 Liturgias
1127 2639 1285 2712 corruptas
1314 2648 1400 2710 csse,
1431 2650 1491 2693 non
1514 2639 1573 2694 tam
1597 2641 1681 2696 certo
1705 2634 1849 2709 consilio,
1879 2633 2110 2714 quamtitareiic

602 2731 791 2794 librariorum
813 2731 911 2811 eulpa,
934 2731 1018 2811 anus
1041 2731 1234 2811 conjecturae
1256 2732 1388 2793 rationes
1411 2731 1520 2793 multae
1542 2739 1621 2809 sunt,
1644 2732 1722 2796 haud
1737 2732 1875 2815 equidem
1890 2750 1968 2796 con-

602 2830 790 2895 temnendae.
836 2831 939 2894 Statim
968 2846 1043 2892 vero
1069 2831 1218 2892 neminem
1239 2847 1301 2892 non
1323 2836 1442 2892 moveat
1465 2830 1650 2911 reliquorum
1672 2832 1800 2893 omnium
1823 2831 1967 2894 Codicum
2008 2839 2014 2855 ·

603 2937 708 2992 contra
730 2931 891 2992 novitatem
914 2929 992 2991 iilam
1015 2945 1193 3005 consensus,
1216 2947 1295 3010 quae
1317 2947 1390 2992 sane
1413 2931 1439 2992 si
1461 2931 1491 2993 in
1505 2931 1647 3012 opinione
1670 2928 1730 3006 ilia,
1753 2949 1839 3011 quam
1855 2929 1969 3011 depra-

602 3036 691 3091 vatae
712 3028 850 3092 iectionis
870 3028 983 3091 iontem
1002 3046 1072 3090 esse
1090 3029 1249 3107 existimat,
1272 3027 1393 3090 fundata
1417 3030 1534 3107 luisset,
1556 3028 1743 3111 reperiretur
1765 3030 1795 3091 in
1818 3029 1965 3109 aliquibus

604 3129 683 3207 aliis,
707 3130 756 3209 qui
780 3135 877 3191 tamen
899 3129 1010 3190 vetusti
1033 3146 1092 3189 non
1115 3128 1257 3207 luissent,
1289 3130 1526 3210 quandoquidem
1553 3129 1604 3190 illa
1627 3131 1708 3191 circa
1730 3129 1966 3191 consecrationis

566 3247 570 3262 ·
604 3227 709 3304 verba,
733 3229 900 3306 contentio,
922 3229 1044 3302 saeculo
1069 3229 1184 3290 decimo
1207 3235 1314 3310 quarto
1338 3236 1367 3291 et
1390 3229 1506 3292 decimo
1529 3231 1631 3310 quinto
1655 3248 1715 3291 non
1738 3237 1785 3291 est
1807 3229 1965 3308 antiquior.

602 3326 708 3407 Neque
731 3326 885 3389 Jacobitae
908 3328 977 3408 Syri
999 3347 1015 3390 a
1039 3327 1164 3389 Graecis
1186 3327 1329 3390 imbibere
1351 3327 1430 3390 iliam
1452 3336 1631 3408 potuerunt,
1660 3316 1861 3409 cum⁴quibus
1884 3326 1966 3387 nulla

603 3444 621 3486 a
651 3424 904 3489 calchedonensis
935 3425 1060 3490 Conciiii
1090 3435 1227 3508 tempore
1253 3426 1423 3489 habuerunt
1456 3429 1644 3490 commercia.
1696 3428 1801 3489 Natam
1830 3444 1905 3489 vero
1935 3426 1966 3486 in

602 3524 787 3588 Jacobiticae
809 3526 967 3589 Ecclesiae
990 3527 1132 3608 Syriacae
1155 3527 1233 3605 sinu,
1256 3526 1419 3606 suspicari,
1450 3526 1480 3589 id
1509 3526 1626 3607 quidem
1649 3529 1784 3590 divinare
1805 3533 1869 3604 est,
1899 3543 1967 3586 eum

603 3643 644 3686 ne
667 3625 827 3687 obscurum
849 3625 966 3705 quidem
988 3626 1188 3688 innovationis
1210 3628 1240 3687 in
1263 3642 1299 3686 ea
1322 3633 1408 3705 parte
1432 3625 1599 3702 doctrinae,
1628 3632 1774 3707 appareat
1796 3625 1964 3708 vestigium.

693 3721 778 3797 Quod
801 3732 899 3787 autem
922 3726 1063 3806 supponit
1086 3732 1173 3787 autor
1196 3724 1289 3802 idem,
1323 3725 1456 3787 Graecos
1483 3725 1577 3786 verba
1601 3725 1711 3788 Christi
1739 3725 1776 3788 ad
1799 3742 1966 3789 consecra·
2014 3734 2106 3788 Graeci
2128 3748 2179 3785 non
2197 3734 2287 3785 enisa

601 3824 712 3885 tionem
728 3825 904 3886 necessaria
920 3843 981 3887 non
998 3826 1180 3903 existimare,
1196 3823 1233 3885 ab
1250 3844 1287 3884 eo
1304 3823 1566 3886 vehementissime
1582 3824 1770 3903 dissentient,
1786 3826 1965 3906 quicumque
1979 3832 2046 3874 mana
2081 3821 2161 3875 verba
2194 3816 2286 3869 ebrini

603 3921 759 3985 Cabasilae
773 3921 1000 4004 Expositionem
1011 3922 1175 4007 Litargiae,
1198 3929 1248 3984 aot
1259 3922 1352 3984 Marci
1367 3922 1490 4003 Ephesii
1513 3923 1688 4003 opusculum
1710 3923 1858 4005 legerunt,
1881 3925 1965 4005 cujus
1978 3926 2031 3961 ”⁰¹¹
2054 3925 2111 3961 ⁰³⁵⁰
2133 3907 2285 3959 ”mm

602 4021 669 4084 solo
701 4020 787 4083 titulo
814 4022 987 4102 conjectura
1015 4023 1080 4098 ejus
1110 4023 1265 4085 evertitur,
1312 4022 1339 4083 is
1369 4023 1446 4083 enim
1475 4030 1537 4099 est,
1569 4023 1649 4103 quod
1676 4042 1736 4083 non
1762 4023 1837 4082 solis
1865 4023 1967 4083 verbis

602 4121 762 4182 domim
782 4119 978 4183 Eucharistia
1007 4130 1211 4183 cousecratur.
1256 4121 1314 4193 Qui
1335 4138 1410 4182 vero
1433 4120 1463 4181 id
1485 4120 1622 4199 affirmat,
1654 4120 1747 4182 verba
1777 4118 1886 4182 Christi
1909 4138 1966 4182 ne-

602 4220 733 4281 cessaria
746 4237 888 4283 essenon
902 4227 1010 4303 negat:
1032 4237 1132 4300 neque
1155 4222 1234 4282 inter
1247 4219 1382 4282 Graecos
1404 4220 1592 4282 recentiores
1615 4219 1664 4300 qui
1687 4217 1783 4280 simile
1806 4217 1966 4299 quidquam

603 4317 775 4397 scripserit,
802 4317 879 4382 ullus
901 4319 1081 4400 reperietur.
1127 4319 1188 4382 imo
1213 4320 1392 4381 contrariam
1416 4336 1542 4399 prorsus
1566 4318 1738 4399 opinionem
1761 4324 1861 4379 tuetur
1884 4319 1965 4380 Cre-

601 4418 707 4497 gorius
729 4417 973 4499 Protosynceiius
1003 4420 1033 4480 in
1055 4418 1193 4499 Epitome
1215 4419 1424 4499 mysteriorum
1447 4416 1741 4495 Graeco-Barbara,
1772 4434 1859 4497 quam
1889 4417 1965 4480 duce

601 4523 634 4578 et
655 4516 800 4599 magistro
824 4516 956 4600 Georgia
980 4516 1121 4580 Coressio
1145 4519 1323 4597 composuit,
1347 4526 1377 4579 et
1399 4518 1534 4580 venetiis
1558 4518 1704 4580 edendam
1727 4518 1852 4579 curavit.
1876 4516 1965 4578 Plura

602 4615 641 4677 de
664 4633 699 4676 ea
723 4618 899 4697 quaestione
922 4636 982 4680 non
1005 4617 1151 4695 dicentur,
1175 4617 1255 4698 quod
1278 4616 1348 4679 alibi
1372 4617 1465 4679 insius
1488 4636 1505 4677 a
1528 4617 1614 4679 nobis
1638 4618 1774 4696 exposita
1796 4615 1845 4679 sit.
1886 4614 1961 4676 Bes-

601 4714 714 4793 sarioa,
736 4714 868 4779 Joannes
890 4716 929 4779 de
952 4717 1191 4795 i'urreoremata,
1215 4717 1317 4778 etalii
1340 4717 1463 4795 similes,
1493 4714 1617 4778 Graecis
1644 4715 1720 4778 haec
1742 4715 1883 4798 allingere
1905 4732 1964 4795 po-

601 4821 738 4891 tuerunt,
760 4813 815 4877 sed
838 4833 894 4895 per
916 4833 1058 4878 summam
1081 4815 1264 4877 calumniam.

686 4911 789 4994 ltaque
810 4912 922 4977 frustra
945 4915 1014 4978 inde
1037 4915 1192 4996 quaeritur
1214 4916 1302 4997 origo
1326 4913 1554 4979 absurdissimae
1582 4918 1738 4993 novitatis,
1764 4934 1841 4997 quae
1865 4922 1962 4976 tamen
2011 4930 2090 4985 liutto
2107 4931 2189 4984 minua
2208 4930 2285 4984 tueo-

600 5011 626 5072 si
649 5029 724 5073 vere
746 5011 826 5092 apud
849 5012 982 5077 Graecos
1005 5022 1103 5076 ortum
1125 5012 1296 5089 habuisset,
1325 5032 1383 5094 qua
1405 5015 1521 5079 ratione
1543 5016 1661 5079 tandem
1684 5016 1721 5079 ad
1744 5033 1872 5096 paucos,
1903 5015 2051 5077 nonbitve·

600 5108 638 5171 ad
654 5112 918 5174 omnesiacobitas
928 5115 1129 5194 pervenisset,
1153 5131 1229 5194 quos
1251 5119 1338 5194 peste
1362 5130 1420 5193 qua
1442 5133 1502 5178 non
1525 5114 1711 5192 laborabant,
1735 5114 1843 5176 Graeci
1863 5114 1963 5177 ailiare

599 5225 661 5269 non
691 5215 847 5289 poteraut,
877 5213 927 5291 qui
957 5212 1067 5275 nuliam
1097 5231 1163 5275 eum
1193 5212 1250 5274 iilis
1279 5211 1426 5274 haberent
1448 5214 1707 5276 communionem?
1752 5212 1849 5274 Gratis
1872 5215 1964 5295 igitur

599 5305 675 5368 haec
698 5307 776 5371 diota
799 5318 883 5389 sunt,
909 5311 1024 5391 absque
1045 5311 1105 5374 ulla
1128 5310 1325 5374 Orientalium
1348 5311 1386 5373 de
1409 5330 1533 5392 quorum
1556 5313 1646 5374 rebus
1670 5312 1770 5393 agitur
1792 5315 1962 5390 autoritate,

638 5444 760 5487 renuam
1710 5428 1758 5502 14
