5150 6534
839 885 1720 997 sunnurnacnruorrcr
1895 838 1969 964 aar

701 1074 863 1167 Popolm.
916 1073 961 1147 tn
988 1095 1061 1146 cum
1090 1073 1216 1169 Spiritu
1242 1084 1311 1147 tuo.

607 1206 611 1213 ·
701 1188 886 1260 Sacerdos.
939 1187 984 1259 lit
1008 1187 1165 1284 populum
1198 1199 1286 1259 tuum
1320 1188 1562 1275 orthodoxum,
1597 1190 1652 1282 qui
1688 1209 1801 1261 coram
1838 1202 1973 1264 tecum

598 1305 721 1377 timore
754 1303 929 1375 inclinatus
964 1314 1027 1391 est,
1062 1303 1203 1396 dignare
1235 1303 1380 1374 Domine
1411 1302 1613 1375 benedicere
1651 1301 1883 1376 benedictione
1918 1317 1974 1378 tua

599 1418 826 1507 inamissibili,
860 1430 893 1490 et
927 1441 1093 1513 praepara
1128 1441 1223 1503 eum,
1266 1428 1302 1489 ut
1339 1417 1524 1513 inculpatus
1566 1418 1703 1490 accedat
1747 1419 1789 1490 ad
1825 1443 1973 1492 mensam

598 1531 686 1604 lranc
712 1532 873 1606 divinam:
900 1556 962 1630 per
988 1537 1142 1627 gratiam,
1170 1532 1433 1604 misericordiam
1466 1544 1499 1605 et
1531 1555 1679 1606 amorem
1711 1556 1793 1627 erga
1822 1533 1974 1607 homines

601 1650 761 1739 unigeniti
786 1648 860 1721 Filii
888 1653 945 1738 tui,
972 1672 1046 1720 cum
1074 1644 1139 1744 quo
1167 1659 1201 1720 te
1227 1648 1337 1737 decet,
1364 1658 1427 1719 etc.
1890 1651 1900 1677 ⁸

705 1764 866 1857 Populea.
919 1765 1039 1836 Amen.

704 1878 888 1951 Sacerdos.
940 1879 1084 1951 Domine
1118 1881 1211 1951 Deus
1245 1881 1474 1973 omnipotens,
1509 1880 1563 1949 oui
1596 1877 1660 1952 soli
1700 1882 1837 1976 proprie
1872 1902 1973 1953 com-

600 1995 683 2087 petit
708 1996 912 2089 principatus
947 2005 981 2065 et
1006 1998 1181 2084 sanctitas,
1213 2003 1389 2088 susceptor
1423 1994 1660 2066 sacrificiorum
1694 2005 1728 2067 et
1761 1994 1973 2085 oblationum,

600 2107 755 2181 contorta
790 2130 854 2180 nos
887 2108 1037 2182 imbelles
1071 2120 1106 2181 et
1140 2110 1286 2196 inutiles,
1322 2114 1377 2203 qui
1410 2121 1520 2182 tamen
1549 2110 1707 2182 audemus
1741 2110 1906 2181 accedere
1933 2112 1975 2183 ad

581 2222 707 2296 'altare
734 2234 824 2295 tuum
856 2230 1026 2312 sanctum,
1054 2248 1129 2296 cum
1163 2248 1224 2321 spe
1256 2225 1507 2297 misericordiae
1535 2235 1611 2297 tuae
1644 2225 1799 2297 infinitae.
1833 2226 1974 2298 Praesta

600 2336 719 2427 nobis,
752 2361 774 2410 o
801 2336 1059 2431 benignissime,
1094 2349 1129 2411 ut
1154 2363 1228 2412 cum
1265 2344 1353 2412 omni
1380 2344 1545 2435 puritate,
1579 2344 1755 2413 sanctitate
1790 2351 1824 2412 et
1856 2345 1974 2414 timore

603 2452 780 2526 offeramus
808 2453 865 2525 tibi
893 2456 1088 2527 sacrificium
1122 2455 1186 2529 boc
1212 2460 1437 2543 incruentum;
1469 2456 1720 2551 referemusque
1746 2457 1805 2530 tibi
1831 2456 1973 2549 gloriam

603 2578 637 2640 et
662 2567 805 2656 taudem,
832 2579 894 2640 etc.
1448 2561 1452 2567 ’

706 2683 868 2776 Populea.
920 2684 1039 2755 Arnen.

706 2798 893 2869 Diaconos.
947 2799 1033 2871 Date
1060 2822 1189 2895 pacem,
1217 2811 1280 2872 etc.

706 2913 890 2985 Sacerdos.
945 2912 1076 2987 Caritas
1100 2917 1167 2987 Dei
1194 2918 1315 3005 Patris,
1342 2927 1404 2988 etc.

576 3060 585 3065 ·
711 3029 873 3121 Populea.
924 3030 1046 3100 Amen.

705 3143 890 3215 Sacerdos.
943 3145 1082 3216 Sursum
1110 3146 1223 3217 corda.

600 3350 603 3355 ,
705 3260 866 3352 Populus.
919 3259 1089 3332 Habemus
1117 3261 1159 3331 ad
1186 3263 1374 3333 Dominum.

704 3373 886 3445 Sacerdos.
940 3372 1072 3446 Gratias
1101 3398 1240 3467 agamus
1266 3376 1419 3447 Domino.

706 3488 865 3583 Populea.
918 3491 1064 3582 Dignum
1091 3501 1124 3561 et
1147 3496 1269 3583 justum
1297 3499 1357 3562 est.

684 3657 685 3660 ,
708 3606 882 3676 Sacerdos
908 3605 1099 3676 inclinatae.
1139 3605 1245 3691 Quam
1273 3606 1370 3677 decet
1396 3616 1431 3676 ut
1457 3608 1583 3697 gratias
1605 3626 1744 3696 agamus
1771 3606 1847 3681 tibi!
1875 3630 1974 3701 quam

596 3726 722 3814 justum
748 3732 801 3794 est
826 3731 862 3792 ut
887 3719 1128 3812 glorificemus!
1165 3745 1261 3815 quam
1290 3721 1434 3793 debitum
1460 3730 1496 3792 ut
1530 3742 1663 3815 semper
1697 3720 1847 3795 laudibus
1874 3722 1972 3794 cele-

599 3836 735 3910 bromus
762 3837 964 3908 divinitatem
994 3847 1094 3921 tuam,
1121 3836 1232 3922 Pater,
1260 3836 1336 3922 Fili,
1365 3846 1398 3907 et
1425 3836 1570 3930 Spiritus
1598 3846 1722 3907 sancte.

705 3951 855 4023 Eleoens
889 3972 1014 4021 vocem.
1069 3951 1175 4037 Quem
1211 3952 1414 4042 glorificant,
1449 3950 1602 4038 laudam,
1634 3951 1775 4023 adorant
1802 3963 1835 4022 et
1870 3950 1972 4021 exal-

601 4077 671 4138 tant
697 4088 814 4139 omnes
841 4075 1017 4137 creaturae
1045 4088 1131 4160 quae
1158 4066 1302 4152 luerunt,
1329 4076 1363 4136 et
1399 4089 1484 4160 quae
1519 4076 1611 4137 sunt:
1647 4077 1787 4160 utraque
1819 4065 1974 4138 Ecclesia

600 4186 807 4278 superiorum
835 4192 869 4252 et
895 4181 1108 4267 inferiorum,
1136 4187 1269 4273 agmina
1297 4181 1554 4276 Prophetarum,
1581 4192 1687 4252 turma
1715 4180 1972 4277 Apostolorum:

599 4296 764 4374 bennum
790 4298 990 4393 Martyrum:
1018 4301 1300 4389 congregationes
1328 4297 1566 4368 solitariorum:
1594 4300 1723 4367 cantica
1750 4299 1869 4368 suavia
1892 4296 1972 4367 An-

600 4413 770 4504 gelorum:
797 4412 914 4485 laudes
942 4422 1101 4483 aeternae
1128 4415 1352 4486 Potestatum:
1386 4410 1636 4483 benedictiones
1664 4409 1859 4483 Cherubim:
1887 4432 1973 4482 san-

600 4528 818 4600 ctificationes
845 4527 1029 4623 Seraphim.
1056 4528 1107 4600 llli
1126 4552 1257 4623 quoque
1283 4550 1346 4599 nos
1372 4527 1522 4599 imbelles
1542 4535 1576 4597 et
1601 4547 1779 4621 pauperes,
1807 4526 1973 4598 offerimus

599 4642 830 4735 Doxologiam
856 4648 960 4714 trinae
987 4644 1277 4733 sanctificationis,
1305 4645 1574 4735 divinitatemque
1607 4645 1680 4734 ejus
1712 4639 1972 4735 incompreben-

599 4755 741 4844 sibilem‚
768 4759 936 4846 infinitam,
964 4770 997 4830 et
1023 4759 1324 4850 ininvestigabilem
1353 4758 1571 4854 deprecamur
1586 4766 1620 4827 et
1641 4755 1857 4829 obsecramus
1885 4773 1971 4844 sup-

598 4869 803 4968 plicabundi‚
830 4884 866 4944 ut
893 4877 1093 4968 suscipiatur
1120 4884 1153 4945 et
1180 4874 1379 4966 adjungatur
1405 4895 1478 4944 cum
1513 4870 1664 4943 laudibus
1699 4873 1842 4942 omnium
1868 4874 1973 4959 pote-

600 4994 722 5058 statum
755 4989 947 5060 coelestium
982 4988 1100 5059 millies
1131 4988 1265 5062 millium
1308 4999 1342 5061 et
1375 4989 1488 5060 decies
1522 4986 1640 5058 millies
1678 4985 1795 5055 decem
1838 4978 1972 5051 millium

598 5104 793 5191 igneorum,
823 5107 877 5198 qui
903 5126 992 5174 voce
1019 5106 1116 5174 suavi
1149 5126 1214 5176 nec
1246 5109 1495 5177 conticescente
1529 5101 1802 5186 inclementer,
1837 5093 1975 5167 vocife-

598 5225 727 5306 rantur,
755 5227 789 5288 et
815 5218 935 5290 dicunt.
1593 5246 1598 5251 ·

706 5332 866 5426 Populus.
919 5333 1076 5422 Sanetus,
1104 5332 1257 5421 Sanctus,
1284 5299 1437 5405 Sanctus.
1683 5444 1732 5517 36
1747 5443 1765 5477 ᾖ
