5150 6534
623 763 698 900 aar
1123 827 1486 907 urrunnun
1579 815 1587 949 J

722 1011 884 1106 Populus.
911 1010 1081 1087 Habemus
1108 1014 1150 1087 ad
1176 1015 1363 1088 Dominum.

722 1128 906 1202 Sacerdos.
934 1129 1067 1204 Gratias
1095 1152 1236 1224 mamus
1259 1130 1406 1205 Domino
1431 1132 1507 1205 Deo
1532 1139 1659 1206 nostro

721 1243 882 1339 Populos.
909 1246 1055 1339 Dignum
1080 1256 1115 1319 et
1136 1249 1262 1339 justum
1288 1255 1350 1320 est.

724 1358 901 1434 Sacerdos
925 1361 1118 1434 inclinatas.
1144 1361 1256 1456 digua
1280 1374 1316 1436 te
1341 1362 1440 1437 decet
1463 1362 1550 1455 lans,
1575 1364 1718 1437 Domina
1732 1362 1929 1440 coelam
1954 1375 1989 1439 et

619 1478 837 1548 terrestrium.
1230 1485 1233 1490 ’

721 1591 871 1664 Mona
894 1615 1019 1666 uocem.
1046 1595 1099 1669 'l'a
1125 1597 1212 1667 enim
1237 1594 1425 1688 glumam
1449 1604 1484 1668 et
1498 1593 1633 1668 laudaut
1651 1597 1791 1669 virtutae
1806 1615 1986 1692 supernae,

618 1718 653 1780 et
678 1707 808 1779 coelum
833 1710 865 1779 in
893 1731 958 1804 quo
986 1713 1188 1801 consistunt,
1212 1713 1305 1804 ignei
1330 1721 1365 1783 te
1391 1733 1467 1784 cum
1492 1713 1614 1784 timotu
1639 1710 1820 1799 calebunt,
1848 1707 1986 1784 cum-

617 1823 684 1896 him
712 1846 786 1896 cum
812 1828 1035 1899 commotione
1061 1836 1095 1899 te
1120 1826 1339 1900 benedicunt:
1365 1825 1607 1922 Seraphimque
1632 1828 1750 1916 sancti,
1775 1828 1984 1921 matutam

617 1949 707 2012 tuam
733 1940 959 2031 sanctificant,
985 1946 1040 2037 qui
1065 1944 1176 2016 veloci
1201 1953 1294 2016 motu
1320 1943 1448 2017 alarum
1474 1952 1508 2015 et
1531 1963 1715 2040 pennarum
1741 1963 1887 2032 marum,
1912 1963 1984 2017 vo·

617 2055 723 2127 lantes
750 2055 834 2127 alter
860 2055 902 2128 ad
929 2056 1085 2146 alterum,
1113 2058 1276 2150 clamant,
1303 2059 1550 2148 vacuemur,
1577 2069 1611 2131 et
1636 2057 1755 2130 (ficunt

720 2170 882 2264 Populos.
909 2172 1061 2246 Sanctus.

721 2284 897 2360 &endor
933 2289 1125 2363 incitantur.
1163 2290 1306 2362 Sanctus
1345 2313 1384 2363 es
1409 2291 1568 2389 Domine,
1604 2288 1699 2361 Dens
1733 2298 1875 2387 potens,
1907 2311 1981 2363 cum

616 2405 788 2496 unigenito
814 2399 901 2476 Filio
927 2413 1004 2493 tuo,
1030 2415 1065 2477 et
1090 2404 1215 2502 Spiritu
1241 2413 1299 2478 tuo
1324 2415 1461 2494 sancto,
1487 2428 1552 2477 una
1577 2413 1696 2478 natura
1728 2404 1888 2480 indiviam
1923 2407 1977 2501 qut

620 2526 673 2591 est
698 2528 832 2591 sanctus
857 2529 893 2593 et
917 2521 1128 2593 sanctificans
1154 2524 1264 2595 omnia
1290 2523 1412 2593 virtute
1437 2521 1616 2594 divinitatis
1648 2539 1740 2593 suaa.
1792 2522 1896 2593 Pater
1929 2521 1982 2617 qd

617 2636 707 2706 misit
739 2632 858 2707 Fflium
894 2658 988 2709 suum
1015 2636 1225 2709 adsalutem
1255 2646 1420 2709 nostrum:
1460 2645 1495 2708 et
1524 2634 1628 2709 Filius
1663 2637 1718 2732 qui
1748 2634 1922 2710 descendi
1950 2641 1983 2708 et

618 2752 809 2822 incarnatus
835 2759 903 2839 est,
930 2772 1051 2847 passus
1078 2761 1112 2823 et
1137 2751 1314 2826 crucifixus
1334 2761 1473 2850 propter
1489 2754 1667 2845 imaginem
1688 2773 1782 2825 sunm
1798 2771 1886 2849 quaa
1901 2769 1982 2824 cor-

621 2874 718 2960 rupta
743 2864 867 2938 iuerat:
893 2864 1103 2964 Spiritrsque
1128 2872 1228 2941 vivus
1255 2877 1291 2940 et
1316 2868 1525 2942 sanctificans
1552 2866 1713 2941 sacrificia
1739 2866 1862 2940 divim

720 2979 870 3053 Eteonos
895 3005 1019 3054 uocem.
1047 2982 1130 3056 Cum
1167 2995 1275 3057 antem
1312 2983 1354 3057 od
1380 2987 1572 3081 passionem
1602 2982 1782 3056 salutarem
1812 2982 1982 3056 voluntat

616 3119 678 3169 sna
711 3101 879 3189 venisset,
913 3111 1050 3195 propter
1083 3098 1223 3172 salutem
1259 3109 1426 3190 nostram,
1461 3121 1581 3195 panem
1617 3121 1718 3196 snper
1747 3119 1866 3172 manus
1905 3119 1981 3172 suas

616 3223 766 3304 sanctas,
798 3217 832 3286 in
867 3214 973 3288 oculis
1008 3223 1137 3287 turmae
1171 3214 1406 3312 discipulorum
1437 3235 1571 3287 suorum
1607 3216 1762 3311 accepitt'
1783 3203 1918 3311 aspexit
1950 3217 1982 3286 in

617 3329 768 3420 coelum,
794 3333 920 3423 gratias
947 3333 1035 3424 egit,
1061 3336 1083 3414 'r
1107 3330 1297 3418 benedixit,
1323 3337 1345 3415 'r
1371 3338 1406 3403 et
1436 3329 1665 3421 sanctificavit,
1691 3335 1712 3412 †
1743 3326 1848 3421 tregit
1872 3325 1982 3402 dett-

616 3467 681 3538 que
709 3444 879 3541 Apostolis
906 3449 975 3519 suis
1002 3449 1124 3520 sanctis
1151 3456 1185 3518 et
1211 3446 1312 3519 dixit:
1338 3449 1492 3543 Accipite
1511 3445 1707 3518 manducata
1732 3466 1780 3517 ex
1803 3464 1858 3515 eo.
1910 3442 1982 3517 noe

518 3587 521 3593 ¹
617 3570 670 3631 ast
695 3583 819 3657 corpus
845 3584 969 3651 meum,
997 3561 1083 3658 quod
1110 3585 1173 3658 pro
1200 3563 1318 3651 vobis,
1345 3572 1379 3634 et
1404 3583 1466 3658 pro
1498 3560 1649 3634 omnibus
1683 3563 1716 3631 in
1747 3579 1803 3633 ma
1835 3557 1982 3631 creden-

617 3673 703 3745 tibus
731 3673 892 3768 frangitur
917 3688 952 3750 et
978 3677 1150 3766 dividitur,
1177 3679 1219 3750 ad
1246 3683 1473 3775 expiationem
1507 3676 1717 3766 delictorum,
1749 3678 1981 3748 remissionem

616 3801 830 3885 peccatorum
858 3804 891 3865 et
917 3796 1019 3865 vitam
1044 3794 1186 3866 futuram
1211 3798 1244 3866 in
1272 3793 1415 3867 saecula.
2031 3789 2035 3800 '

722 3907 881 4002 Populus.
908 3910 1027 3981 Amen.

720 4022 903 4098 Sacerdos.
929 4024 972 4097 Et
999 4036 1075 4121 post
1100 4046 1240 4099 coenam
1268 4050 1362 4100 suam
1388 4026 1475 4099 iilam
1502 4027 1686 4122 mysticam,
1711 4026 1814 4097 etiam
1837 4044 1886 4094 ax
1903 4022 1983 4094 vino

617 4146 651 4209 et
677 4161 763 4233 aqua
789 4143 919 4236 accepit
944 4141 1101 4230 calicem,
1128 4145 1320 4238 gratiasque
1346 4146 1417 4236 egit
1441 4162 1544 4237 super
1569 4139 1674 4243 illum,
1699 4145 1721 4223 'r
1746 4149 1782 4210 et
1798 4136 1986 4228 benedixit,

494 4239 509 4274 ⁶
616 4258 637 4334 t
671 4251 907 4344 sanctificavit,
934 4264 955 4338 †
987 4268 1021 4330 et
1048 4257 1137 4329 dedit
1162 4266 1288 4330 turmas
1314 4257 1552 4354 Apostolorum
1579 4277 1715 4328 suornm
1733 4264 1767 4326 at
1792 4252 1878 4325 dixit
1903 4251 1985 4326 ntis:

615 4366 679 4438 Hic
706 4377 758 4439 est
784 4369 873 4441 calix
908 4376 1077 4465 sanguinis
1112 4376 1193 4461 mai,
1228 4372 1320 4445 Novi
1352 4374 1576 4461 Testamenti,
1615 4372 1771 4467 accipite,
1804 4367 1912 4442 bibite
1938 4389 1987 4442 ax

616 4504 659 4555 eo
688 4504 822 4556 omnes:
851 4488 915 4558 iste
942 4488 1115 4560 affunditur
1140 4511 1203 4585 pro
1229 4492 1301 4560 vita
1317 4488 1438 4578 muudi,
1465 4487 1507 4559 ad
1534 4490 1758 4583 expiationem
1775 4485 1988 4573 delictorum,

616 4602 848 4673 remissionem
875 4614 1101 4698 peccatorum,
1129 4605 1281 4677 omnibus
1307 4608 1341 4676 in
1366 4628 1420 4676 me
1446 4601 1655 4676 credentibus
1681 4606 1714 4673 iu
1737 4599 1873 4675 saecula
1899 4621 1991 4674 sae-

617 4714 774 4787 culorum.

720 4831 880 4924 Populos.
907 4833 1027 4906 Amen.

720 4945 904 5020 Sacerdos.
930 4950 980 5021 lta
999 4949 1129 5023 iacietis
1148 4952 1181 5020 iu
1196 4970 1305 5021 meam
1318 4949 1684 5021 commemorationem:
1710 4948 1993 5045 quotiescumque

617 5064 705 5133 enim
731 5061 970 5136 manducabitis
997 5065 1245 5138 Sacramentum
1258 5065 1335 5153 hoc,
1362 5063 1493 5137 ethuuo
1511 5066 1706 5155 sanguinem
1731 5060 1867 5152 bibatis,
1885 5083 1993 5139 mot·-

616 5185 683 5247 tem
710 5199 817 5248 meam
845 5180 1083 5255 annunciabitis
1110 5182 1218 5254 donec
1243 5184 1386 5253 veniam.

723 5292 880 5385 Populus.
907 5295 1025 5370 Mortis
1051 5307 1148 5388 tuae,
1173 5297 1336 5383 Domina,
1363 5299 1555 5369 memoriam
1582 5298 1730 5390 agimus,
1756 5301 1820 5369 etc.
