5150 6534
862 842 989 927 somn
1014 844 1286 921 nntnmonn
1313 845 1344 922 s.
1369 845 1542 949 tonnus.
1813 848 1891 925 eso

621 1030 783 1126 Populos.
837 1030 957 1101 Amen.

531 1175 532 1178 ¹
620 1127 806 1217 Sacerdosss
858 1142 941 1217 Pax.

620 1260 781 1354 Populos.
833 1257 989 1357 Etcum,
1017 1270 1080 1332 etc.

618 1375 805 1446 Diaconos.
857 1375 977 1447 lterum
1005 1384 1104 1469 atque
1131 1378 1257 1446 iterum.

555 1472 560 1482 ’
618 1489 802 1563 Sacerdos.
855 1490 937 1562 lesu
964 1488 1095 1563 Christe
1121 1490 1215 1562 Deus
1242 1501 1370 1578 noster,
1397 1496 1452 1587 qui
1478 1515 1540 1587 per
1565 1491 1770 1568 voluntatem
1786 1505 1884 1584 mam,

514 1617 550 1678 et
575 1605 684 1678 Patris
710 1608 788 1695 tui,
805 1614 839 1676 et
871 1604 1013 1701 Spiritus
1050 1609 1094 1677 tui
1121 1608 1228 1678 sancti
1258 1628 1321 1701 pro
1348 1605 1445 1681 nobis
1472 1608 1660 1681 immolatus
1686 1631 1744 1701 es,
1771 1621 1805 1683 et
1831 1616 1887 1683 ci-

513 1718 602 1810 basti
635 1743 702 1793 nos
733 1741 878 1815 corpore
911 1729 966 1792 tuo
1006 1724 1106 1810 vivo,
1140 1731 1174 1792 et
1206 1725 1370 1813 sanguine
1401 1732 1457 1796 tuo
1498 1728 1731 1819 propitiatorio
1763 1730 1888 1822 potasti

512 1857 592 1923 nos,
619 1830 778 1919 confirma
811 1857 874 1908 nos
901 1838 935 1908 in
966 1839 1104 1908 caritate
1132 1844 1205 1935 tua:
1239 1837 1341 1934 imple
1371 1860 1435 1910 nos
1468 1842 1586 1912 timore
1618 1850 1692 1914 tuo:
1725 1840 1886 1915 lundein
1976 1931 1978 1934 ¹

512 1947 610 2026 nohis
635 1950 735 2023 fidem
760 1961 865 2028 tuanm
893 1973 975 2024 orna
1002 1973 1065 2025 nos
1092 1953 1183 2024 vitae
1209 1954 1339 2025 ratione
1370 1952 1578 2050 inculpabili,
1606 1966 1640 2027 et
1667 1954 1791 2029 dimitte
1817 1938 1903 2029 de?

511 2064 590 2138 licta
616 2076 731 2139 nostro
757 2064 1064 2163 defunctorumque,
1092 2077 1127 2139 nt
1153 2081 1314 2163 perpetuo
1342 2079 1376 2141 et
1409 2073 1498 2141 omni
1532 2081 1681 2166 tempore
1708 2073 1883 2166 glorifice-

511 2202 587 2255 mus
614 2192 659 2268 te,
687 2191 721 2253 ct
745 2183 879 2253 Patrem
906 2194 1005 2269 turum,
1035 2192 1070 2253 et
1093 2182 1251 2279 Spiritton
1278 2196 1366 2256 tuum
1393 2195 1553 2274 sanctum,
1580 2208 1677 2259 nunc.

617 2288 987 2390 Hmmm.ian'

613 2411 802 2511 Diaconos.
854 2413 1002 2485 Benedic
1027 2414 1183 2501 Domine,
1211 2421 1274 2484 etc.

616 2527 801 2600 Sacerdos.
854 2528 1001 2600 Benedio
1028 2529 1189 2601 omnibus.

615 2643 803 2715 Diaconos.
856 2643 1057 2716 Benedioom
1084 2643 1270 2715 Dominum.

905 3383 987 3570 nn
1039 3453 1491 3571 nnnunomn

605 3694 985 3788 nononis
1048 3695 1784 3803 onnlso‘snonnn.

1106 3903 1280 3988 lldl'dl.

595 4146 624 4211 l.
654 4133 785 4229 Turonos
816 4147 903 4227 hujus
933 4147 1102 4232 Liturgiae,
1132 4155 1164 4210 ut
1195 4147 1245 4210 alii
1278 4146 1432 4228 plerique,
1464 4144 1501 4205 ad
1532 4145 1748 4208 conciliandam
1778 4147 1807 4209 ei
1837 4166 1878 4208 ex

504 4248 631 4313 loannis
647 4238 856 4331 Chrysostomi
873 4252 990 4313 nomine
1013 4250 1187 4333 dignitatem
1210 4251 1353 4313 momenti
1376 4247 1484 4310 nullius
1508 4257 1564 4322 est,
1588 4265 1654 4309 cum
1677 4255 1710 4309 ut
1725 4251 1876 4330 superior,

505 4365 545 4411 ne
567 4348 666 4411 levem
688 4347 807 4429 quidem
829 4356 929 4433 notam
952 4348 1060 4411 habeat
1082 4349 1279 4412 similitudinis
1302 4367 1369 4410 cum
1393 4346 1519 4424 Graeca,
1542 4346 1599 4409 nisi
1620 4346 1773 4428 generalis
1795 4347 1875 4410 illius

505 4448 636 4510 omnium
658 4446 828 4509 Olliciorum
851 4446 1046 4510 Orientalium
1069 4448 1147 4510 inter
1170 4468 1221 4526 se,
1246 4450 1327 4510 circa
1349 4446 1580 4527 praecipuorum
1603 4445 1779 4510 Orationem
1801 4464 1877 4509 sen-

504 4546 627 4609 tentiam
650 4545 877 4609 conformitatis.
912 4546 972 4609 Sed
995 4546 1097 4610 titulos
1119 4546 1287 4629 hujusmodi
1309 4546 1485 4627 frequenter
1507 4543 1663 4625 adjunctos
1685 4546 1822 4609 uidemus
1845 4548 1874 4607 in

505 4642 668 4707 Codioibus
697 4645 770 4715 llss.
801 4653 834 4707 ut
855 4647 886 4707 in
907 4645 1039 4721 Romano
1069 4646 1220 4722 editione,
1250 4663 1328 4727 quae
1358 4645 1437 4706 hano
1466 4642 1875 4727 Liturgiamlchrysostomo
1962 4664 1965 4669 ·

502 4742 618 4819 uincit,
640 4762 707 4806 cum
730 4745 760 4806 in
777 4743 849 4807 llss.
871 4744 1022 4808 nonnullis
1045 4744 1133 4808 alteri
1152 4745 1261 4808 loanni
1273 4744 1421 4811 tribuatur
1443 4743 1494 4823 qui
1517 4742 1718 4804 etllarranito
1740 4749 1875 4804 vocatur.

503 4840 555 4905 Au
576 4843 702 4925 patrium
723 4842 790 4923 ejus
813 4843 954 4927 designet
975 4845 1001 4905 is
1024 4844 1143 4922 titulus,
1174 4862 1212 4905 an
1239 4842 1451 4925 Episcopolem
1481 4840 1655 4925 dignitatem
1687 4842 1752 4921 ejus
1781 4840 1875 4915 orbis,

503 4940 666 5004 noscimus.
711 4942 779 5003 Fuit
800 4959 874 5005 sanc
897 4942 1031 5021 Horren,
1055 4961 1143 5023 quam
1167 4943 1276 5006 Gracci
1300 4941 1429 5005 Charras
1452 4948 1578 5019 vocant,
1601 4940 1675 5002 urbs
1698 4942 1728 5002 in
1751 4939 1876 5001 historia

504 5036 647 5117 celebris,
671 5042 850 5120 pracsertim
875 5040 960 5102 clude
984 5040 1103 5104 Crassi:
1125 5048 1155 5103 et
1177 5044 1206 5103 in
1231 5061 1268 5105 ea
1286 5040 1442 5104 Jacobitae
1464 5037 1646 5120 Episcopum
1668 5037 1836 5101 habuerunt
1858 5056 1875 5099 a

502 5135 603 5199 multis
626 5138 766 5221 saeculis.
808 5140 997 5221 Frequenter
1018 5156 1112 5221 porro
1124 5139 1292 5216 Jacobitce,
1315 5148 1366 5203 aot
1388 5158 1445 5220 per
1465 5138 1674 5221 ignorantiam,
1697 5144 1748 5200 eut
1761 5135 1875 5199 fraudis

501 5233 659 5299 iaciendas
681 5238 850 5318 proposito,
873 5239 990 5300 nomina
1005 5237 1153 5301 Diuorum
1175 5239 1474 5303 autPatriarcharum
1497 5255 1631 5316 suorinn,
1654 5254 1782 5318 quonum
1795 5235 1874 5317 apud

501 5333 579 5397 alios
602 5333 788 5399 Christianos
811 5338 955 5400 memoria
976 5353 1038 5399 non
1060 5336 1139 5399 bona
1162 5345 1246 5419 erat,
1275 5338 1340 5402 aliis
1364 5344 1640 5413 commutaverunt,
1669 5335 1752 5418 quod
1779 5353 1874 5416 saepe

533 5455 639 5536 nonus
654 5456 696 5501 rt¹
1614 5439 1663 5514 36
