5150 6534
1107 809 1466 888 liutuald

701 1000 886 1096 Sacerdos.
937 996 1189 1073 Misericordiae
1213 998 1278 1069 Dei
1304 999 1370 1071 sint
1393 994 1580 1071 vobiscum.
1635 1067 1636 1072 ,

703 1117 864 1209 Populus.
915 1115 960 1188 Et
985 1137 1060 1189 cum
1085 1116 1201 1210 spiritu
1225 1122 1293 1185 tuo.

565 1319 567 1322 ¹
703 1217 883 1305 Diaconos
909 1232 982 1303 otta
1006 1253 1095 1305 eoae
1116 1228 1574 1324 mocundatcotbcticom,

702 1347 887 1421 Sacerdos.
941 1343 1116 1420 Credimus
1143 1356 1176 1417 et
1203 1344 1401 1418 accedimus.

1031 1706 1152 1777 Oratio
1180 1710 1260 1775 ante
1284 1705 1386 1777 Pater
1412 1713 1536 1777 noster.

703 1928 893 2002 Adoramus
931 1939 985 2014 te,
1018 1928 1112 2000 Deus
1146 1927 1247 2000 Pater
1276 1917 1504 2023 omnipotens,
1535 1936 1686 2017 meatur,
1719 1937 1756 1999 et
1787 1926 1975 2023 duposboe

601 2045 791 2132 visibilium,
818 2053 852 2115 et
876 2041 1106 2132 invisibilium,
1134 2048 1188 2139 qui
1215 2065 1253 2116 es
1280 2042 1494 2116 absconditus
1520 2053 1556 2115 et
1579 2041 1814 2130 iuscmtabilis,
1846 2044 1974 2117 leeda-

599 2159 693 2250 bilis,
720 2171 755 2232 et
779 2158 1043 2242 interminabilis:
1070 2163 1168 2253 origo
1195 2158 1292 2248 boni,
1324 2171 1358 2231 et
1390 2159 1469 2233 fons
1501 2162 1593 2232 vitae
1627 2157 1754 2253 absque
1781 2163 1972 2257 principio:

599 2277 678 2349 Rex
703 2298 838 2368 regum,
866 2286 899 2349 et
923 2275 1085 2349 Dominus
1103 2275 1330 2369 Angelorum
1358 2278 1412 2370 qui
1429 2275 1628 2349 sublimitate
1644 2286 1700 2346 tna
1721 2275 1972 2363 excelsissima,

602 2414 703 2487 super
728 2401 874 2478 datuurus,
901 2400 1098 2487 potestates,
1125 2402 1159 2463 et
1178 2392 1313 2464 ordines
1328 2413 1456 2481 omnes,
1483 2392 1726 2463 circumfereris
1752 2412 1857 2486 super
1871 2390 1971 2463 lbra-

601 2530 679 2579 num
707 2517 877 2579 aeternum
905 2511 1088 2600 majestatis
1116 2518 1191 2579 tuae
1218 2511 1251 2578 iu
1278 2508 1440 2579 excelsis:
1468 2510 1523 2602 qui
1552 2507 1670 2579 videns
1697 2529 1805 2599 genus
1820 2518 1970 2581 nostum

600 2628 634 2695 in
660 2622 810 2718 periculo
846 2626 1075 2713 constitutum,
1115 2623 1191 2695 dum
1226 2626 1412 2715 ignorantie
1444 2621 1614 2695 doctrinae
1640 2626 1732 2695 vitae
1764 2632 1970 2711 teneremur3

601 2762 667 2811 non
695 2738 875 2831 neglexisti
901 2761 1019 2833 opem,
1046 2748 1080 2810 et
1105 2762 1217 2810 curam
1245 2761 1328 2831 erga
1344 2761 1407 2812 nos
1421 2748 1519 2810 tuam.
1571 2737 1690 2811 Misisti
1705 2742 1793 2810 euim
1818 2738 1969 2834 prophe*

601 2867 653 2928 tas
680 2859 835 2949 primum,
863 2863 897 2925 ut
922 2857 1178 2962 conversionem
1205 2854 1303 2927 nobis
1330 2853 1482 2926 omnibus
1507 2854 1628 2945 modis,
1655 2864 1689 2927 et
1707 2853 1968 2928 similitudinibus

601 2971 853 3067 praedicarent,
880 2969 1040 3065 ideoque,
1067 2979 1102 3041 et
1128 2980 1276 3066 tempora
1305 2971 1454 3063 elegisti,
1481 2970 1599 3065 quibus
1624 2969 1798 3045 nobiscum
1811 2993 1886 3066 -per
1913 2969 1968 3041 di-

601 3088 720 3160 lectum
739 3085 871 3158 ‚unum
904 3097 993 3158 tuum
1028 3086 1158 3161 locutus
1193 3110 1269 3181 es,
1286 3090 1489 3178 unigenitum
1522 3085 1631 3177 illum,
1665 3092 1720 3181 qui
1754 3109 1803 3158 ex
1837 3095 1872 3158 ta
1907 3094 1967 3173 est,

602 3225 759 3298 germen,
785 3213 820 3276 et
845 3202 975 3298 prolem
1001 3225 1047 3273 cx
1073 3205 1147 3275 sinu
1175 3213 1242 3293 tuo,
1270 3212 1303 3275 et
1329 3203 1434 3275 solem
1462 3226 1508 3274 ex
1535 3202 1717 3277 substantie
1743 3213 1814 3293 tua,
1837 3204 1966 3274 verita-

601 3330 685 3408 tem,
712 3322 814 3390 vitam
841 3312 875 3389 et
901 3318 1059 3407 salutem3
1086 3321 1141 3413 qui
1169 3322 1278 3392 carnis
1305 3342 1449 3414 experS,
1475 3323 1663 3392 incarnatus
1690 3328 1760 3391 est:
1787 3328 1822 3392 ct
1849 3321 1966 3391 incur-

601 3459 742 3532 poreus,
768 3456 891 3528 corpus
919 3438 1111 3530 assumpsit:
1139 3439 1193 3530 qui
1219 3433 1392 3508 nobiscum
1419 3438 1453 3506 in
1485 3445 1576 3507 terra
1611 3443 1851 3524 conversatus,
1884 3455 1966 3507 ora-

601 3557 725 3624 tionem
759 3558 931 3645 paternam
965 3573 1028 3624 nos
1063 3550 1192 3640 docuit,
1232 3562 1265 3622 et
1297 3551 1493 3624 sacrificium
1530 3554 1602 3623 sine
1635 3550 1774 3622 macula.
1837 3549 1967 3623 Oblatio

603 3664 830 3760 acceptabilis,
857 3675 892 3737 et
917 3665 1001 3739 odor
1027 3669 1141 3738 suevis
1167 3688 1230 3760 pro
1256 3666 1354 3739 nobis
1370 3670 1488 3755 extitit,
1515 3677 1548 3739 et
1562 3671 1722 3762 mysteria
1739 3665 1825 3739 baec
1843 3676 1967 3750 sanctu
2025 3697 2033 3717 ·

604 3792 637 3852 et
663 3786 754 3858 vitae
779 3780 879 3875 plena
905 3780 1001 3853 nobis
1027 3782 1169 3853 tradidit.
1224 3781 1275 3852 Tu
1302 3804 1385 3874 ergo
1412 3781 1571 3871 Domine,
1598 3785 1722 3878 pertice
1752 3804 1817 3855 nos
1852 3784 1887 3852 in
1912 3780 1969 3852 di-

604 3896 742 3990 sciplina
770 3901 874 3992 ipsius
901 3899 1155 3992 sapientissima,
1182 3908 1217 3967 ut
1243 3901 1351 3969 animo
1378 3921 1474 3993 puro,
1502 3902 1704 3972 conscientia
1722 3897 1909 3984 defaecata,
1935 3905 1970 3968 et

603 4011 716 4105 lingna
743 4014 841 4107 plena
868 4011 1088 4101 exultatione,
1116 4014 1295 4087 clamemus
1322 4013 1363 4085 ad
1378 4024 1427 4103 te,
1456 4036 1601 4105 oremus,
1627 4024 1661 4086 et
1681 4006 1846 4086 dicamus:
1869 4014 1970 4086 Pater

604 4139 718 4202 noster
745 4131 799 4224 qni
827 4150 864 4200 es
890 4131 923 4198 iu
951 4129 1064 4200 coelis.

704 4244 864 4338 Populus.
918 4243 1166 4332 Sanctificetur,
1193 4255 1256 4316 etc.

707 4360 889 4431 Sacerdos.
943 4360 1048 4430 Tuum
1075 4371 1127 4431 est
1154 4362 1240 4431 enim
1253 4362 1415 4448 Domine,
1441 4363 1629 4454 imperium,
1657 4362 1781 4448 virtus,
1807 4362 1973 4455 petendu,

604 4499 764 4568 regnum,
793 4487 826 4548 et
851 4476 1011 4564 laudatio,
1037 4488 1201 4572 potesque
1228 4480 1361 4571 eripere
1388 4500 1449 4550 nos
1478 4500 1498 4546 a
1525 4478 1631 4567 malo,
1665 4486 1699 4547 et
1731 4476 1773 4548 ab
1810 4476 1974 4573 operibus

605 4598 694 4687 ejus,
722 4603 755 4664 et
781 4591 822 4663 ab
851 4592 1139 4687 oppressionibus,
1174 4594 1426 4681 tentationibus,
1462 4603 1497 4664 et
1531 4581 1637 4685 virgis
1668 4592 1810 4679 furoris,
1845 4603 1883 4665 et
1916 4594 1976 4666 ti-

605 4714 734 4780 mittere
767 4719 921 4805 peccata,
959 4718 992 4779 et
1026 4708 1146 4780 delicta
1171 4718 1285 4781 nostra
1317 4731 1379 4803 per
1411 4707 1641 4780 abundantiam
1674 4731 1828 4801 magnam
1862 4715 1978 4783 mise-

605 4824 770 4897 ricordiae
807 4837 905 4913 tuae,
939 4834 973 4896 ut
1005 4825 1080 4896 dum
1122 4825 1344 4896 sanctificatur
1377 4828 1407 4895 in
1441 4826 1538 4897 nobis
1571 4847 1693 4897 nomen
1724 4836 1833 4914 mum,
1871 4838 1908 4898 et
1941 4831 1979 4898 in

605 4937 701 5011 nobis
728 4950 784 5012 tua
810 4940 964 5014 voluutas
997 4941 1182 5036 perficitur,
1215 4948 1249 5011 te
1283 4939 1473 5034 laudemus,
1507 4952 1640 5032 sanate,
1675 4950 1709 5012 et
1738 4938 1858 5012 Filium
1894 4944 1980 5013 uni-

608 5058 762 5146 genitum.

711 5170 870 5263 Populus.
923 5174 1041 5245 Amen.

709 5284 890 5359 Sacerdos.
942 5290 1017 5360 Pax
1043 5287 1141 5362 vobis
1169 5288 1330 5360 omnibus.
