5150 6534
601 842 678 917 oto
1105 840 1467 921 iltuitdll

601 1026 685 1088 dices
707 1033 947 1107 repraesentant,
970 1024 1105 1090 nonnulli
1128 1044 1194 1088 eam
1213 1024 1360 1106 Dionysio
1375 1024 1521 1090 Rarsalibi
1533 1028 1710 1109 attribuunt,
1733 1028 1865 1093 dicenda
1886 1031 1979 1111 paulo

601 1132 671 1187 ante
695 1123 951 1188 Communionem.
1002 1123 1067 1211 lloc
1096 1130 1142 1184 cst
1163 1139 1275 1202 comtos
1297 1124 1385 1185 istius
1406 1124 1582 1205 seminis:
1604 1127 1655 1189 hic
1676 1135 1722 1191 cst
1743 1131 1871 1209 conpr&
1892 1130 1982 1194 arta:

602 1225 750 1304 corporis.
795 1224 915 1304 Rogant
943 1224 1036 1306 igitur
1064 1231 1097 1284 ut
1119 1222 1246 1301 Spiritus
1274 1228 1396 1283 sanctus
1425 1241 1534 1302 panem
1557 1232 1588 1287 ct
1610 1224 1734 1288 calicem
1764 1225 1857 1289 iaciat
1885 1244 1979 1291 unum

605 1340 716 1402 corpus
738 1331 769 1386 et
791 1324 983 1406 sanguinem:
1006 1322 1065 1384 hoc
1088 1329 1145 1398 ost,
1172 1327 1297 1382 utoum
1319 1323 1494 1400 mysterium
1510 1331 1746 1387 consummatum
1767 1332 1828 1403 est,
1851 1332 1981 1407 atraque

605 1423 737 1501 speeies,
760 1430 820 1485 tam
841 1422 941 1499 simul,
964 1439 1052 1502 quarn
1079 1420 1197 1483 divisim
1227 1428 1406 1482 consecrata
1435 1420 1487 1482 vel
1514 1429 1627 1500 sumta,
1656 1441 1747 1485 unum
1775 1424 1816 1485 sit
1844 1432 1982 1487 sanctum

495 1562 497 1565 ι
606 1511 644 1584 ud
668 1509 762 1603 ἅγιον
783 1520 842 1583 boo
865 1527 912 1582 est
934 1538 992 1581 una
1015 1519 1213 1596 Eucharistia,
1237 1534 1327 1579 unum
1342 1527 1574 1599 sacramentum,
1597 1522 1734 1601 aequale,
1757 1529 1789 1584 ut
1811 1522 1931 1586 scilieet
1951 1532 1983 1587 ct

586 1621 637 1704 ¹in
660 1638 738 1699 pane
762 1637 874 1699 corpus
899 1626 929 1680 et
952 1618 1085 1698 sanguis,
1109 1626 1142 1678 et
1165 1618 1194 1677 in
1218 1616 1312 1677 calice
1334 1617 1458 1699 sanguis
1482 1624 1633 1699 eteorpus
1656 1619 1825 1699 aequaliter
1847 1621 1982 1684 credan-

608 1724 672 1779 tur:
695 1718 821 1797 aepaole
844 1717 931 1779 etiarn
962 1716 1092 1793 idcirco,
1121 1717 1191 1796 quia
1220 1723 1378 1794 utrumque
1407 1715 1462 1776 sub
1490 1715 1633 1778 alterutra
1663 1719 1766 1799 speeie
1795 1720 1982 1782 continetur:

607 1818 763 1898 :mysticam
785 1817 850 1877 sive
873 1816 1103 1892 sacramentale,
1126 1821 1159 1875 ut
1181 1815 1295 1894 pariter
1317 1814 1394 1875 verti
1417 1821 1527 1893 potest,
1551 1815 1620 1895 quia
1642 1815 1713 1878 licet
1735 1834 1811 1879 vere
1833 1823 1865 1879 et
1888 1817 1983 1881 reali-

609 1922 666 1989 ter,
689 1916 815 1994 mystice
837 1922 936 1976 tamen
959 1914 1001 1991 lit,
1025 1915 1093 1993 quia
1116 1930 1177 1975 non
1199 1909 1384 1974 sensibiliter
1407 1911 1448 1991 ht,
1472 1912 1527 1975 sed
1551 1912 1581 1974 in
1604 1921 1804 1979 sacramento.
1845 1913 1891 1978 lta
1913 1917 1982 1980 illos

609 2014 737 2075 credere
760 2020 790 2074 et
812 2012 902 2074 multa
925 2013 981 2074 alia
1005 2012 1170 2074 firmissima
1194 2019 1370 2093 argumenta
1400 2012 1617 2087 demonstrant,
1646 2020 1678 2075 et
1706 2015 1847 2093 maxime,
1869 2006 1983 2096 optima

608 2108 678 2171 fidei
701 2113 852 2192 interpres
875 2112 1045 2191 disciplina:
1069 2110 1233 2173 secundum
1256 2128 1345 2189 quarn
1363 2110 1486 2172 inlirmis
1509 2109 1601 2191 longe
1623 2111 1730 2191 positis
1752 2113 1850 2175 solum
1873 2129 1983 2195 mirem

609 2218 819 2271 consecratum
842 2211 975 2273 mittunt:
999 2209 1159 2272 infantibus
1182 2209 1508 2288 solamvinispeciem,
1530 2218 1563 2270 ut
1585 2209 1656 2271 alibi
1679 2209 1775 2274 iusius
1797 2212 1982 2291 explicatum

609 2315 664 2369 est.
709 2308 852 2370 Eamdem
876 2310 1060 2380 ,sententiam
1083 2309 1148 2370 aliis
1171 2310 1285 2385 verbis,
1309 2307 1362 2370 sed
1386 2306 1464 2369 idern
1487 2308 1742 2390 significantibus,
1773 2312 1930 2392 expressit
1951 2312 1983 2374 in

607 2404 742 2487 Liturgia
766 2424 821 2468 sua
845 2409 1012 2490 Gregorius
1035 2406 1265 2490 Abuliaragius‚
1296 2408 1325 2467 in
1349 2425 1407 2487 quo
1431 2407 1544 2488 gratias
1575 2409 1638 2490 agit
1668 2408 1734 2470 Deo
1759 2418 1889 2489 propter
1909 2410 1983 2474 illaad

607 2524 715 2566 marnas
743 2507 868 2585 duplex,
898 2507 979 2587 qaod
1007 2506 1176 2585 duplicibus
1198 2507 1325 2580 dedisti,
1355 2506 1492 2584 poenicis
1522 2512 1621 2566 tanrerr
1650 2526 1741 2567 anam
1767 2510 1809 2568 sit
1834 2516 1865 2569 ct
1892 2512 1982 2571 anim

609 2610 709 2684 typam
732 2605 882 2667 exhibeat.
905 2604 1025 2684 Duplex
1047 2621 1154 2665 munus
1177 2611 1264 2666 vocat
1285 2622 1394 2684 panem
1423 2610 1453 2664 et
1480 2605 1592 2682 vinum,
1615 2602 1693 2665 iacta
1717 2622 1828 2686 corpus
1852 2614 1884 2668 et
1906 2623 1981 2669 sau-

607 2703 677 2784 guis
700 2702 821 2778 Christi,
845 2704 944 2766 datum
968 2704 1145 2781 bominibus,
1170 2706 1221 2783 qui
1250 2709 1389 2765 constant
1412 2721 1452 2763 ex
1474 2719 1605 2782 corpore
1635 2711 1665 2765 et
1694 2706 1804 2767 anima:
1843 2704 1979 2786 quam

607 2809 707 2864 tamen
730 2821 835 2866 munus
858 2803 931 2865 illud
953 2820 1043 2864 unum
1066 2804 1114 2882 sit,
1138 2804 1208 2883 quia
1230 2819 1321 2863 unum
1344 2808 1409 2878 est,
1432 2802 1462 2862 in
1484 2802 1596 2881 duplici
1618 2804 1723 2882 specie
1746 2812 1978 2882 sacramentum,

607 2909 637 2961 et
660 2902 747 2964 unius
771 2911 874 2984 typum
896 2903 1029 2978 exhibet,
1051 2901 1120 2982 quia
1143 2908 1466 2963 sacramentumunurn
1492 2908 1540 2962 est
1561 2920 1598 2963 ea
1622 2919 1680 2980 qua
1702 2920 1774 2965 mox
1796 2902 1911 2965 dictum
1933 2910 1981 2964 est

606 3003 734 3079 ratione,
758 3001 968 3081 Christumque
991 3019 1080 3063 unum
1104 3019 1165 3062 non
1188 3018 1319 3080 persona
1348 3000 1464 3077 solum,
1495 2999 1549 3060 scd
1578 3008 1702 3078 natura,
1732 3008 1766 3063 ut
1794 3001 1978 3079 existimant,

606 3108 817 3179 repraesentat
840 3109 871 3163 et
894 3100 1025 3163 exbibet.
1071 3100 1145 3161 Narn
1169 3118 1209 3161 ex
1230 3098 1434 3180 praejudicata
1462 3098 1513 3160 illa
1535 3116 1591 3160 sua
1614 3100 1767 3179 opinione,
1790 3100 1863 3163 licet
1886 3117 1979 3179 prae-

607 3198 688 3259 clare
711 3199 749 3260 de
772 3199 979 3262 Eucharistiae
1002 3198 1061 3261 [ide
1084 3198 1228 3275 scribant,
1252 3205 1429 3278 argumenta
1443 3196 1565 3273 ducunt,
1588 3216 1666 3278 quae
1687 3198 1767 3260 illam
1790 3216 1979 3282 magnopere

607 3298 790 3360 confirmant.

1014 3552 1565 3602 ψ-

1099 3814 1103 3827 l

986 3929 1592 4111 LlTUllGlll

686 4262 923 4379 sulti
975 4264 1267 4381 ultori
1321 4261 1867 4406 intua-Putris

1047 4500 1261 4578 EPISCOPI
1292 4500 1541 4576 toussani..

923 4736 1074 4807 Primam
1102 4738 1223 4808 Oratio
1250 4743 1330 4806 ante
1358 4736 1505 4806 osculant
1531 4735 1648 4807 Pacis.

666 4931 783 5033 Dans
815 4959 915 5029 Pater
949 4961 1091 5028 omniurn
1124 4967 1158 5027 ct
1193 4956 1336 5029 Domine
1373 4957 1624 5044 dominantium,
1664 4958 1799 5056 genitor
1831 4962 1980 5028 aeterne

594 5078 649 5167 qui
677 5078 821 5166 genuisti
847 5072 965 5145 Filium
993 5080 1175 5159 aeternum,
1203 5082 1237 5142 et
1263 5073 1305 5145 ab
1334 5082 1485 5160 aeterno,
1511 5070 1876 5166 nequetemporaliter,
1905 5092 1980 5143 non

593 5186 812 5278 divisibiliter,
840 5198 896 5259 aut
922 5185 1134 5257 mutabiliter:
1162 5190 1235 5281 ipse
1261 5186 1338 5258 lons
1365 5190 1478 5280 pacis,
1513 5196 1547 5257 et
1581 5190 1678 5279 origo
1713 5183 1979 5280 tranquillitatis

593 5300 806 5398 abyssusque
833 5305 980 5373 caritatis
1006 5300 1196 5396 perlectae3
1225 5302 1275 5371 Tu
1302 5301 1443 5392 largitor
1470 5299 1557 5373 illius
1571 5302 1679 5396 pacis,
1704 5310 1843 5397 praesta
1871 5298 1980 5374 nobis
