5150 6534
781 1325 832 1430 ΙΝ
861 1324 1124 1417 tuuuutttt
1178 1324 1433 1418 CLEllllllllS
1464 1325 1648 1419 tobati

1100 1535 1129 1616 ll
1153 1534 1177 1617 a
1200 1534 1228 1617 l
1248 1534 1276 1615 l
1293 1534 1330 1617 l.

621 1797 649 1859 l.
671 1786 817 1864 Patarea
839 1795 938 1870 istam,
960 1792 1040 1856 nulla
1063 1794 1120 1855 alia
1149 1793 1229 1873 apud
1259 1793 1429 1856 Orientales
1453 1792 1599 1856 Clementi
1623 1788 1773 1877 adscripta
1796 1796 1900 1859 Litur-

533 1904 585 1987 gia
611 1902 763 1982 reperitur
793 1901 823 1959 in
845 1897 917 1959 blss.
941 1896 1120 1974 Codieibus,
1153 1896 1233 1977 quod
1264 1898 1369 1958 mirum
1399 1914 1473 1959 sane
1500 1897 1596 1959 videri
1629 1906 1752 1978 posset,
1780 1902 1899 1981 quando

534 1994 653 2085 quidem
680 2000 710 2061 in
741 1996 933 2061 Clementinis
962 1994 1230 2058 Constitutionibus
1261 2002 1344 2058 extat
1372 1997 1490 2077 integra
1517 1995 1596 2059 illius
1626 1997 1720 2061 forma
1750 1999 1827 2062 libro
1855 1999 1901 2062 8⁰.

533 2102 697 2182 descripta.
741 2101 853 2162 Verum
876 2098 1010 2178 quamvis
1032 2096 1148 2160 illarum
1177 2095 1429 2159 constitutionum
1451 2113 1525 2175 quas
1550 2096 1716 2174 Doacotia,
1745 2098 1901 2162 decurtato

533 2194 763 2273 Διδασκαλίας
784 2199 915 2273 nornine,
939 2197 1008 2277 Syri
1031 2203 1062 2259 et
1084 2196 1203 2258 Arabes
1237 2213 1349 2257 vocare
1371 2195 1481 2272 solent,
1505 2196 1662 2259 versiones
1692 2204 1723 2259 et
1752 2200 1901 2277 epitomae

533 2300 636 2382 plures
666 2300 858 2381 reperiantur
886 2297 918 2357 in
949 2293 1185 2358 Collectionibus
1213 2294 1377 2377 'Canonum
1414 2292 1569 2369 Arabicis,
1606 2295 1700 2357 ultimi
1727 2297 1805 2359 illius
1833 2294 1901 2358 libri

533 2399 702 2481 fragmenta
723 2404 837 2459 tantum
858 2393 984 2457 babent:
1013 2402 1044 2456 et
1072 2396 1097 2457 is
1125 2394 1201 2456 liber
1230 2396 1260 2455 in
1291 2393 1491 2456 vetustissima
1521 2393 1644 2473 Syriaca
1665 2397 1815 2459 versione
1839 2396 1902 2459 Co-

535 2496 609 2559 dicis
631 2496 797 2560 Florentini
819 2511 879 2555 non
902 2501 995 2555 extat.
1049 2492 1155 2573 Neque
1187 2493 1266 2575 apud
1297 2494 1448 2572 Graecos,
1480 2510 1498 2552 a
1528 2485 1635 2572 quibus
1667 2494 1901 2558 Constitutiones

534 2595 727 2677 Apostolieas
750 2594 818 2676 Syri
841 2601 872 2656 et
895 2592 945 2653 alii
967 2598 1167 2671 acceperunt,
1199 2593 1342 2655 memoria
1369 2590 1430 2653 ulla
1459 2598 1507 2653 est
1534 2589 1688 2677 Liturgiae
1720 2614 1796 2674 quae
1827 2592 1901 2656 Cle-

533 2696 626 2757 menti
648 2696 841 2767 tribueretur,
865 2691 934 2771 quia
956 2691 1072 2753 scilicet
1093 2691 1124 2751 in
1146 2690 1226 2753 nulla
1249 2689 1386 2753 Ecclesia
1410 2690 1535 2767 celebri,
1559 2699 1589 2752 ct
1612 2710 1689 2773 qaae
1713 2694 1779 2756 aliis
1801 2693 1901 2775 legem

517 2801 586 2856 ‘aut
608 2791 778 2874 exemplum
801 2793 874 2854 dare
896 2798 1011 2871 posset,
1034 2789 1130 2852 forma
1157 2793 1267 2852 rituum
1297 2798 1329 2853 et
1357 2792 1525 2853 orationum
1555 2791 1732 2873 singularis,
1760 2810 1800 2853 ex
1828 2790 1902 2853 Cle-

534 2894 674 2957 mentinis
697 2908 856 2974 expressa,
879 2891 907 2951 in
931 2908 987 2951 usu
1011 2889 1074 2953 luit.
1119 2890 1205 2952 Ratio
1235 2908 1291 2952 cur
1320 2891 1406 2952 istam
1428 2890 1585 2977 Jacobitpe
1615 2891 1841 2972 composuerint
1872 2898 1902 2952 et

535 2992 684 3057 Clementi
707 2990 896 3055 attribuerint
916 2988 1028 3051 frustra
1051 2997 1260 3069 quaereretur,
1283 2990 1340 3051 nisi
1357 2989 1508 3069 dignitatis
1522 3008 1610 3070 quarn
1633 3008 1809 3070 comparare
1832 2988 1901 3050 buic

535 3093 632 3155 obicio
663 3092 761 3155 conati
791 3096 860 3151 sunt
887 3106 927 3149 ex
954 3088 1073 3149 nomine
1104 3088 1161 3150 viri
1182 3088 1368 3169 Apostolici,
1397 3089 1481 3169 cujus
1510 3091 1683 3150 memoriam
1711 3090 1904 3149 inseruerunt

536 3191 695 3271 aliquoties
718 3190 749 3249 in
771 3186 926 3267 Diptycbis
949 3188 1024 3264 suis,
1046 3195 1078 3248 ut
1101 3189 1188 3248 etiam
1210 3189 1240 3248 in
1264 3186 1464 3249 Confessione
1486 3204 1574 3266 quam
1586 3184 1765 3248 Ordinandis
1790 3187 1902 3249 Sacer-

538 3290 657 3353 dotibus
680 3285 817 3368 praelegi
835 3284 922 3365 jubet
949 3285 1128 3348 Pontilicalis
1157 3286 1329 3361 blediceus3
1362 3294 1392 3348 et
1421 3286 1506 3367 cujus
1535 3286 1648 3366 aliquot
1670 3288 1844 3348 testimonia
1872 3287 1902 3347 in

536 3407 611 3453 suae
634 3385 783 3465 opinionis
806 3385 1003 3465 patrocinium
1026 3384 1161 3447 referunt
1188 3388 1218 3446 in
1249 3384 1461 3461 Collectaneis,
1486 3385 1652 3465 dequibus
1676 3405 1768 3466 saepe
1792 3386 1902 3447 dictum

536 3496 594 3551 est.
639 3486 706 3549 Non
730 3485 807 3547 edita
831 3493 878 3546 est
901 3485 930 3544 in
953 3483 1066 3562 blissali
1095 3484 1268 3552 Chaldaico,
1292 3503 1392 3564 neque
1423 3483 1544 3545 Gabriel
1566 3484 1678 3546 Sionita
1706 3486 1735 3546 in
1765 3485 1901 3564 Epistola
1978 3499 2111 3566 symmicto
2145 3496 2223 3551 Attae.

536 3587 575 3650 ad
598 3585 762 3661 Nihusium‚
787 3591 837 3644 aut
858 3582 1009 3644 Abrabam
1032 3582 1219 3646 Echellensis
1242 3584 1328 3645 Notis
1357 3584 1395 3645 ad
1419 3582 1626 3663 taenea-resa,
1648 3582 1726 3645 illius
1754 3585 1902 3647 memine—
1929 3605 1955 3655 p.
1974 3584 2036 3638 291.

535 3693 616 3763 runt,
641 3693 672 3747 et
693 3684 781 3765 pauci
805 3682 934 3746 Codices
956 3701 1021 3743 eam
1044 3691 1281 3764 repraesentant.
1332 3684 1440 3746 Versio
1464 3681 1542 3745 lacta
1565 3691 1611 3744 est
1634 3683 1671 3746 ad
1692 3683 1791 3746 bonae
1813 3691 1903 3745 notae

539 3782 683 3849 Codicem
706 3782 909 3846 Colbertinum
933 3778 1027 3844 3921.
1846 3855 1850 3867 .

624 3882 664 3945 Ut
685 3880 831 3961 probetur
853 3879 1016 3961 liturgiam
1046 3880 1132 3941 istam
1156 3878 1317 3942 Clementis
1339 3880 1463 3942 Romani
1493 3899 1568 3960 opus
1598 3898 1658 3942 non
1685 3901 1771 3958 esse,
1805 3881 1904 3943 multis

539 3981 642 4045 verbis
665 3999 725 4043 non
749 3998 825 4060 opus
848 3987 905 4057 est,
930 3997 996 4040 cum
1019 3997 1057 4040 ne
1087 3978 1184 4040 levem
1207 3980 1326 4059 quidem
1354 3979 1420 4041 talis
1449 3981 1630 4060 antiquitatis
1657 3989 1757 4043 notam
1785 3981 1904 4056 babeat,

488 4097 495 4108 ·
540 4080 596 4145 sed
617 4081 797 4143 recentioris
820 4081 887 4141 aevi
909 4096 968 4140 non
993 4096 1121 4157 paucas,
1152 4081 1231 4139 inter
1261 4098 1335 4159 quas
1364 4080 1527 4159 praecipua
1555 4080 1673 4141 videtur
1702 4098 1790 4156 esse,
1818 4079 1904 4141 stilus

538 4178 591 4242 illa
613 4197 629 4241 a
652 4181 746 4259 prima
769 4178 957 4258 simplicitate
980 4177 1188 4258 degeneranS,
1211 4184 1241 4238 et
1263 4197 1336 4239 vere
1359 4178 1491 4240 Asiatica
1514 4197 1759 4260 synonymorum,
1783 4179 1903 4260 epithe-

538 4285 652 4354 torum,
670 4278 971 4358 metaphorarumque
995 4277 1171 4357 congeries,
1204 4295 1260 4356 per
1283 4296 1370 4356 quam
1393 4276 1430 4338 ad
1453 4295 1623 4357 supremum
1646 4279 1813 4360 elegantiae
1837 4279 1904 4340 cul-

538 4395 608 4439 men
629 4377 783 4458 perveniri
806 4374 977 4437 Orientales
1001 4375 1180 4439 existimant.
1226 4375 1257 4437 ld
1281 4377 1369 4437 etiam
1390 4375 1498 4456 probat
1520 4376 1629 4439 additio
1654 4379 1767 4458 aliquot
1789 4379 1904 4440 verbo-

539 4492 606 4537 rum
628 4475 659 4535 in
681 4475 775 4538 lomna
800 4475 998 4537 consecrandi
1025 4476 1111 4555 panis
1142 4483 1172 4536 et
1201 4474 1321 4552 calicis,
1351 4482 1384 4536 ut
1412 4477 1441 4537 in
1469 4477 1579 4556 prima,
1608 4479 1689 4557 qood
1715 4497 1777 4557 pro
1806 4479 1905 4539 mattis

536 4572 675 4652 fidelibus
696 4575 883 4635 immolatur:
907 4575 936 4635 in
959 4573 1064 4653 altera,
1088 4576 1213 4654 sanquis
1234 4577 1382 4654 mortequi
1395 4577 1553 4654 confirmat
1573 4584 1779 4638 testamentum
1800 4577 1905 4635 mortis

537 4690 641 4733 meae:
664 4692 741 4754 quae
765 4671 909 4735 formulae
933 4673 1027 4754 magis
1055 4675 1274 4736 recentioribus
1303 4674 1414 4736 similes
1444 4682 1523 4753 sunt,
1547 4692 1633 4754 quam
1657 4677 1782 4737 vetustis
1806 4673 1905 4735 Grae·
2003 4734 2007 4748 „

539 4769 595 4846 cis,
619 4770 829 4852 Syriacisque,
853 4790 976 4851 quarum
1000 4774 1149 4835 sententia
1172 4773 1209 4834 ad
1232 4773 1396 4836 verborum
1415 4760 1905 4856 Evangelicorum'simplicitatem

538 4871 665 4950 propius
690 4871 817 4934 accedit.
855 4871 888 4931 ln
911 4871 1104 4934 lnvoeatione
1128 4874 1256 4953 Spiritus
1279 4874 1376 4934 sancti
1398 4872 1427 4934 id
1451 4872 1682 4944 observandum,
1704 4872 1783 4951 quod
1808 4872 1904 4934 oratio

539 4984 619 5047 quae
640 4972 734 5033 verba
759 4970 868 5032 Christi
890 4973 1027 5050 sequitur
1049 4978 1171 5051 praeter
1186 4972 1310 5034 aliarum
1325 4990 1439 5034 morem
1452 4972 1569 5052 prolixa
1592 4979 1640 5034 est
1661 4988 1752 5051 supra
1775 4961 1904 5048 modum,

538 5065 579 5127 ita
601 5075 634 5128 ut
657 5069 751 5149 majus
775 5070 894 5132 omnino
919 5071 997 5131 inter
1019 5069 1070 5131 illa
1094 5079 1125 5132 et
1148 5072 1382 5150 lnvoeationcm,
1405 5073 1444 5133 sit
1458 5069 1656 5134 intervallum.
1678 5069 1784 5151 Neque
1807 5078 1904 5133 manen

537 5164 732 5230 interlocutio
757 5168 882 5230 Diaconi
906 5165 1039 5231 occurrit
1061 5176 1093 5231 ut
1116 5171 1146 5230 in
1171 5168 1295 5232 Graecis
1318 5172 1548 5252 posterioribus,
1571 5187 1639 5231 nam
1662 5188 1714 5232 eas
1738 5170 1904 5234 additiones

539 5262 663 5328 Graecis
686 5275 858 5348 usurpatas,
882 5269 1023 5350 ignorant
1046 5267 1216 5331 Orientales
1238 5269 1406 5336 Ecclesiae.
1475 5337 1477 5341 ,
