5150 6534
619 849 697 924 518
1127 843 1488 924 ittuudtn

616 1035 730 1128 garrdii
759 1035 844 1107 illius
872 1032 1041 1127 generalis
1067 1032 1168 1120 lecit,
1201 1053 1377 1127 genusque
1408 1032 1572 1107 rationale
1598 1039 1805 1108 terrestrium
1831 1059 1854 1110 a
1882 1039 1990 1112 serri-

617 1163 687 1223 tute
716 1156 832 1224 mortis
866 1159 901 1221 et
933 1162 1093 1237 satanae,
1127 1147 1265 1220 brachio
1301 1170 1364 1221 suo
1396 1147 1476 1222 lorti
1505 1150 1631 1224 liberos
1663 1154 1839 1248 pmestiiit
1893 1152 1990 1228 Filios

619 1278 695 1340 tuos
732 1279 765 1339 ct
800 1268 922 1339 iratres
958 1289 1040 1338 suos
1074 1268 1214 1338 vocarit
1248 1284 1312 1335 nos
1348 1285 1465 1337 omnes
1499 1275 1532 1338 et
1566 1265 1726 1340 adscivit:
1761 1271 1904 1363 ipseque
1936 1291 1990 1365 per

619 1387 778 1478 seipsum,
807 1383 942 1455 calcans
969 1380 1066 1453 nobis
1093 1386 1183 1452 viam
1210 1379 1382 1452 advitam
1409 1402 1533 1454 novam
1560 1390 1594 1454 et
1618 1382 1858 1473 immortalem,
1887 1381 1990 1460 docuit

618 1522 683 1572 nos
709 1509 745 1571 ut
771 1522 893 1594 preces
921 1509 955 1569 et
982 1498 1237 1592 deprecationes
1276 1494 1472 1570 ollerremus
1504 1500 1670 1591 majestati
1701 1510 1779 1570 tuae
1811 1497 1988 1592 gloriosae,

618 1639 681 1711 pro
708 1614 816 1687 salute
842 1623 969 1686 nostra.
1020 1613 1250 1708 Deprecamur
1276 1614 1378 1703 igitur
1404 1623 1437 1684 te
1458 1611 1600 1686 Domine
1627 1616 1833 1704 misericors,
1860 1625 1989 1713 praesta

618 1730 717 1804 nobis
745 1729 898 1802 omnibus
926 1732 1035 1801 servis
1063 1741 1097 1800 et
1124 1727 1356 1800 adoratoribus
1385 1731 1464 1815 tuis,
1498 1736 1533 1800 ut
1565 1752 1638 1803 cum
1667 1732 1877 1803 conscientia
1902 1753 1989 1827 pure,

619 1847 724 1919 corde
751 1849 894 1919 contrito
922 1857 957 1917 et
982 1844 1163 1932 humiliato,
1190 1843 1354 1938 labiisque
1380 1843 1566 1938 impollutis,
1592 1852 1626 1916 et
1649 1867 1723 1917 cum
1744 1843 1866 1917 fiducia
1890 1845 1990 1940 qualis

619 1963 706 2034 lilios
735 1962 843 2046 decet,
872 1984 1006 2034 oremus
1034 1970 1067 2032 et
1093 1960 1260 2031 dicamus:
1286 1959 1389 2030 Pater
1416 1969 1531 2032 noster
1557 1963 1612 2054 qni
1639 1983 1677 2033 es
1704 1963 1737 2032 in
1763 1959 1883 2034 coelis.

725 2078 887 2170 Populea.
939 2075 1181 2148 Sanctificetur.

724 2193 910 2264 Sacerdos.
967 2190 1244 2287 Quandoquidem
1271 2190 1393 2283 dignos
1419 2190 1525 2263 iecisti
1553 2214 1615 2264 nos
1642 2213 1764 2265 servos
1791 2200 1891 2282 tuos,
1916 2211 1990 2265 reos

619 2332 729 2404 neque
756 2312 914 2394 meritos,
947 2318 983 2380 ut
1008 2309 1064 2380 lilii
1093 2311 1137 2379 tui
1164 2328 1335 2395 essemus,
1363 2317 1396 2378 et
1421 2329 1542 2378 nomen
1568 2308 1750 2400 gloriosum
1786 2309 1989 2402 paternitatis

621 2439 699 2499 tuae
726 2425 890 2500 excelsae
917 2447 1019 2520 super
1044 2446 1108 2497 nos
1135 2427 1361 2508 invocaretur,
1389 2425 1478 2494 mitte
1499 2445 1637 2514 regnum
1659 2434 1746 2495 tuum
1767 2423 1811 2494 ad
1835 2422 1990 2494 auxilium

617 2553 767 2614 transtrum
796 2553 830 2614 et
857 2540 898 2612 ab
927 2540 1080 2614 omnibus
1106 2540 1234 2611 insidiis
1260 2541 1399 2627 inimici,
1434 2549 1468 2610 et
1499 2537 1794 2612 machinationibus
1828 2538 1990 2611 homiuum

619 2659 884 2744 sceleratorum,
912 2668 947 2728 et
973 2656 1228 2752 implacabilium
1255 2676 1423 2730 conserva
1449 2676 1527 2727 nos:
1554 2657 1835 2749 impugnationem
1865 2674 1991 2750 quoque

619 2775 837 2845 tractationum
866 2771 1120 2844 intolerabilium
1148 2771 1287 2866 prohibe
1315 2782 1348 2842 et
1376 2769 1505 2865 depelle
1532 2769 1691 2842 anobis:
1718 2772 1988 2866 nequepermit-

619 2901 670 2960 tas
698 2900 850 2961 iuraturum
878 2899 1028 2962 nostram
1056 2886 1221 2959 imbellem
1249 2886 1479 2960 afflictionibus
1507 2885 1752 2959 contumeliosis
1780 2908 1856 2956 cum
1884 2884 1989 2956 insul-

620 3009 746 3076 tatione
773 3007 867 3076 allici.
917 3007 1025 3076 Parce
1052 3014 1085 3075 et
1112 3004 1236 3074 dimitte
1262 3026 1324 3099 per
1346 3003 1551 3076 clementiam
1578 3013 1665 3073 tuam
1692 3022 1809 3073 omnes
1839 3023 1987 3096 praeva-

618 3125 799 3192 ricationes
827 3128 962 3192 nostras
988 3120 1167 3206 humanas,
1201 3123 1276 3213 quia
1308 3122 1413 3191 virtus
1451 3128 1504 3189 tua
1537 3127 1646 3212 potest
1672 3120 1802 3202 omnia,
1837 3127 1872 3188 et
1903 3126 1987 3190 mum

618 3249 671 3309 cst
697 3240 884 3330 imperium,
911 3245 944 3306 ct
971 3234 1191 3322 excellentia3
1221 3235 1345 3329 tibique
1371 3233 1511 3326 gloriam
1539 3243 1572 3305 et
1597 3232 1724 3304 laudem
1752 3230 1937 3304 referimus.

727 3352 886 3444 Populus.
940 3353 1061 3422 Anien.

724 3469 913 3538 chrccturts.
965 3469 1065 3539 Aule.

723 3583 909 3654 Sacerdos.
963 3585 1089 3653 Coram
1117 3593 1150 3652 te
1184 3584 1275 3653 Deus
1303 3584 1466 3666 Beonan,
1502 3591 1536 3651 et
1562 3579 1703 3651 Domine
1735 3576 1986 3666 demittentium:

619 3723 716 3792 quern
745 3698 894 3768 exaltant
922 3697 1056 3768 ordines
1084 3697 1270 3784 coelestes,
1304 3697 1543 3768 inclinaverunt
1577 3717 1664 3765 nunc
1698 3698 1793 3766 servi
1827 3699 1873 3766 tui
1904 3691 1987 3766 colla

619 3817 798 3883 arrimarmn
828 3834 1073 3907 corporumque
1104 3835 1257 3898 suorum,
1291 3835 1363 3883 curn
1399 3815 1516 3882 mentis
1541 3808 1737 3896 humilitate,
1770 3806 1987 3880 obsecrantes

618 3950 732 3998 coram
760 3929 871 3998 limine
898 3932 1199 4002 commiserationis
1227 3942 1312 4001 tuae.
1359 3927 1512 3998 Extende
1539 3926 1711 3997 dexteram
1736 3935 1826 3997 tuam
1860 3924 1986 4019 plenam

620 4045 889 4116 miserationibus
916 4046 1080 4131 Domine,
1119 4057 1153 4117 et
1186 4045 1327 4116 benedic
1363 4040 1678 4135 congregationibus
1711 4036 1918 4111 adorantium
1944 4047 1986 4120 te,

616 4179 728 4248 neque
756 4160 889 4247 rejicias
917 4163 1093 4253 petitiones
1122 4161 1369 4257 deprecantium
1397 4170 1439 4230 te.
1492 4157 1631 4231 Elluude
1662 4175 1764 4248 super
1789 4174 1853 4226 eos
1880 4153 1985 4225 bene-

617 4271 780 4341 dictiones
809 4284 898 4343 tuas:
927 4273 1133 4348 abundantes
1159 4275 1214 4348 lac
1241 4299 1303 4348 eos
1330 4275 1424 4346 donis
1452 4276 1530 4345 tuis:
1558 4272 1676 4343 divites
1703 4290 1765 4342 eos
1790 4267 1849 4341 lac
1868 4291 1984 4339 mune-

616 4383 709 4456 ribus
737 4389 816 4456 tuis:
851 4387 1028 4480 iruultiplica
1056 4413 1139 4483 erga
1167 4414 1230 4465 eos
1257 4389 1381 4462 auxilia
1408 4401 1485 4478 tua3
1518 4387 1675 4460 confirma
1709 4406 1771 4458 eos
1797 4388 1921 4457 virtute
1946 4381 1983 4455 ad

617 4498 891 4572 observationem
919 4503 1146 4577 mandatorum
1182 4518 1327 4580 tuorum:
1363 4504 1487 4600 perfice
1517 4502 1593 4576 illos
1626 4524 1688 4598 per
1722 4504 1984 4573 communionem

616 4615 761 4685 divinam
791 4628 1073 4688 sacramentorum
1102 4631 1250 4710 urorum,
1283 4621 1425 4694 laetilica
1453 4641 1513 4692 eos
1539 4620 1712 4713 promissis
1740 4619 1822 4704 tuis,
1857 4626 1891 4687 ut
1924 4636 1982 4687 nos

615 4751 735 4800 omncs
764 4725 907 4799 abstersi
934 4753 954 4798 a
982 4733 1137 4806 sordibus
1165 4739 1311 4831 peccati,
1343 4738 1416 4831 puri
1450 4746 1483 4807 et
1517 4738 1581 4807 rite
1613 4734 1803 4828 praeparati
1830 4733 1982 4804 invenia-

613 4866 689 4916 mur
725 4842 767 4912 ad
803 4849 1048 4939 susceptionmn
1089 4856 1243 4947 corporis
1284 4854 1502 4946 propitiatorii
1545 4859 1579 4921 et
1620 4849 1791 4939 sanguinis
1834 4846 1983 4921 salutaris

615 4958 740 5032 Christi
768 4961 825 5044 tui,
852 4960 983 5052 sintque
1011 4963 1107 5038 curabis
1134 4966 1175 5036 ud
1204 4968 1480 5055 emundationem,
1507 4976 1542 5037 et
1567 4987 1634 5037 non
1661 4963 1704 5034 ad
1730 4966 1982 5048 accusationem,

614 5074 657 5146 ad
686 5075 976 5169 propitiationem,
1003 5099 1068 5149 riou
1097 5081 1137 5150 ad
1165 5084 1493 5155 condemnationem:
1530 5081 1573 5154 ad
1608 5080 1759 5152 fiduciam
1791 5076 1982 5151 familiarem

614 5211 730 5264 coram
762 5189 848 5261 solio
876 5198 932 5260 tuo
960 5193 1124 5282 timendo,
1151 5197 1229 5269 nulli
1257 5198 1443 5272 confusioni
1471 5195 1668 5288 obnoxiam,
1696 5205 1759 5267 etc.

716 5303 877 5397 Populus.
930 5307 1049 5382 Anreu.
