5150 6534
623 822 702 900 300
915 879 919 889 ·
1190 823 1421 904 tortu

633 1071 636 1076 .
727 1010 900 1103 Populea·
938 1007 1081 1082 Etcum
1108 1014 1225 1106 spiritu
1250 1023 1318 1084 tuo.

727 1126 914 1198 Dioeoom,
966 1126 1049 1198 Post
1075 1130 1349 1201 communionem.

729 1241 890 1335 Populos.
944 1237 1067 1313 Coram
1094 1251 1137 1312 te.

728 1357 911 1428 Sacerdos.
963 1356 1202 1456 Adorationem
1229 1358 1395 1431 offerimus
1414 1355 1472 1430 tibi
1489 1358 1568 1431 Rex
1588 1366 1722 1448 sancte,
1749 1357 1893 1431 Domine
1917 1381 1988 1431 no-

624 1484 693 1547 ster
717 1473 801 1545 Jesu
834 1469 984 1569 Christe2
1012 1476 1067 1567 qui
1101 1475 1294 1568 praestitisti
1329 1471 1426 1548 nobis
1459 1484 1495 1546 ut
1527 1478 1723 1547 misceretur
1761 1497 1885 1570 corpus
1915 1497 1987 1547 no-

625 1599 727 1662 strum
760 1590 894 1684 corpori
920 1598 978 1663 tuo
1003 1598 1143 1678 sancto,
1175 1598 1209 1660 et
1234 1593 1372 1681 sanguis
1405 1601 1521 1663 noster
1553 1594 1705 1682 sangnini
1738 1601 1793 1663 mo
1825 1596 1988 1687 pretioso.

624 1704 754 1777 Idcirco
780 1703 1178 1797 adoramusmajestatcm
1205 1714 1313 1777 tuam:
1338 1703 1509 1778 laudamus
1527 1704 1731 1777 divinitatem
1746 1716 1854 1778 tuam:
1879 1729 1989 1802 prae-

625 1821 773 1894 dicamus
796 1819 1042 1892 misericordias
1068 1831 1160 1892 tuas:
1186 1841 1255 1893 non
1281 1821 1477 1893 aberrantes
1495 1844 1516 1893 a
1535 1824 1678 1893 veritate
1690 1832 1755 1893 tua
1807 1821 1988 1917 Depreca-

625 1959 698 2007 mnr
725 1938 822 2007 etiam
849 1945 882 2006 te
907 1944 944 2006 ιιι
968 1932 1148 2006 benedicas
1175 1952 1237 2007 nos
1264 1938 1399 2029 omnes,
1424 1934 1708 2009 benedictionibus
1731 1941 1795 2008 tuis
1824 1937 1988 2010 coelesti-

625 2051 704 2139 bus,
744 2060 777 2122 et
808 2049 931 2124 liberes
965 2071 1028 2122 nos
1065 2072 1085 2120 a
1119 2036 1287 2123 tormentis
1311 2051 1401 2147 'quae
1434 2062 1633 2147 praeparatu
1664 2064 1740 2126 sunt
1772 2052 1986 2150 operantibus

624 2168 720 2239 mula.
773 2167 922 2260 Dignare
947 2188 1025 2249 nos⁴
1042 2164 1227 2264 habitaculo
1255 2168 1344 2264 quod
1368 2170 1550 2265 promisisti
1575 2166 1785 2261 diligentibus
1811 2178 1863 2258 tc,
1897 2190 1987 2239 con-

625 2287 722 2356 stitue
746 2303 811 2356 nos
837 2282 880 2354 ad
905 2281 991 2363 latus
1019 2291 1107 2357 mum
1134 2282 1310 2373 dextrum,
1335 2295 1370 2356 et
1394 2287 1533 2376 ignosce
1560 2284 1658 2358 nobis
1684 2295 1824 2380 peccata
1842 2287 1987 2357 omnium

625 2408 772 2470 nostrum
799 2398 999 2493 aequaliter,
1038 2407 1071 2468 et
1103 2397 1311 2472 referemus
1322 2400 1381 2472 tibi
1414 2400 1556 2492 gloriam
1582 2410 1617 2472 ct
1650 2399 1798 2488 laudem,
1828 2401 1987 2564 Patrique

625 2521 702 2601 tuo,
729 2525 763 2586 et
788 2514 922 2610 Spiritui
948 2523 1005 2585 tuo
1032 2525 1166 2602 sancto,
1192 2535 1279 2585 nune
1305 2526 1346 2587 et
1366 2534 1507 2611 semper.

728 2630 888 2722 Populus.
941 2630 1059 2701 Amen.

727 2749 914 2821 Diaconos.
966 2746 1112 2819 Benedic
1138 2748 1291 2821 Domine.

727 2864 910 2937 Sacerdos.
962 2861 1130 2954 Benedic‚
1156 2885 1323 2953 conserva
1350 2872 1384 2934 et
1408 2872 1550 2960 protege
1576 2883 1637 2935 nos
1665 2883 1791 2934 omnes.

1042 3185 1556 3229 ...ψ-.-

844 3585 909 3675 Ill
954 3580 1332 3674 LITURGIAM
1391 3578 1768 3673 PHILOXENI

1218 3769 1388 3855 horit.

321 4055 421 4128 hospi.
440 4057 456 4109 ι,
476 4056 519 4112 ιι,
533 4076 555 4112 ⁶,
567 4059 612 4109 27.
726 4023 936 4114 Panormus,
961 4035 1047 4098 aliter
1068 4034 1197 4097 Xenaias
1221 4032 1404 4113 appellatus,
1435 4031 1558 4096 Graecis
1587 4031 1742 4095 autoribus
1764 4038 1854 4094 notus
1876 4039 1985 4095 estex

624 4138 796 4219 Nicephoro
819 4139 1003 4219 quiPersam
1026 4139 1104 4200 illam
1126 4136 1217 4199 fuisse
1240 4154 1357 4218 genere
1377 4145 1407 4199 et
1417 4154 1538 4198 servum
1554 4136 1724 4199 conditione
1737 4135 1850 4212 scribit,
1873 4138 1984 4216 quique

626 4237 765 4300 necdum
786 4239 960 4319 baptisatus,
984 4236 1135 4300 Clericum
1158 4254 1196 4298 se
1230 4237 1369 4297 mentitus
1392 4235 1482 4298 luerit
1503 4236 1576 4298 etad
1587 4233 1805 4298 Antiochenam
1817 4235 1984 4297 Ecclesiam

625 4338 757 4414 venerit,
779 4356 796 4399 a
819 4356 877 4418 qua
900 4336 1062 4399 Calendion
1083 4335 1251 4416 Episcopus
1275 4333 1468 4397 Orthodoxus
1491 4335 1557 4416 ejus
1580 4334 1740 4414 nequitiam
1758 4353 1798 4395 ex
1813 4335 1909 4416 signis
1924 4351 1986 4396 nou

627 4434 764 4498 obscuris
787 4453 968 4519 agnoscens,
990 4435 1069 4497 illum
1093 4433 1215 4516 expulit.
1259 4433 1364 4496 Petrus
1386 4451 1462 4496 vero
1485 4433 1646 4513 Gnapbeus
1670 4424 1795 4494 itlnm’'
1773 4452 1827 4495 ειι
1842 4417 1985 4515 ιῖμύνιοι

626 4522 701 4596 ὄντα
711 4532 769 4620 τῆς
782 4529 946 4617 yelroooc‘
935 4532 1025 4621 ιερᾶς
1038 4520 1164 4607 πόλεως
1177 4522 1335 4620 πρόεδροι
1351 4520 1588 4617 noceordoorro:
1609 4533 1678 4593 licet
1694 4532 1822 4594 ιιοιιιιιιιιι
1836 4533 1985 4593 erearum

624 4636 743 4697 nimicae
763 4634 960 4715 Hieropoleoe
987 4635 1148 4696 constitere
1169 4635 1330 4696 corradnrit.
1374 4632 1403 4694 ls
1425 4640 1533 4713 postea
1555 4648 1679 4711 magnus
1702 4637 1805 4692 contra
1830 4629 1984 4711 synodum

626 4733 903 4797 Calchedonensem
925 4741 955 4796 et
977 4733 1149 4796 Flavianum
1170 4732 1390 4795 Antiochenam
1412 4732 1514 4793 turbas
1543 4731 1700 4807 excitavit,
1731 4747 1805 4809 quas
1835 4728 1901 4791 tusc
1930 4747 1986 4790 re-

624 4841 729 4896 censet
750 4834 829 4896 idem
851 4833 1049 4914 Nicephorus.
1084 4832 1169 4895 Unde
1192 4849 1258 4893 cum
1269 4831 1500 4913 Monopbysitae
1522 4821 1634 4892 simitcs'
1648 4829 1764 4891 zelotes
1784 4845 1847 4891 non
1868 4844 1983 4909 paucos

623 4932 792 5009 habuerint,
814 4949 890 5013 quos
912 4933 1027 5015 magnis
1050 4931 1214 4995 honoribus
1236 4937 1468 5012 prosequuntur,
1492 4928 1686 4992 Philoxenum
1708 4930 1787 4990 inter
1808 4945 1864 4990 eos
1885 4925 1985 4988 locum

622 5029 735 5093 habere
757 5032 862 5093 mirum
883 5031 979 5094 videri
1000 5048 1061 5093 non
1084 5028 1183 5091 debet.
1227 5030 1299 5111 EJus
1321 5049 1395 5092 sane
1417 5029 1558 5092 memoria
1582 5027 1751 5089 celebratur
1772 5029 1802 5088 in
1824 5023 1984 5106 Diptyehis

623 5129 779 5191 multarum
800 5130 1001 5210 biturgiarum
1024 5128 1226 5209 syriacorum:
1248 5136 1280 5191 ut
1303 5131 1391 5193 etiam
1413 5146 1521 5191 nomen
1543 5128 1608 5208 ejus
1631 5135 1808 5188 recensetur
1830 5124 1984 5187 interEc-

624 5229 735 5290 etesiae
759 5228 899 5291 doctores
928 5231 959 5290 in
988 5226 1132 5304 tornata,
1162 5245 1249 5308 quam
1272 5227 1450 5291 Ordinandis
1473 5227 1601 5308 proponi
1623 5225 1740 5288 solitam
1763 5225 1931 5305 reperimus
1951 5223 1983 5283 in

623 5326 786 5391 Pontificali
798 5328 947 5392 blediceo.
984 5326 1171 5391 Recensetur
1190 5344 1310 5409 qnoque
1324 5327 1354 5388 in
1374 5345 1477 5391 eorum
1492 5343 1628 5404 numero,
1650 5325 1687 5389 ab
1705 5331 1810 5388 autore
1825 5323 1983 5386 Tractatus
