5150 6534
773 843 828 918 Ill
864 844 1165 922 titulatas
1206 845 1488 924 saulaces,
1773 851 1821 922 67

446 1045 631 1103 saansaan,
654 1028 1109 1106 crucifixioneneoecisionem,
1132 1031 1360 1106 transfixionem
1390 1032 1514 1106 lancea,
1544 1033 1670 1112 dacique
1699 1042 1822 1095 mortem

447 1143 544 1188 auam.
589 1124 729 1206 Coptitae
752 1126 852 1200 etiam,
875 1133 907 1186 ιιι
937 1144 976 1187 ex
1003 1125 1180 1187 Abulbireat
1203 1126 1355 1206 discimus,
1379 1147 1436 1191 nec
1458 1147 1520 1190 non
1542 1129 1608 1190 aliis
1632 1130 1682 1209 qui
1705 1130 1743 1193 de
1767 1151 1823 1194 se-

446 1231 561 1285 ctarum
583 1222 713 1286 diversis
735 1225 926 1303 opinionibus
957 1231 986 1285 et
1016 1225 1157 1286 institutis
1179 1225 1379 1305 scripserunt,
1404 1235 1546 1288 accusant
1573 1228 1738 1307 Melcbitas,
1763 1248 1819 1291 seu

448 1322 582 1385 Graecos
606 1322 809 1396 Ortbodoxos,
831 1325 912 1402 qnod
933 1322 1065 1384 abbatom
1092 1325 1244 1386 irecidont:
1274 1325 1312 1386 de
1342 1345 1400 1406 qua
1424 1327 1642 1390 consuetudine
1672 1328 1818 1408 Syrianos

446 1439 508 1485 non
529 1429 683 1500 accusant,
707 1421 763 1485 sed
786 1421 824 1484 de
848 1421 912 1483 sola
938 1421 997 1483 olei
1018 1423 1049 1483 in
1071 1421 1186 1484 Oblatis
1209 1423 1425 1502 praeparandis
1448 1423 1635 1490 admistione.

836 1682 964 1751 Formit
990 1685 1101 1752 *nimrim
1127 1685 1162 1752 in
1189 1683 1343 1772 calicem,
1371 1691 1434 1754 cle.

544 1889 598 1968 Dc
621 1900 680 1963 illis
703 1919 781 1981 quae
803 1901 884 1962 eirca
908 1904 1008 1964 vinum
1031 1902 1117 1964 calici
1146 1905 1359 1990 immittendum
1382 1913 1413 1966 et
1436 1908 1659 1969 consecrationi
1682 1908 1819 1970 destina-

448 2014 508 2068 tum
532 2005 689 2068 observari
712 2013 843 2084 oportet,
868 2005 959 2068 multa
982 2005 1060 2068 dicta
1083 2015 1152 2068 sunt
1175 2007 1436 2069 inCannnentario
1460 2008 1497 2070 ad
1519 2009 1621 2072 basilii
1643 2011 1820 2093 Liturgiam‚

448 2123 525 2186 quae
548 2123 609 2167 non
633 2105 729 2165 nrinus
753 2104 790 2165 ad
814 2105 908 2185 Syros
934 2124 1021 2185 qrram
1045 2105 1081 2168 ad
1106 2106 1241 2185 Coptitas
1264 2108 1425 2186 pertinent.
1450 2107 1609 2188 Singulare
1634 2109 1716 2189 illud,
1740 2111 1820 2191 quod

449 2212 533 2267 notat
555 2203 710 2279 Barsalibi,
734 2203 833 2265 tinum
857 2206 959 2284 parari
981 2203 1095 2266 ‹lebere
1120 2224 1159 2266 ex
1182 2206 1248 2266 uris
1264 2205 1399 2286 selectis,
1424 2224 1500 2285 quae
1524 2226 1622 2285 manu,
1645 2227 1706 2270 non
1730 2210 1820 2290 pedi-

448 2305 505 2366 bus
527 2311 711 2384 premantur.
747 2303 852 2382 Neque
876 2311 975 2364 tamen
999 2304 1026 2364 id
1052 2305 1127 2382 legis
1154 2306 1211 2365 rim
1235 2304 1347 2366 babere
1371 2305 1554 2367 censendum
1578 2316 1636 2386 est,
1659 2326 1725 2369 curn
1748 2309 1819 2370 nilril

450 2403 546 2464 simile
570 2403 688 2484 legatur
711 2403 740 2462 in
763 2403 907 2482 Syrorum
930 2401 1163 2464 Nomocanone:
1191 2412 1222 2464 ιιι
1250 2422 1349 2482 neque
1381 2403 1454 2465 illud
1489 2406 1568 2483 quod
1597 2407 1657 2467 rini
1688 2406 1819 2484 delectu,

449 2520 527 2565 uvae
550 2503 711 2563 duracinae
734 2500 870 2563 adhiberi
894 2502 1020 2581 possint,
1045 2503 1156 2583 exigua
1186 2520 1262 2583 arpua
1291 2512 1477 2580 maceratae,
1509 2512 1540 2563 ut
1570 2523 1610 2566 ox
1637 2505 1695 2567 illis
1722 2506 1821 2587 liquor

448 2601 649 2681 exprimatur:
674 2599 753 2679 quod
776 2600 813 2660 ab
836 2599 1036 2679 Aethiopibus
1060 2600 1197 2679 lectitari,
1222 2608 1251 2662 et
1276 2603 1311 2662 ab
1337 2601 1447 2680 aliquot
1472 2603 1626 2664 Canonum
1649 2612 1680 2665 et
1702 2605 1821 2667 Rituum

447 2696 663 2779 interpretibus
686 2716 747 2760 non
770 2697 943 2779 improbari,
967 2699 1033 2760 loeo
1058 2702 1149 2762 citato
1174 2701 1386 2762 Comnrentarii
1410 2701 1647 2763 observavimus.

535 2797 696 2860 Orationes
718 2817 796 2878 quae
819 2797 867 2858 liic
891 2799 1083 2877 assignantur
1106 2801 1135 2858 in
1165 2799 1281 2860 blissali
1305 2798 1486 2881 Chaldaico,
1515 2800 1655 2863 diversae
1685 2808 1754 2861 sunt
1783 2801 1819 2862 ab

446 2897 506 2962 illis
529 2916 604 2979 quas
628 2895 737 2958 babent
760 2895 860 2958 Ollicia
874 2896 1018 2959 Codicum
1033 2896 1286 2976 Colbertinornm,
1308 2897 1584 2978 Segniorianorum,
1608 2898 1820 2977 etBoderiani,

447 2997 503 3060 sed
526 2998 564 3058 ad
586 2994 719 3060 eamdem
743 2995 991 3076 significationem
1013 2997 1169 3076 mysticam
1184 2995 1358 3057 reseruntur
1381 3015 1468 3077 ιμιιιιιι
1499 3001 1624 3079 exponit
1654 2997 1819 3058 Germanus

446 3095 628 3158 Patriarcha.
648 3083 681 3156 ‘0
703 3088 740 3156 δὲ
762 3081 847 3165 οἶνος
867 3086 991 3176 πέφηνε
1011 3083 1050 3155 ed
1072 3083 1155 3171 αἷμα
1176 3083 1215 3156 τὸ
1238 3088 1274 3154 ἐκ
1288 3093 1436 3178 πλευρᾶς
1452 3094 1514 3158 τοῦ
1529 3093 1680 3179 Χριστοῦ
1693 3090 1819 3178 parione.

453 3183 499 3255 Τό
521 3189 558 3257 δὲ
582 3183 669 3280 ὕδωρ
690 3186 813 3277 πέφηνε
834 3181 871 3254 τί
894 3188 1014 3273 ῥεῦσαι
1035 3186 1072 3254 ἐκ
1085 3189 1143 3276 τῆς
1155 3191 1299 3277 πλευρᾶς
1322 3181 1506 3255 αὐτοῦτοῦ
1530 3193 1685 3277 Χριστοῦ.
1715 3194 1819 3254 Viae-m

446 3295 598 3372 sipnffidat
619 3294 794 3374 sonprtirtem
815 3294 867 3372 pei
885 3291 974 3369 deecit
1002 3312 1042 3352 ex
1065 3291 1178 3354 Gbrtsti
1199 3293 1311 3354 latere:
1342 3312 1422 3372 epam
1444 3295 1525 3354 illum
1548 3313 1624 3374 qnae
1654 3313 1694 3352 cc
1724 3293 1820 3370 ipsius

446 3410 562 3472 quoque
583 3393 679 3452 latere
697 3390 793 3470 [deerit.

533 3490 703 3569 lacensum,
725 3491 825 3552 crucis
847 3491 946 3570 signa,
968 3497 999 3552 et
1022 3488 1155 3568 reliquae
1179 3491 1388 3551 caeremoniae
1417 3509 1483 3550 cum
1506 3489 1651 3551 Ecclesiis
1682 3487 1818 3550 omnibus

1869 1690 1899 1741 P.
1916 1692 1942 1743 3.
1961 1693 1978 1744 l.
1997 1692 2040 1746 31.

1870 1917 1928 1970 Vini
1947 1919 2067 1972 conditio.

1884 3505 2032 3573 incensum,
2060 3511 2141 3559 crucis

448 3607 621 3653 communes
643 3591 714 3667 sint,
737 3587 884 3672 singulari
907 3588 986 3650 nulla
1010 3588 1225 3650 observatione
1247 3587 1393 3669 irrigent,
1416 3589 1443 3650 si
1461 3589 1580 3668 quidem
1595 3588 1705 3650 nullum
1720 3606 1817 3668 prope
1831 3591 2142 3661 signnmetaabonm-

448 3687 609 3751 discrimen
631 3696 678 3750 est
700 3691 729 3749 in
753 3687 920 3767 disciplina,
944 3689 1025 3749 cirea
1048 3687 1097 3748 illa
1128 3705 1287 3766 quaenam
1313 3696 1370 3748 tam
1394 3688 1431 3747 ad
1455 3688 1634 3765 essentiam,
1663 3695 1695 3749 ιιι
1725 3678 1923 3769 vulgoltllhut
1942 3690 2073 3748 usurpem.

448 3787 567 3860 dicitur,
590 3787 785 3864 Sacramenti‚
809 3804 897 3866 quam
921 3786 958 3847 ad
982 3786 1124 3848 decorem
1148 3786 1252 3848 donrus
1275 3786 1348 3863 Dei,
1380 3794 1410 3847 et
1440 3785 1477 3846 ad
1508 3786 1695 3848 excitandam
1720 3788 1817 3863 fidem,

448 3889 702 3967 attentionemque
731 3887 863 3948 instituta
890 3893 968 3947 sunt.
1025 3885 1121 3946 Ollert
1158 3884 1308 3946 Sacerdos
1343 3883 1450 3964 panem
1480 3892 1510 3946 et
1540 3885 1678 3962 calicem,
1708 3885 1817 3947 leviter

448 3986 596 4048 elevando
628 3989 780 4065 antiquum
810 3988 839 4047 in
865 3986 962 4048 veteri
992 3983 1076 4064 Lege
1106 3984 1266 4045 oblationis
1298 3985 1375 4044 illius
1406 4003 1519 4045 arerem
1550 3986 1697 4062 imitatus,
1729 4004 1818 4064 quem

446 4095 554 4154 aaran
577 4086 735 4160 vocabant,
758 4104 818 4165 quo
842 4092 969 4147 testatur
987 4084 1097 4146 abolita
1121 4083 1214 4146 luisse
1239 4091 1345 4144 vetera
1367 4084 1514 4144 saerilicia
1535 4100 1590 4162 per
1613 4083 1684 4144 illud
1707 4101 1816 4146 notum

447 4185 607 4248 aClrristo
630 4187 804 4247 institutum.
850 4185 894 4246 Ea
921 4185 1017 4246 verba
1045 4182 1180 4262 subjicit,
1211 4200 1288 4261 quae
1318 4182 1475 4259 sacrificii,
1509 4199 1568 4262 (pue
1599 4201 1633 4242 se
1661 4183 1758 4261 ipsum
1787 4185 1818 4243 in

446 4304 538 4346 eruce
562 4283 699 4346 Christus
722 4283 839 4361 obtulit,
862 4285 1035 4346 nrenmriarn
1057 4289 1219 4358 rerocent,
1243 4291 1274 4343 ut
1298 4281 1483 4364 intelligatur
1504 4283 1532 4342 in
1557 4282 1691 4363 liturgia
1714 4300 1817 4344 rerum

446 4403 516 4447 csse
539 4401 636 4445 novae
660 4383 736 4464 logis
759 4383 948 4460 sacrificium,
972 4382 1052 4468 quod
1077 4383 1104 4442 in
1128 4381 1264 4444 omnibus
1287 4399 1383 4462 prope
1407 4381 1590 4441 orationibus
1614 4379 1789 4441 inculcatur.

534 4480 762 4543 Observandum
792 4500 885 4562 porro
917 4489 963 4542 est
993 4482 1023 4541 in
1044 4481 1191 4542 Ecclesiis
1224 4479 1372 4561 Syriacis,
1403 4481 1480 4541 inter
1509 4480 1580 4540 istas
1611 4482 1817 4542 caeremonias

1885 4484 2034 4539 Orationem
2071 4490 2141 4540 uaria

446 4582 513 4644 cani
539 4599 555 4640 a
579 4579 744 4642 Sacerdote
767 4580 953 4655 celebrante,
975 4578 1025 4641 vel
1038 4577 1140 4654 Clero,
1163 4586 1193 4641 et
1215 4586 1247 4640 ut
1270 4581 1365 4640 nestri
1389 4587 1509 4640 reteres
1533 4577 1666 4640 Rituales
1689 4580 1820 4658 loquan-
1833 4589 1937 4641 genera.

445 4687 505 4758 tur,
527 4698 545 4741 a
567 4678 679 4740 Sabota
702 4678 875 4754 Centonem,
899 4679 1024 4759 lrymnos
1048 4678 1196 4756 diversos,
1221 4697 1346 4759 quorum
1370 4681 1489 4739 ιιιιιιιιιιιι
1513 4677 1669 4757 explicari,
1693 4676 1758 4736 aliis
1781 4676 1819 4737 ad

445 4797 532 4840 usum
554 4786 690 4841 nostrum
714 4778 944 4840 accommodatis
968 4779 1019 4838 rix
1043 4786 1179 4855 possunt.
1225 4778 1315 4839 'l'ales
1339 4786 1407 4839 srmt
1429 4777 1543 4854 Sedro,
1566 4777 1709 4852 Pecltito,
1733 4777 1818 4850 lr‘ole,

445 4877 560 4954 Alcebo,
582 4878 740 4953 libentiae,
763 4885 885 4957 praeter
907 4895 984 4957 quae
1009 4877 1066 4938 alia
1088 4885 1250 4938 occurrunt
1278 4879 1308 4938 in
1330 4876 1579 4938 Nestorianorum
1601 4875 1727 4952 Ritibus‚
1751 4873 1818 4934 huic

445 4986 548 5040 sectae
570 4977 745 5059 singularia.
790 4976 834 5037 lta
856 4978 885 5037 in
910 4977 1033 5038 Graecis
1057 4976 1167 5038 Odiciis
1190 4975 1430 5048 Ecclesiasticis,
1462 4976 1528 5055 ejus
1551 4974 1674 5056 generis
1698 4974 1817 5034 nomina

445 5075 536 5138 multa
558 5084 640 5155 sunt,
662 5085 753 5138 notae
776 5075 855 5156 apud
870 5075 937 5138 illos
951 5077 1001 5154 qui
1013 5075 1070 5136 illis
1085 5083 1207 5136 utuntur
1220 5074 1457 5155 significationis,
1482 5091 1560 5153 quae
1583 5074 1612 5133 in
1635 5071 1692 5132 alia
1715 5072 1817 5152 lingua

445 5176 617 5257 exprimere
639 5176 813 5256 perdillicile
836 5184 892 5237 cst.
937 5176 1011 5236 Nam
1034 5176 1263 5255 originationem
1290 5174 1409 5234 illorum
1433 5193 1472 5235 ex
1496 5172 1652 5247 communi,
1677 5190 1764 5251 qnam
1788 5172 1818 5231 in

444 5293 586 5337 sermone
609 5275 728 5358 vulgari
751 5275 871 5348 babent,
894 5274 1115 5355 significatione.
1143 5274 1306 5348 deducere,
1330 5271 1440 5334 lrustra
1462 5278 1519 5333 est.
1566 5271 1608 5330 lta
1631 5268 1818 5331 Boderianus

485 5409 609 5451 romanu.
1565 5387 1611 5458 12
