5150 6534
879 873 1693 953 nronrsrrnnnsnnrnr
1902 812 2059 953 ‹151‘⁸

706 1061 859 1134 meam
882 1084 1009 1133 cocao.
1049 1060 1382 1133 lit-misericorditer
1408 1081 1469 1135 eos
1496 1064 1675 1157 aspiciens
1702 1063 1859 1136 Domine:
1873 1085 1978 1160 parce

604 1176 733 1252 delictis
766 1198 901 1263 comm,
936 1188 969 1248 et
1002 1175 1152 1248 defectus
1186 1197 1303 1248 eorum
1336 1175 1472 1268 dimitte,
1504 1181 1581 1273 quia
1615 1198 1738 1273 corpus
1772 1188 1805 1250 et
1839 1181 1977 1271 sanguis

602 1296 763 1386 unigeniti
786 1292 863 1364 Filii
888 1296 935 1363 tui
960 1290 1127 1364 conditum
1154 1294 1187 1362 in
1213 1290 1371 1364 membris
1398 1315 1515 1365 eorum
1541 1303 1610 1366 est:
1643 1315 1705 1389 per
1729 1316 1827 1388 quem
1854 1305 1889 1367 et
1914 1316 1977 1367 nos

602 1407 869 1483 misericordiam
895 1410 1057 1502 consequi
1084 1429 1278 1503 speramus,
1315 1417 1350 1479 et
1384 1410 1613 1481 remissionem
1648 1417 1863 1504 peccatorum
1891 1431 1977 1503 quae

604 1533 657 1597 est
682 1533 821 1621 propter
846 1545 933 1609 eum,
961 1532 994 1593 et
1020 1521 1096 1611 illis,
1124 1533 1157 1594 et
1183 1519 1291 1594 nohis.
1942 1522 1945 1528 '

708 1638 869 1733 Populos.
922 1636 1076 1709 Remitte.
1457 1687 1460 1693 -

708 1750 892 1825 Sacerdos.
946 1751 989 1823 Et
1023 1774 1103 1839 nos,
1141 1761 1175 1823 et
1207 1750 1283 1823 illos
1319 1751 1439 1843 dignos
1473 1749 1529 1823 fac
1559 1749 1624 1822 line
1657 1748 1855 1841 christiano,
1887 1754 1976 1823 insi-

602 1869 801 1965 pientiamm
827 1878 1027 1955 nostrarum,
1053 1865 1251 1961 illorumque
1277 1889 1346 1939 non
1372 1865 1588 1955 recordatus,
1615 1876 1650 1936 ut
1675 1869 1710 1937 in
1743 1864 1807 1937 hoo
1833 1870 1918 1939 siout
1943 1870 1978 1939 in

603 1981 757 2056 omnihus
782 1982 946 2071 laudetur,
974 1993 1007 2054 et
1033 1978 1222 2053 celebretur
1247 2004 1370 2055 nomen
1396 1981 1486 2053 tirum
1512 1979 1743 2072 benedictum,
1775 1990 1810 2052 et
1842 1982 1978 2054 Domini

601 2098 710 2171 nostri
735 2100 817 2172 lesu
844 2096 977 2186 Christi,
1005 2108 1040 2170 et
1065 2096 1208 2193 Spiritus
1234 2101 1281 2169 tui
1306 2100 1390 2187 vivi,
1420 2107 1453 2169 et
1480 2101 1597 2185 sancti,
1625 2106 1688 2168 eto.

706 2209 868 2307 Populus.
922 2214 975 2287 Ut.

707 2328 891 2412 Sacerdos.
943 2329 1028 2402 Pax.
1128 2416 1135 2424 ⁹

708 2442 869 2537 Populus.
921 2442 966 2516 Et
991 2466 1064 2515 oum
1092 2444 1209 2539 spiritu
1234 2453 1302 2516 tuo.

706 2557 890 2632 Sacerdos
944 2558 1016 2631 Sim
1043 2561 1273 2632 miserationes
1299 2557 1365 2629 Dei
1390 2558 1509 2630 Patris.

707 2673 891 2748 Sacerdos.
945 2673 1129 2746 Credimus.

705 2788 885 2861 Diaconos
910 2790 996 2859 dicit
1019 2788 1239 2860 Catdotiaam.

706 2903 883 2978 Sacerdos
903 2907 1038 2998 franqit
1063 2911 1099 2975 et
1123 2908 1246 3000 signat.

1034 3179 1155 3250 Oratio
1183 3186 1263 3249 ante
1289 3179 1391 3251 Pater
1416 3186 1541 3249 noster.

678 3366 798 3463 ,Deus
825 3368 1009 3438 orationum
1043 3374 1233 3462 susceptor,
1260 3367 1520 3461 petitionumque
1553 3370 1713 3459 acceptor
1744 3382 1905 3455 rogamus
1939 3374 1975 3435 et

601 3503 718 3555 coram
743 3489 777 3553 to
803 3484 1058 3577 pronunciamus
1086 3484 1270 3553 orationem
1297 3480 1382 3551 hana
1409 3480 1606 3553 dominicam
1640 3501 1738 3575 quam
1771 3477 1883 3551 docuit
1909 3502 1973 3552 nos

599 3597 790 3690 unigenitus
814 3596 918 3669 Filius
945 3606 1033 3686 tuus,
1062 3606 1096 3668 et
1122 3585 1225 3669 corde
1251 3599 1394 3668 cannito
1421 3595 1601 3669 clamamus
1629 3605 1663 3667 et
1693 3594 1846 3667 dicimus:
1873 3593 1974 3666 Pater

600 3722 718 3786 noster
744 3715 799 3807 qui
825 3734 863 3786 es
889 3715 923 3784 in
950 3712 1064 3786 coelis.

706 3825 866 3921 Papulas.
919 3827 1162 3915 Sanctificetur,
1190 3838 1252 3899 etc.

705 3941 888 4015 Sacerdos.
942 3941 1066 4016 Libora
1092 3964 1156 4015 nos
1181 3942 1325 4014 Domine
1350 3943 1443 4014 Deus
1475 3964 1495 4012 a
1522 3940 1629 4030 malo,
1656 3951 1690 4012 et
1718 3939 1759 4013 ab
1788 3939 1878 4012 omni
1904 3960 1974 4031 ge-

599 4078 685 4129 nero
715 4058 914 4151 iniquitatis3
945 4069 1107 4153 peccata,
1143 4067 1176 4129 et
1210 4059 1414 4152 insipientias
1453 4065 1587 4129 nostras
1623 4055 1748 4127 dimitte
1785 4054 1901 4142 nobis,
1942 4062 1975 4124 et

600 4168 754 4245 omnibns
781 4174 836 4267 qui
862 4174 896 4243 in
922 4194 985 4245 nos
1013 4193 1222 4268 quocumque
1242 4172 1344 4244 modo
1371 4171 1595 4266 deliquemmt:
1622 4174 1785 4267 propitius
1801 4181 1874 4243 esto
1902 4190 1972 4240 uo-

599 4283 665 4375 bis,
691 4295 726 4358 et
750 4283 814 4360 illis
840 4285 997 4377 Domine,
1024 4298 1057 4359 et
1083 4287 1267 4360 referemus
1295 4286 1353 4359 tibi
1380 4285 1535 4378 gloriam,
1563 4295 1597 4358 et
1621 4285 1762 4358 laudem.

583 4405 586 4409 “
705 4400 866 4494 Populus.
918 4404 1037 4475 Amen.

705 4514 890 4590 Sacerdos.
941 4518 1025 4590 Pax.

704 4630 866 4726 Populus.
918 4632 963 4705 Et
989 4656 1065 4705 cum
1091 4634 1208 4729 spiritu
1234 4643 1302 4703 tuo.

703 4747 893 4824 Diaaoous.
945 4750 1103 4821 Inclinato
1130 4752 1239 4844 capita
1265 4755 1390 4820 vestra.

704 4860 866 4954 Populos.
922 4862 1045 4936 Coram
1070 4873 1104 4934 te
1130 4862 1283 4934 Domine.

705 4977 891 5049 Sacerdos.
943 4977 1066 5050 Emitte
1092 4980 1234 5050 Domine
1261 4977 1435 5049 dexteram
1461 4987 1567 5066 tuam,
1601 4984 1636 5047 et
1666 4973 1795 5046 aliunde
1824 4976 1974 5046 misera-

600 5094 712 5165 tiones
738 5103 812 5165 tuos
839 5117 940 5190 super
965 5094 1121 5191 populum
1148 5104 1250 5183 tuum,
1277 5104 1311 5164 et
1337 5115 1440 5188 super
1466 5113 1551 5164 oves
1577 5092 1695 5183 gregis
1729 5090 1793 5177 tui,
1820 5091 1875 5183 qui
1903 5112 1974 5161 ex-

599 5215 723 5302 pectat,
749 5219 786 5280 ut
812 5213 952 5305 accipiat
980 5231 1100 5304 corpus
1128 5220 1162 5281 et
1188 5211 1383 5300 sanguinem
1411 5208 1572 5299 unigeniti
1598 5204 1673 5275 Filii
1705 5206 1770 5276 tui:
1804 5205 1973 5276 sanctifica
2030 5236 2032 5239 ·

654 5343 741 5388 nonus
754 5344 779 5388 n.
1709 5320 1761 5395 60
