5150 6534
880 927 883 934 .
947 821 979 924 e.
1020 845 1275 925 urrunnu
1319 846 1627 929 cluuoutot.
1892 854 1971 930 aer

606 1028 789 1123 gloriosum
814 1034 949 1105 omnino
975 1042 1010 1106 et
1034 1032 1254 1126 benedictum,
1279 1043 1315 1108 nt
1341 1038 1440 1109 edam
1460 1038 1595 1111 Domini
1612 1040 1719 1113 nostri
1733 1039 1815 1113 lesu
1836 1034 1969 1130 Christi,

608 1155 644 1219 et
668 1148 811 1246 Spiritus
837 1152 960 1233 sancti,
986 1169 1091 1240 nnnc,
1116 1159 1180 1222 eto.

710 1264 871 1359 Populus.
924 1262 977 1336 Ut.

710 1379 893 1452 Sacerdos.
946 1380 1029 1452 Pax.

710 1494 871 1589 Populus.
922 1494 1067 1570 Etcum
1093 1499 1208 1592 spiritu
1235 1508 1302 1569 tuo.

710 1610 894 1683 Sacerdos.
946 1612 1199 1686 Misericordiae
1224 1612 1358 1684 Domini
1385 1614 1459 1683 sint.

710 1726 885 1800 Sacerdos
907 1731 1042 1820 sranpit
1067 1733 1102 1799 ct
1126 1731 1249 1819 epact.

709 1843 895 1916 Diaconos.
947 1844 1068 1916 lterum
1094 1853 1193 1938 atque
1221 1848 1350 1916 iterum.
1446 1870 1448 1876 ·

845 2188 1019 2259 Sacerdos
1044 2188 1129 2258 dicit
1156 2186 1354 2257 Orationem
1379 2192 1459 2268 onte
1485 2184 1585 2258 Pater
1610 2198 1735 2260 noster.

710 2393 803 2468 Deus
829 2394 930 2466 Pater
954 2416 1038 2466 vere
1064 2392 1137 2465 Filii
1170 2396 1263 2479 veri,
1296 2397 1370 2489 ipse
1402 2397 1495 2485 cujus
1529 2392 1645 2465 laudes
1679 2393 1766 2466 coeli
1800 2408 1968 2487 enarrant,

605 2519 641 2582 et
666 2514 760 2603 quus
786 2510 927 2605 gloriam
955 2532 1071 2584 omnes
1098 2519 1272 2581 creaturae
1298 2509 1502 2604 praedicant,
1530 2520 1618 2582 terra
1637 2521 1671 2582 et
1690 2514 1794 2583 mario
1810 2513 1969 2586 miraculo

606 2630 679 2719 ejus
705 2625 949 2700 demonstrant:
973 2625 1097 2718 Angeli
1124 2636 1159 2697 et
1184 2625 1335 2697 homines
1361 2629 1541 2722 praeconia
1568 2630 1640 2719 ejus
1667 2638 1802 2699 canunt:
1836 2639 1968 2700 tecum

605 2741 764 2835 majestas
791 2752 844 2814 tua
871 2746 914 2814 sit
939 2741 1194 2814 inaccessibilis:
1222 2744 1368 2812 essentia
1388 2752 1443 2812 tua
1461 2741 1747 2834 ininvestigabilis,
1775 2742 1968 2817 abscondita

603 2870 721 2931 natura
736 2868 790 2930 tua
806 2856 1080 2954 impenetrabilis:
1097 2857 1284 2951 infinitaque
1300 2856 1522 2931 manifestatio
1543 2868 1612 2930 tua:
1628 2868 1661 2930 te
1681 2858 1830 2931 exaltant
1850 2882 1966 2933 omnes

605 2974 740 3047 ordines
762 2985 796 3048 et
814 2974 948 3046 militiae
972 2972 1150 3061 coelestes,
1176 2971 1222 3042 illi
1240 2993 1325 3066 quos
1346 2976 1468 3044 creasti
1488 2972 1530 3045 ad
1550 2976 1764 3046 ministerium
1784 2980 1966 3068 majestatis

604 3100 691 3176 urae,
718 3101 752 3162 et
773 3094 897 3163 ornasti
923 3089 1025 3161 radiis
1040 3090 1221 3186 praeclaris
1237 3087 1415 3160 divinitatis
1435 3099 1527 3160 tuae:
1555 3093 1676 3186 quippe
1691 3114 1752 3187 per
1778 3102 1811 3163 te
1839 3094 1967 3180 vivunt,

604 3216 780 3279 moventur
807 3215 840 3277 et
865 3206 1098 3278 illuminantur:
1126 3215 1224 3298 atque
1251 3203 1412 3297 obsequio
1439 3214 1596 3276 accurato
1624 3217 1657 3277 et
1690 3205 1824 3297 sedulo,
1855 3218 1968 3280 numm

604 3321 832 3394 mandatorum
858 3333 986 3395 tuorum
1014 3344 1099 3415 quae
1126 3319 1314 3412 transgredi
1339 3318 1434 3392 nefas
1461 3330 1525 3407 est,
1553 3321 1744 3394 observant.
1779 3322 1852 3395 Nos
1876 3346 1966 3417 quo-

607 3460 671 3532 que
696 3438 813 3509 infirmi
839 3448 873 3508 et
898 3448 1096 3532 peccatores
1123 3440 1215 3508 servi
1241 3438 1299 3523 tui,
1326 3438 1496 3508 orationes
1523 3447 1557 3508 et
1582 3438 1839 3533 supplicationes
1856 3438 1966 3510 ellinu-

606 3553 711 3627 dimus
737 3576 849 3626 coram
878 3564 925 3625 te:
953 3553 1132 3627 secundum
1158 3554 1386 3643 magisterium
1412 3560 1446 3622 ct
1471 3554 1705 3625 institutionem
1719 3554 1794 3626 Filii
1815 3558 1860 3626 tui
1887 3558 1966 3626 uni-

604 3673 726 3763 geniti:
752 3673 807 3763 qui
833 3692 907 3740 eum
931 3673 965 3741 iu
992 3691 1092 3741 carne
1120 3679 1211 3740 essct
1236 3688 1338 3762 super
1369 3675 1509 3755 terram,
1542 3672 1727 3742 orationem
1759 3669 1966 3760 dominicam,

602 3788 637 3857 in
664 3809 729 3880 qna
754 3796 823 3858 tota
851 3785 940 3857 salos
965 3789 1056 3857 vitae
1081 3794 1217 3858 nostrae
1243 3786 1353 3878 posito
1379 3792 1441 3873 est,
1469 3783 1579 3856 docuit
1604 3808 1677 3857 nos.
1712 3785 1851 3857 Praesta
1868 3784 1966 3860 nohis

603 3900 747 3975 Domine
773 3903 876 3989 Deus,
904 3910 939 3973 ut
963 3900 1052 3973 illam
1078 3900 1217 3973 fidenter
1243 3903 1420 3970 recitemus
1447 3921 1559 3971 coram
1579 3910 1630 3972 te:
1658 3898 1904 3994 clamemusque
1924 3901 1966 3973 ad

602 4026 649 4107 te,
675 4018 777 4089 Pater
802 4020 1005 4104 misericors,
1033 4026 1067 4087 et
1093 4016 1247 4088 dicamus.
1301 4015 1401 4084 Pater
1428 4025 1543 4087 noster
1570 4020 1687 4110 quies
1714 4018 1747 4084 in
1775 4017 1887 4089 coelis.

705 4133 865 4226 Populea.
919 4132 1157 4203 Sanctificetur.

704 4250 886 4321 Sacerdos.
938 4247 1069 4321 Exaudi
1096 4250 1236 4319 Domine
1263 4248 1337 4344 depr
1346 4250 1529 4318 acutionem
1556 4246 1668 4342 populi
1694 4250 1739 4319 tui
1774 4247 1899 4336 fidelis,
1933 4257 1966 4319 et

565 4363 796 4438 ‘liheraeos
824 4390 843 4437 a
870 4364 970 4453 malo,
997 4374 1031 4435 et
1056 4387 1076 4435 a
1103 4366 1257 4435 ministris
1285 4366 1357 4453 ejus
1384 4362 1599 4435 daemonibus
1633 4366 1824 4457 corporeis,
1856 4372 1889 4434 et
1922 4363 1963 4434 ab

601 4485 690 4553 omni
712 4485 891 4553 tentatione
914 4505 1000 4576 quae
1019 4481 1111 4551 vires
1136 4487 1279 4572 superet.
1307 4479 1364 4549 Pet
1377 4478 1437 4550 lice
1457 4478 1542 4566 illos,
1562 4500 1623 4574 per
1641 4478 1846 4551 voluntatem
1860 4490 1964 4550 tuam:

600 4601 687 4669 nutri
714 4597 789 4671 illos
816 4620 877 4693 per
902 4601 1042 4689 gratiam
1069 4607 1173 4683 tuam3
1206 4604 1240 4665 et
1273 4598 1357 4667 satia
1389 4594 1464 4667 illos
1497 4593 1694 4689 pinguedine
1727 4595 1844 4666 domus
1873 4605 1964 4666 tuae:

600 4715 679 4807 quia
705 4723 793 4785 tuum
820 4724 873 4785 est
898 4735 1054 4805 regnum,
1080 4721 1230 4808 potestas
1258 4721 1292 4782 et
1318 4711 1439 4803 gloria,
1458 4721 1499 4808 *et
1524 4709 1583 4782 tibi
1609 4710 1747 4802 gloriam
1775 4721 1808 4783 et
1833 4709 1963 4780 laudem

599 4827 803 4915 referemus,
830 4840 864 4899 et
889 4832 1077 4921 unigenito,
1106 4838 1169 4898 etc.

704 4945 864 5037 Populus.
916 4946 1035 5017 Amen.

703 5060 887 5131 Sacerdos.
940 5061 1023 5130 Pax.

704 5175 864 5268 Populos.
918 5176 1061 5246 Etcum
1087 5175 1204 5269 spiritu,
1227 5184 1295 5246 tuo.

703 5291 888 5363 Diaconos.
942 5290 1099 5362 lnclinate
1126 5292 1234 5386 capita
1260 5300 1385 5363 vestra.

625 5427 712 5471 'somus
725 5429 748 5471 ll.
