5150 6534
792 1262 858 1353 IN
909 1262 1291 1356 LITURGIAM
1333 1263 1517 1356 tuiti
1566 1263 1784 1357 PAPAE

1198 1471 1373 1555 uolut.

711 1667 792 1745 Juuu
814 1678 939 1743 Romani
962 1680 1111 1744 Pontificis
1135 1682 1256 1745 nomine
1270 1682 1434 1763 liturgiam
1457 1679 1702 1762 apudlacobitas
1725 1687 1831 1746 extare
1854 1693 1970 1748 certum

601 1789 662 1861 est,
693 1782 863 1846 testimonio
891 1782 1049 1845 multorum
1072 1781 1217 1846 Codicum
1238 1785 1311 1847 blss.
1341 1787 1392 1866 qui
1415 1802 1481 1845 eam
1502 1791 1750 1865 repraesentant:
1780 1793 1842 1848 tum
1868 1789 1968 1867 etiam,

601 1879 683 1961 quod
697 1880 864 1943 blaronitae
886 1883 1074 1946 recentiores
1097 1898 1164 1944 eam
1186 1884 1264 1945 inter
1286 1891 1539 1961 suasnumerent,
1560 1891 1594 1946 ut
1607 1882 1679 1945 lecit
1692 1883 1844 1947 Abrabam
1856 1885 1971 1950 Echel-

599 1980 705 2059 lensis,
728 1981 758 2042 in
779 1979 866 2043 Notis
890 1980 927 2042 ad
950 1980 1163 2060 Hebed-Jesu,
1187 1981 1309 2044 Gabriel
1331 1982 1443 2046 Sionita
1465 1981 1601 2062 Epistola
1624 1983 1661 2044 ad
1681 1981 1851 2046 Bartoldum
1873 1985 1970 2047 Nibu-

602 2079 679 2142 sium
701 2086 732 2142 et
753 2077 811 2141 alii.
857 2078 984 2160 Tamen,
1013 2098 1071 2161 qua
1093 2080 1210 2142 ratione
1232 2083 1382 2160 nescitur,
1412 2083 1489 2143 inter
1511 2098 1564 2143 eas
1587 2098 1664 2161 quae
1686 2082 1717 2143 in
1738 2081 1852 2144 Missali
1875 2081 1970 2145 Chal-

601 2178 688 2242 daico
711 2178 809 2241 editae
831 2177 968 2255 luerunt,
994 2179 1092 2243 locum
1114 2197 1175 2242 non
1195 2180 1315 2257 babuit3
1343 2180 1579 2243 necimmerito.
1623 2178 1729 2259 Neque
1752 2179 1830 2242 enim
1852 2181 1969 2262 Latine,

602 2275 729 2356 Graece,
753 2285 803 2340 out
826 2277 882 2340 alia
905 2279 1129 2361 quamSyriaca
1143 2278 1246 2361 lingua
1268 2282 1421 2360 reperitur
1441 2278 1512 2356 ulla,
1536 2294 1614 2359 quae
1637 2277 1717 2339 bunc
1739 2279 1853 2341 titulum
1876 2298 1970 2360 prae-

602 2374 681 2439 ierat
701 2374 848 2460 liturgia.
877 2377 1033 2440 Jacobitae
1056 2376 1129 2459 Syri
1148 2379 1198 2457 qui
1219 2397 1316 2441 novas
1337 2379 1444 2441 multas
1467 2384 1711 2458 composuerunt,
1734 2378 1970 2461 utJuliol’apae

599 2492 690 2540 uuam
712 2474 920 2553 attribuerent,
942 2493 1034 2538 causa
1055 2476 1131 2538 baec
1151 2476 1216 2540 luit.
1251 2477 1404 2558 Epistulas
1427 2474 1585 2539 nonnullas
1601 2476 1687 2538 istius
1703 2476 1865 2554 Pontificis,
1889 2497 1968 2559 quae

601 2571 712 2636 dudum
734 2592 751 2636 a
774 2574 847 2637 viris
869 2573 1050 2638 doctissimis
1073 2575 1219 2658 explosae
1241 2584 1320 2656 sunt,
1343 2577 1374 2638 in
1397 2575 1504 2657 quibus
1527 2573 1711 2656 praesidium
1728 2575 1848 2657 aliquod
1871 2578 1970 2640 errori

599 2687 668 2749 auo,
690 2671 922 2755 blonopbysitae
944 2675 1097 2754 reperisse
1128 2693 1162 2737 sc
1192 2675 1377 2751 existimant,
1410 2674 1618 2737 commendant
1648 2691 1849 2757 magnopere,
1880 2684 1912 2739 et
1937 2676 1969 2738 in

599 2769 804 2835 collectaneis
834 2771 892 2833 illis
921 2789 999 2853 quae
1029 2774 1120 2835 multa
1148 2782 1284 2836 veterum
1314 2775 1432 2836 Patrum
1463 2773 1647 2852 testimonia,
1671 2773 1709 2836 ad
1732 2773 1820 2836 unius
1842 2782 1968 2837 naturae

599 2869 809 2952 probationem
831 2871 994 2949 continent,
1016 2889 1076 2934 non
1099 2890 1195 2953 pauca
1218 2892 1257 2934 ex
1278 2872 1337 2935 illis
1359 2872 1502 2955 Epistolis
1526 2871 1708 2935 referuntur.
1740 2871 1800 2936 Sed
1823 2873 1853 2935 id
1874 2891 1969 2956 prae-

602 2970 691 3050 cipue
713 2970 895 3033 observatur
917 2972 946 3032 in
968 2970 1045 3033 libro
1067 2971 1213 3034 maximae
1237 2972 1315 3053 apud
1337 2971 1490 3036 Jacobitas
1513 2972 1696 3050 autoritatis,
1719 2973 1770 3052 qui
1791 2973 1882 3035 Fides
1903 2972 1970 3034 l'c-
2069 3024 2073 3027 .
2099 3006 2101 3012 .

601 3077 682 3130 tram
704 3069 886 3150 appellatur:
908 3077 941 3132 ut
962 3072 992 3131 in
1016 3070 1204 3133 Tractatibus
1227 3070 1373 3136 adversus
1390 3072 1544 3135 blelcbitas
1567 3076 1599 3132 et
1620 3070 1826 3147 Nestorianos,
1848 3069 1895 3133 lsa
1918 3070 1969 3131 filii

601 3165 708 3245 Zaraa,
731 3176 762 3231 et
783 3168 881 3231 multis
905 3168 979 3232 aliis.
1024 3168 1101 3232 Nibil
1125 3177 1222 3233 tamen
1246 3172 1275 3232 in
1298 3173 1355 3233 ista
1370 3170 1504 3252 liturgia
1527 3168 1782 3248 animadvertitur,
1805 3167 1885 3251 quod
1899 3168 1970 3230 lilo-

599 3251 827 3347 nopbysitarum
850 3267 990 3331 haeresin
1012 3269 1161 3334 insinuet
1197 3269 1285 3344 Quod
1307 3271 1387 3332 enim
1410 3270 1438 3331 in
1461 3266 1610 3349 Diptycbo
1633 3285 1743 3329 nomen
1772 3267 1880 3330 Severi
1901 3265 1970 3328 An-

599 3363 732 3428 tiocheni
753 3366 883 3450 legatur,
905 3366 986 3429 illam
1008 3367 1046 3430 ad
1060 3368 1212 3432 Jacobitas
1228 3370 1413 3451 pertinuisse
1429 3367 1623 3445 demonstrat,
1646 3365 1701 3427 sed
1715 3365 1787 3428 nibil
1802 3366 1872 3428 inde
1890 3366 1969 3427 circa

600 3463 679 3526 illius
693 3465 898 3546 antiquitatem
912 3464 1020 3529 deduci
1035 3474 1150 3547 potest:
1167 3486 1233 3530 cum
1248 3468 1362 3531 librarii
1377 3484 1470 3547 saepe
1483 3465 1592 3529 addant
1607 3483 1667 3528 non
1682 3465 1772 3528 modo
1786 3473 1969 3541 sanctorum,

601 3580 680 3643 quae
709 3563 783 3644 ipsis
806 3565 836 3627 in
859 3573 989 3627 mentem
1012 3567 1136 3629 veniunt
1158 3567 1294 3646 nomina,
1318 3567 1375 3630 sed
1397 3583 1503 3629 eorum
1525 3564 1665 3643 maxime,
1687 3566 1750 3645 qui,
1772 3572 1804 3627 ut
1825 3563 1969 3640 Severus,

602 3663 632 3723 in
661 3660 799 3724 Ecclesia
833 3682 887 3725 sua
915 3666 1080 3727 sanctitatis
1109 3672 1139 3727 et
1172 3665 1326 3729 doctrinae
1355 3665 1498 3747 opinione
1531 3662 1783 3727 commendantur.
1827 3661 1970 3735 Quamvis

600 3776 695 3840 porro
726 3760 806 3823 Julio
828 3760 963 3825 Romano
993 3762 1146 3841 Pontifici,
1177 3772 1228 3827 aut
1255 3765 1321 3846 ejus
1348 3765 1438 3827 aetati
1464 3764 1540 3825 banc
1569 3763 1733 3845 liturgiam
1762 3762 1882 3825 attribui
1909 3778 1971 3823 non

601 3875 694 3940 posse
717 3862 909 3942 perspicuum
931 3863 985 3937 sit,
1016 3862 1094 3923 inter
1116 3864 1253 3944 antiquas
1276 3864 1393 3945 Syriaci
1415 3866 1490 3925 ritus
1512 3860 1696 3924 numeranda
1718 3869 1818 3936 tamen
1838 3859 1968 3936 videtur,

601 3959 782 4038 praesertim
797 3960 835 4023 ob
850 3960 1026 4023 brevitatem
1040 3968 1071 4022 et
1085 3959 1145 4022 stili
1159 3962 1389 4041 simplicitatem,
1412 3981 1428 4023 a
1452 3980 1510 4042 qua
1533 3959 1722 4024 deflexerunt
1744 3967 1777 4023 ut
1798 3959 1968 4040 plurbnum,

602 4057 654 4137 qui
678 4056 751 4120 alias
774 4058 812 4122 ad
835 4061 1032 4121 vetustiorum
1053 4058 1179 4120 formam
1202 4067 1446 4140 composuerunt.
1481 4058 1560 4120 Nihil
1583 4066 1682 4121 autem
1705 4059 1735 4120 in
1758 4077 1794 4120 ea
1817 4057 1971 4141 singulare

602 4156 753 4234 occurrit,
784 4158 864 4238 quod
895 4158 1104 4239 explicandum
1133 4158 1173 4220 sit
1203 4155 1309 4220 lusiori
1339 4159 1568 4220 commentario:
1604 4175 1670 4219 cum
1700 4174 1778 4237 quae
1808 4155 1847 4219 de
1875 4155 1971 4219 lonna

602 4254 766 4318 verborum
789 4255 916 4335 Christi,
938 4265 969 4320 et
991 4256 1193 4320 lnvocationis
1217 4256 1345 4338 Spiritus
1368 4256 1464 4319 sancti
1486 4255 1566 4320 dicta
1589 4263 1660 4320 sunt
1681 4255 1719 4318 ad
1740 4254 1847 4317 Jacobi
1868 4255 1971 4318 Litur-

601 4352 699 4434 giam‚
720 4355 769 4417 isti
793 4373 912 4437 quoque
936 4358 1126 4422 conveniant.

1032 4682 1547 4727 “ww—⁴
