5150 6534
938 802 1628 933 urrnnarnrnrnun.
1895 856 1972 933 nse

668 1177 670 1181 ’
763 1160 940 1233 Sacerdos
961 1165 1096 1255 frangit
1121 1162 1279 1233 oblatam.
1335 1112 1457 1233 Oratio
1484 1162 1531 1232 cd
1547 1104 1657 1234 =Pater
1682 1172 1808 1235 noster.

703 1367 934 1462 Deprecamur
960 1376 993 1438 te
1020 1367 1112 1438 Deus
1139 1375 1245 1463 pater,
1273 1365 1479 1455 consolator,
1506 1377 1541 1437 et
1565 1366 1772 1441 confortator
1794 1368 1971 1441 infirmita-

597 1484 641 1555 tis
668 1494 826 1570 nostrae,
859 1481 995 1577 purifica
1020 1504 1084 1553 nos
1112 1483 1153 1554 ah
1182 1486 1271 1555 omni
1298 1482 1496 1555 immunditia
1533 1484 1725 1576 iniquitatis,
1760 1494 1794 1556 et
1827 1489 1971 1580 peccati,

598 1606 634 1669 ei
660 1600 795 1693 suscipe
821 1596 882 1669 has
910 1596 1116 1685 oblationes,
1143 1620 1226 1692 quas
1252 1620 1315 1692 pro
1342 1600 1491 1692 peccatis
1523 1600 1666 1686 nostris,
1702 1596 1760 1670 tibi
1792 1598 1971 1685 olierimns,

598 1720 636 1783 nt
660 1733 727 1783 uno
755 1713 941 1807 eodemque
968 1715 1097 1808 spiritu,
1124 1711 1306 1785 clamemus
1334 1713 1374 1785 ad
1393 1724 1441 1800 te,
1468 1734 1615 1802 oremus,
1642 1723 1674 1784 et
1694 1713 1852 1801 dicamus,
1871 1713 1972 1785 Peter

597 1836 716 1900 noster
742 1831 797 1922 qui
824 1851 862 1900 es
889 1832 921 1901 in
948 1828 1064 1899 coelis.

705 1943 866 2036 Populos.
919 1942 1158 2015 Sanctificetur.

704 2057 888 2131 Sacerdos.
929 2059 1022 2131 Deus
1048 2059 1206 2151 benigne,
1233 2083 1275 2131 ne
1301 2059 1438 2142 inducas
1464 2081 1529 2131 nos
1556 2062 1587 2129 in
1615 2061 1829 2133 tentationum
1856 2082 1970 2155 expe-

599 2176 752 2264 rimenta,
780 2178 857 2269 quia
883 2176 1039 2246 virtutem
1066 2197 1132 2247 non
1159 2175 1318 2247 hahemus
1347 2175 1389 2246 ad
1415 2174 1653 2246 sustinendum:
1682 2173 1742 2246 sed
1757 2196 1819 2269 pro
1832 2178 1971 2247 miseri·
2065 2252 2070 2259 ,

599 2288 716 2361 cordia
743 2299 798 2361 tua
824 2312 965 2382 magna,
1003 2294 1115 2385 eripe,
1151 2299 1184 2362 et
1210 2290 1306 2363 salva
1332 2313 1396 2362 nos
1424 2290 1466 2361 ab
1499 2290 1651 2362 omnihus
1686 2288 1796 2385 plagis
1830 2289 1971 2380 luroris3

600 2405 678 2498 quie
705 2416 760 2477 tua
787 2416 840 2477 est
864 2410 1029 2501 potentia,
1057 2417 1091 2477 et
1117 2427 1275 2497 regnum,
1310 2416 1344 2477 et
1370 2404 1427 2477 tibi
1453 2404 1612 2497 gloriam,
1646 2415 1679 2476 et
1710 2404 1841 2477 laudem
1873 2407 1971 2478 reie-

599 2521 712 2590 munus.

705 2634 867 2728 Populus.
919 2637 1039 2708 Amen.

704 2749 889 2823 Sacerdos.
942 2753 1025 2824 Pax.
1235 2752 1396 2844 Populus.
1451 2751 1605 2823 Etcum.

690 2866 892 2939 Diaconos.
945 2867 1114 2939 Inclinete.
1638 2949 1642 2955 ,

704 2981 887 3053 Sacerdos.
941 2983 1089 3054 Benedic
1115 2984 1259 3054 Domine
1285 2983 1378 3055 Deus
1413 3005 1555 3071 servos,
1588 2994 1622 3054 et
1654 2982 1848 3055 adoratores
1884 2994 1973 3072 tuos,

601 3102 656 3194 qui
684 3102 877 3182 animarum,
905 3109 938 3170 et
964 3121 1142 3193 corporum
1169 3096 1254 3169 colla
1282 3119 1397 3169 coram
1425 3109 1457 3168 te
1485 3098 1697 3185 demiserunt,
1726 3109 1760 3170 et
1784 3109 1818 3170 te
1845 3099 1973 3195 depre-

601 3225 727 3287 cantur.
780 3215 911 3305 Dignos
939 3214 1032 3285 ellice
1058 3212 1132 3286 illos
1160 3212 1322 3300 Domine,
1348 3212 1578 3285 misericordia
1606 3222 1672 3303 tua,
1699 3224 1734 3284 et
1759 3216 1858 3285 venia
1886 3237 1973 3287 suo-

600 3330 691 3423 rum,
718 3339 974 3423 nostrorumque
1001 3339 1234 3423 peccatorum,
1267 3331 1343 3422 quia
1375 3327 1497 3400 multae
1523 3327 1772 3400 misericordiae
1799 3339 1833 3400 et
1860 3332 1973 3402 omni-

600 3454 721 3541 potens
748 3457 782 3517 tu
810 3467 865 3533 es,
892 3455 926 3515 et
952 3444 1008 3516 tihi
1036 3443 1178 3536 gloriam
1204 3442 1393 3532 referimuS,
1419 3454 1481 3516 etc.

598 3652 601 3659 1
678 3561 867 3661 ΙΡοραὶπιε.
919 3562 1041 3634 Amen.
1494 3657 1497 3663 Ι

705 3677 891 3750 Sacerdos.
943 3678 1027 3749 Pax.
1236 3675 1397 3768 Papulas.
1449 3674 1603 3747 Etcum.

706 3790 890 3864 Sacerdos.
943 3792 1003 3863 Sit.

707 3906 895 3979 moeonas.
950 3903 1033 3981 Cum
1061 3909 1189 3978 timore.

707 4020 891 4092 Sacerdos.
945 4020 1069 4092 Sancta
1097 4023 1230 4093 sanctis.

707 4140 868 4233 Papulas.
922 4139 1015 4212 Unus
1042 4141 1142 4212 Pater
1170 4149 1314 4211 sanctus

708 4255 895 4330 Diaconos.
948 4256 1081 4327 Stemus
1109 4255 1276 4327 decenter.

910 4578 1089 4652 Sacerdos.
1146 4581 1267 4651 Oratio
1290 4582 1666 4673 postcommunionem.

710 4784 915 4858 Confitemur
942 4785 1018 4871 tihi,
1045 4784 1206 4873 Domine,
1233 4796 1267 4856 et
1292 4788 1419 4878 gratias
1451 4749 1579 4875 agimus
1613 4780 1671 4852 tibi
1703 4779 1798 4871 hujus
1831 4781 1975 4850 muneris

604 4922 708 4973 causa
737 4924 803 4995 quo
831 4923 894 4973 nos
921 4898 1042 4987 beasti,
1068 4902 1147 4972 licet
1171 4900 1335 4993 indignos.
1380 4899 1433 4971 Ne
1459 4902 1610 4994 impones
1637 4894 1735 4968 nobis
1761 4904 1974 4989 peccatorum

603 5024 794 5088 nostrorum
821 5016 994 5111 pudorem,
1022 5013 1082 5085 sed
1110 5018 1203 5110 eripe
1229 5037 1293 5087 nos
1314 5039 1333 5086 a
1354 5012 1521 5110 spiritibus
1540 5010 1755 5098 adversariis,
1783 5012 1838 5103 qui
1852 5007 1975 5082 nobis-

603 5152 680 5203 cum
707 5129 939 5216 colluctantur,
974 5140 1009 5200 et
1035 5151 1098 5200 uua
1125 5152 1213 5203 voce
1240 5129 1423 5202 referemus
1450 5126 1506 5200 tihi
1532 5126 1692 5220 gloriam,
1726 5135 1791 5197 etc.

708 5245 869 5340 Papulas.
896 5246 1017 5319 Amen.
