5150 6534
600 1652 1106 1772 BEATORUM
1156 1656 1171 1698 ⁸
1226 1650 1923 1829 nroxstoionun

632 1890 902 1986 *comestura
923 1893 953 1968 S.
969 1892 1096 1969 ADAEO
1114 1894 1162 1969 ET
1181 1894 1211 1972 S.
1226 1894 1320 1970 llllll
1339 1891 1594 1970 aumantium
1612 1888 1861 1969 DOGTORIBUS.

570 2165 720 2236 Accedit
744 2165 921 2236 Sacerdos
946 2167 993 2236 od
1019 2166 1276 2254 celebrandum,
1314 2173 1432 2259 terque
1468 2163 1653 2234 inclinetur
1680 2183 1797 2234 corum
1823 2165 1940 2254 altori,

499 2302 503 2310 ·
622 2288 716 2374 cujus
741 2282 884 2352 medium
911 2282 1102 2353 occulatur:
1128 2289 1195 2353 tum
1222 2305 1330 2353 corma
1357 2283 1513 2353 deal-rum
1539 2285 1575 2350 et
1599 2283 1790 2367 simistrum,
1819 2288 1854 2353 et
1879 2285 1938 2352 ia-

625 2400 772 2471 cliaotur
798 2398 845 2468 od
870 2403 943 2490 ejus
966 2406 1100 2490 portem
1125 2399 1369 2470 sublimiorem:
1410 2398 1458 2468 Et
1484 2397 1577 2466 dicit.

675 2594 851 2697 Bnanmc
885 2620 1038 2692 Domine.
1093 2620 1197 2693 Orate
1231 2644 1294 2718 pro
1328 2643 1382 2692 me
1415 2621 1552 2710 Patres,
1584 2616 1706 2692 iratres
1740 2628 1773 2691 et
1807 2621 1940 2691 Domini

570 2741 653 2824 moi,
680 2748 715 2809 ut
740 2739 833 2809 Deus
861 2736 917 2807 det
942 2735 1020 2807 mihi
1046 2739 1201 2812 virtutem
1228 2748 1263 2809 et
1288 2734 1554 2833 possibilitatem,
1581 2757 1646 2829 quo
1674 2735 1842 2829 perficiam
1869 2737 1940 2807 mi-

571 2858 741 2925 nisterium
768 2852 847 2940 hoc,
876 2851 918 2922 ad
945 2851 1033 2945 quod
1060 2857 1206 2939 accessi,
1234 2858 1499 2949 suscipiaturque
1527 2850 1651 2923 oblatio
1678 2849 1761 2923 haec
1789 2873 1940 2923 crs-ma-

572 2970 670 3043 nibus
697 2968 927 3041 imbecillitatis
954 2990 1070 3057 meae,
1096 2992 1159 3066 pro
1186 2994 1261 3059 me,
1287 2993 1350 3065 pro
1377 2969 1496 3056 vobis,
1530 2977 1564 3038 et
1595 2989 1658 3063 pro
1693 2977 1762 3039 toto
1795 2990 1940 3063 corpore

572 3079 748 3159 Ecclesiae
776 3094 913 3159 sanciae
940 3082 1151 3176 Catholicae,
1181 3090 1411 3182 pergratiam
1438 3089 1510 3178 ejas
1538 3094 1572 3156 ct
1597 3085 1828 3155 miserationes
1854 3087 1940 3175 ejus,

570 3203 603 3273 in
631 3201 773 3308 saecula.
825 3203 945 3273 Amen.

592 3396 593 3401 η
674 3319 730 3417 Et
754 3317 969 3410 respondent.
1031 3313 1180 3386 Christus
1214 3314 1372 3386 exaudiat
1411 3319 1580 3388 orationes
1616 3325 1706 3403 tuas,
1742 3323 1939 3410 gratumque

570 3431 691 3505 habeat
718 3433 913 3505 sacrificinm
940 3441 1044 3503 nrum:
1072 3433 1230 3527 suscipiat
1256 3428 1459 3502 oblationem
1490 3443 1598 3522 tuam,
1634 3432 1842 3526 honoretque
1875 3453 1938 3504 sa-

571 3548 752 3622 cerdotium
779 3560 887 3636 tuum3
914 3559 948 3619 et
975 3546 1030 3619 det
1050 3546 1153 3642 nohis
1187 3569 1249 3643 per
1280 3545 1513 3619 mediationem
1544 3558 1648 3635 tuam,
1681 3536 1814 3620 veniam
1848 3547 1938 3621 deli-

569 3674 697 3735 ctorum
723 3676 927 3752 nostrorum,
954 3673 987 3734 et
1006 3666 1237 3735 remissionem
1256 3672 1473 3759 peccatorum
1491 3675 1693 3754 nostrorum,
1719 3667 1939 3761 pergratiam
1992 3749 1997 3756 ,
2066 3683 2069 3688 ’

570 3801 663 3852 suam
691 3789 724 3850 et
750 3781 979 3850 miserationes
1007 3800 1085 3851 suas
1112 3783 1145 3851 in
1173 3778 1316 3851 saecula.
1832 3766 1835 3771 ⁵

674 3896 760 3966 Moe
785 3895 929 3965 lacliaot
960 3917 998 3965 se
1029 3897 1076 3964 od
1106 3901 1242 3987 portem
1273 3899 1488 3989 inferiorem,
1524 3896 1642 3966 eodem
1669 3891 1936 3989 pronuntiando,

523 4031 525 4034 ⁴
570 4013 753 4105 eodemque
778 4012 876 4082 modo
903 4014 954 4083 illi
980 4002 1204 4108 respondent:
1230 4021 1298 4086 tum
1317 4016 1501 4087 inclinatur
1520 4040 1638 4088 versus
1657 4017 1770 4088 ultore
1790 4023 1825 4088 et
1844 4017 1938 4088 dicit.
2044 4046 2047 4052 ·

673 4129 766 4199 Deus
802 4131 944 4201 omnium
980 4130 1160 4219 Dominus,
1196 4135 1238 4203 sit
1272 4154 1346 4203 cum
1380 4131 1531 4205 omnibus
1571 4131 1668 4205 nobis
1704 4156 1766 4229 per
1798 4120 1939 4226 gratiam

489 4229 499 4248 ’
572 4265 664 4314 suam
693 4255 727 4315 et
752 4246 1004 4334 miserationes,
1032 4250 1065 4318 in
1092 4245 1235 4318 saecula.
1288 4248 1429 4329 nmen.;

676 4360 723 4429 Et
757 4361 940 4431 inclinatus
973 4364 1020 4431 ud
1051 4362 1244 4433 Diaconum
1276 4366 1335 4456 qui
1367 4370 1418 4434 est
1451 4387 1473 4433 o
1504 4367 1665 4453 sinistro,
1698 4364 1792 4435 dicit.
1845 4363 1938 4435 Deus

571 4479 712 4546 omnium
740 4477 900 4548 Dominus
927 4478 1098 4550 confirmet
1123 4476 1229 4550 verba
1257 4488 1324 4565 tua,
1352 4489 1385 4549 et
1411 4489 1561 4574 praestet
1585 4479 1645 4552 tihi
1666 4502 1795 4576 pacem,
1823 4482 1937 4555 susci-

571 4595 705 4686 piatque
733 4591 933 4665 oblationem
960 4593 1044 4666 hanc
1070 4617 1116 4666 ex
1142 4594 1295 4667 manibus
1322 4599 1422 4683 meis,
1449 4618 1511 4691 pro
1539 4618 1612 4684 mc,
1646 4606 1680 4666 et
1705 4617 1767 4693 pro
1795 4604 1845 4682 te,
1875 4617 1938 4690 pro

570 4718 640 4781 toto
667 4731 811 4804 corpore
838 4709 1013 4781 Ecclesiae
1047 4722 1184 4782 sanctae
1213 4710 1423 4800 Catholicae,
1459 4721 1493 4782 et
1524 4733 1586 4806 pro
1621 4700 1781 4786 universo
1816 4710 1938 4782 mundo

569 4829 798 4919 pergratiam
826 4829 898 4917 ejus
926 4837 960 4898 et
986 4829 1216 4900 miserationes
1244 4829 1316 4918 ejus
1343 4830 1376 4897 in
1403 4827 1548 4901 saecula.

872 5101 1022 5173 laclioot
1047 5124 1093 5173 aer
1111 5101 1158 5172 od
1183 5103 1296 5174 ultore
1323 5109 1357 5173 et
1382 5107 1517 5174 secreto
1544 5101 1636 5172 dicit.

672 5291 814 5362 Domine
840 5302 875 5363 et
900 5293 993 5365 Deus
1020 5301 1135 5365 noster
1160 5314 1203 5363 ne
1231 5295 1375 5388 aspicias
1403 5291 1445 5362 ad
1472 5289 1705 5362 multitudinem
1723 5299 1936 5386 pcccatorum

540 5410 775 5495 'nostrorum
803 5431 912 5506 neque
938 5419 1109 5482 avertatur
1145 5407 1286 5501 dignitas
1320 5417 1375 5481 tna
1407 5419 1545 5504 propter
1577 5410 1777 5500 gravitatem
1812 5409 1935 5500 nequi-

1662 5523 1736 5597 76*
