5150 6534
908 811 1111 891 PfflLOlllllll
1136 811 1307 892 llPlSCOPI
1331 812 1606 891 andanumtais.
1894 812 1972 890 407

699 999 862 1094 Populus.
915 1000 1036 1071 Amen.

700 1114 886 1187 Sacerdos.
938 1114 1022 1186 Pax.

699 1230 863 1323 Populus.
915 1228 1060 1302 Etcum
1086 1232 1203 1326 spiritu
1229 1239 1296 1302 tuo.

699 1345 890 1437 Dipoenus.
950 1345 1035 1417 Post
1076 1349 1325 1442 susceptionem
1365 1348 1598 1442 mysteriorum
1646 1347 1785 1418 istorum
1828 1355 1971 1419 sancto-

594 1479 682 1551 rum,
707 1469 770 1533 etc.
1755 1454 1760 1465 ’

699 1574 862 1669 Populus.
915 1572 1039 1647 Coram
1066 1584 1108 1645 te.

575 1694 578 1700 '
701 1689 887 1763 Sacerdos.
940 1690 1082 1762 Domine
1115 1691 1168 1783 qui
1201 1689 1366 1763 inclinasti
1393 1689 1510 1763 coelos
1545 1700 1580 1761 at
1614 1689 1830 1765 descendisti:
1865 1701 1900 1764 at
1926 1715 1972 1765 ex

596 1808 749 1879 terrain
775 1804 917 1879 sublime
944 1826 1007 1878 nos
1043 1804 1201 1893 elevasti3
1231 1792 1447 1899 peccatisque
1482 1796 1629 1878 omnium
1660 1816 1810 1880 noenum
1840 1829 1970 1904 peper-

598 1923 689 1994 cisti:
715 1923 879 2017 propitius
907 1930 980 1993 esto
1007 1919 1166 2008 Domine,
1198 1942 1261 2016 per
1296 1921 1417 1993 donum
1442 1920 1507 1993 hoc
1535 1920 1623 2016 quod
1649 1926 1875 2018 suscepimus,
1910 1926 1971 1997 toti

594 2033 720 2108 homini
745 2046 862 2111 nostro
889 2038 1039 2108 interiori
1065 2045 1100 2107 et
1127 2039 1305 2109 exteriori:
1333 2047 1366 2109 et
1393 2036 1436 2108 da
1461 2036 1560 2110 nobis
1577 2040 1734 2111 virtutem
1754 2048 1788 2110 et
1813 2046 1970 2132 potesta-

595 2159 686 2241 tem,
721 2150 764 2222 ad
798 2173 903 2223 verae
937 2154 1068 2247 pietatis
1102 2160 1180 2224 tuae
1213 2152 1485 2240 observantiam,
1526 2155 1602 2248 quia
1634 2162 1669 2226 tu
1703 2176 1741 2228 es
1770 2153 1864 2225 Deus
1891 2154 1969 2227 cle-

597 2285 713 2355 mens3
740 2275 775 2337 et
800 2265 859 2339 tibi
886 2266 1016 2338 laudem
1043 2266 1233 2354 referimus,
1261 2266 1419 2361 Patrique
1445 2277 1501 2341 tuo
1528 2278 1562 2340 at
1588 2267 1725 2364 Spiritui
1751 2279 1807 2341 tuo
1835 2279 1971 2343 sancto:

596 2393 863 2579 uuucqpotpqlm·
915 2484 1035 2557 Amen.
1242 2485 1432 2558 Diaconos.
1484 2485 1632 2559 Benedic
1657 2486 1810 2561 Domine.

606 2608 613 2628 ⁸
700 2599 886 2673 Sacerdos.
938 2600 1087 2672 Benedic
1114 2601 1276 2675 omnihus.

988 2930 1579 2987 ψ

577 3303 578 3307 Ὗ
638 3362 696 3452 nt
742 3359 1083 3452 urrunnun
1124 3358 1454 3453 annuorum
1498 3360 1930 3454 alanlnnnsrs

945 3578 1623 3701 Ossslllttlllit.

688 3881 781 3963 llaec
810 3894 975 3979 Lilurgiam
1008 3896 1215 3959 transtulimus
1246 3914 1287 3958 ex
1319 3894 1432 3958 Codice
1464 3893 1680 3977 Seguieriano‚
1710 3897 1741 3959 in
1769 3916 1829 3977 quo
1858 3898 1972 3981 aliquot

598 3998 675 4063 aliae
699 3998 939 4075 continebantur,
964 4003 994 4058 at
1017 3997 1103 4078 cujus
1126 4016 1186 4078 ope
1204 3999 1394 4080 agnovimus,
1417 3998 1613 4061 Philoxenum
1636 3998 1721 4080 cujus
1745 4017 1855 4062 nomen
1877 4019 1972 4081 prae-

597 4091 658 4164 fert
678 4115 739 4161 non
761 4114 831 4160 esse
854 4095 1072 4176 llabugensem
1094 4098 1159 4158 sive
1187 4096 1443 4175 Hierapolitanum
1472 4115 1491 4157 a
1517 4095 1663 4159 lucebitis
1693 4105 1854 4180 tantopere
1885 4100 1971 4163 cele-

596 4189 726 4276 bratum,
749 4196 805 4259 sed
828 4195 964 4273 alterum,
987 4193 1171 4275 Episcopum
1193 4193 1433 4277 Bagdadcnscm,
1457 4196 1507 4276 qui
1531 4196 1756 4260 etiamvocatus
1780 4204 1827 4259 est
1837 4196 1971 4262 Lazarus

596 4296 663 4360 sive
684 4294 851 4359 Eleazarus
873 4293 951 4356 lilius
974 4293 1075 4356 Subla.
1121 4292 1195 4366 Quis
1218 4312 1313 4376 porro
1336 4293 1387 4357 ille
1409 4293 1510 4372 fuerit,
1534 4301 1585 4355 aut
1607 4293 1727 4375 quando
1748 4295 1859 4357 vixerit
1880 4296 1972 4377 plane

548 4398 561 4449 '-
599 4394 761 4462 obscurum
785 4401 841 4455 est.
885 4392 993 4456 Notum
1023 4390 1128 4472 luisse,
1152 4402 1183 4456 et
1210 4396 1240 4456 in
1262 4395 1362 4475 pretio
1389 4394 1517 4482 habitam
1547 4392 1625 4455 hanc
1650 4392 1832 4475 Liturgiam,
1862 4397 1972 4477 probat

597 4493 743 4557 autoritas
773 4491 896 4554 alterius
929 4509 1007 4572 quae
1039 4500 1166 4555 vocatur
1186 4493 1353 4555 Doctorum
1374 4493 1557 4559 Sanctorum
1584 4510 1601 4553 a
1630 4488 1747 4554 Joaune
1774 4491 1886 4575 llagno
1912 4494 1972 4555 l’a-

539 4593 544 4602 '
596 4590 943 4660 triarcha'Autiocheno
967 4609 1007 4651 ex
1030 4590 1095 4652 aliis
1118 4591 1260 4654 collecta:
1288 4592 1320 4652 in
1350 4609 1410 4672 qua
1437 4591 1514 4653 duae
1538 4591 1692 4653 orationes
1715 4590 1891 4653 reseruntur
1913 4591 1969 4652 sub

596 4690 718 4753 numina
740 4687 889 4765 Eleazari,
913 4707 990 4769 quae
1012 4690 1044 4750 in
1065 4691 1122 4751 ista
1144 4691 1280 4771 liturgia
1302 4691 1505 4770 reperiuntur.
1545 4689 1593 4751 Ex
1614 4688 1694 4751 illius
1717 4689 1873 4773 dignitate,
1895 4687 1972 4769 Epi-

597 4789 685 4870 scopi
705 4788 823 4853 scilicet
844 4788 1052 4870 Bagdadensis
1076 4797 1161 4853 certo
1188 4792 1316 4867 scimus,
1346 4808 1414 4851 eum
1436 4795 1506 4850 aute
1533 4789 1635 4851 octavi
1657 4787 1771 4850 saeculi
1793 4787 1882 4850 finam
1910 4804 1971 4850 non

596 4886 723 4966 manse,
746 4906 814 4950 cum
836 4905 915 4950 anno
938 4886 1105 4951 DCCLXll.
1128 4887 1302 4973 Bagdadum
1326 4887 1494 4950 condiderit
1505 4886 1678 4965 Almausor,
1702 4884 1796 4949 Callia
1819 4883 1970 4950 secundus
2034 4888 2132 4941 atnoe
2153 4907 2180 4959 p.
2204 4888 2249 4941 97.
2273 4896 2294 4942 a

598 5002 641 5048 ax
661 4982 898 5048 Anbmsidarum
920 4994 1084 5049 stemmate.
1128 4986 1203 5050 Cum
1225 5006 1301 5050 vero
1324 4987 1396 5049 urbs
1421 4984 1575 5048 aedificata
1598 4984 1707 5050 fuisset
1730 5003 1770 5047 cx
1791 4983 1887 5048 ruinis
1909 4983 1967 5049 Se·
1999 4974 2098 5028 &⁶⁶²⁸
2123 4975 2215 5029 'W-
2239 4972 2294 5026 ¹³⁶·

574 5081 576 5086 '
598 5080 718 5146 leuciae
739 5090 771 5147 et
794 5082 1010 5164 Ctesiphontis,
1034 5085 1084 5146 ubi
1106 5092 1247 5165 tanquam
1273 5087 1305 5147 in
1327 5085 1496 5166 conjunctis
1517 5084 1652 5161 rubibus,
1676 5089 1807 5163 atquae
1829 5099 1888 5164 pro
1910 5099 1970 5144 una
1999 5069 2074 5115 m·

599 5178 788 5245 habebantur
810 5191 891 5246 asset
913 5184 1072 5270 Persarum
1094 5182 1200 5267 Regia,
1224 5184 1255 5245 in
1278 5184 1435 5263 qua‘urha
1458 5180 1605 5245 Catholici
1625 5180 1882 5258 Nestorianorum,
1904 5181 1970 5243 sive

600 5278 736 5359 supremi
758 5297 862 5343 eorum
885 5280 1045 5343 Antistites
1068 5279 1172 5343 sedem
1194 5300 1279 5344 suam
1296 5282 1541 5359 constituerant,
1570 5280 1601 5340 in
1623 5296 1733 5342 novam
1762 5281 1843 5343 illam
1863 5279 1973 5343 liuha·
2050 5303 2061 5362 j
