5150 6534
1190 828 1347 903 3oe
1451 918 1457 924 ,
2199 824 2923 903 L1Tu3e1A

1187 1025 1362 1086 tuae.
1469 1013 1625 1088 Non
1678 1022 1949 1086 avertas
2002 1011 2256 1084 vultum
2308 1019 2488 1083 tuum
2542 1034 2583 1082 a
2636 1008 2854 1098 nobis,
2907 1032 3126 1107 neque
3162 1011 3394 1104 ejiciafl
3446 1033 3574 1081 nus
3630 1009 3718 1081 ab
3775 1009 3939 1085 ovili

1187 1138 1336 1200 tuo:
1392 1133 1547 1223 quia
1600 1138 1710 1220 tua
1767 1138 1871 1200 est
1924 1126 2325 1198 excellentia
2348 1178 2370 1215 .,
2434 1125 2651 1218 gloria
2719 1136 2788 1198 et
2850 1148 3165 1218 regnum,
3238 1129 3562 1221 simulque
3617 1129 3939 1217 unigeniti

1190 1244 1339 1316 Filii
1404 1248 1496 1315 tui
1580 1255 1648 1316 et
1713 1242 1999 1337 Spiritus
2070 1245 2202 1329 tui,
2281 1263 2405 1336 per
2474 1262 2669 1334 quem
2748 1249 2819 1312 et
2884 1264 3034 1313 cum
3099 1263 3232 1337 quo
3302 1253 3366 1313 te
3438 1241 3632 1313 decet
3698 1241 3939 1333 gloria,

1187 1358 1404 1432 honor
1458 1368 1526 1430 et
1575 1360 1872 1453 potentia
1925 1380 2076 1429 cum
2129 1358 2380 1451 Spiritu
2432 1366 2545 1428 tuo
2602 1359 3042 1430 sanctissimo.

1403 1474 1774 1546 Sacerdos.
1879 1471 2046 1544 Pax.

1397 1589 1722 1682 Populus.
1825 1586 1914 1659 Et
1967 1609 2116 1659 cum
2169 1589 2401 1681 spiritu
2452 1596 2589 1657 tuo.

1397 1703 1777 1775 Diaconas.
1881 1704 2086 1791 Ante,
2141 1713 2265 1774 etc.

1399 1819 1724 1912 Populus.
1832 1818 2076 1891 Coram
2130 1829 2200 1889 te
2252 1820 2559 1891 Domine.

1402 1933 1774 2005 Sacerdos.
1891 1932 1979 2004 Et
2048 1933 2363 2028 populum
2430 1931 2692 2004 fidelem
2757 1931 2931 2004 hunc
3004 1942 3185 2004 tuum
3254 1933 3542 2001 Domine
3606 1933 3714 2025 qui
3791 1953 3935 2001 cmii

1193 2049 1551 2122 humilitate
1619 2053 1898 2139 mentis,
1970 2053 2306 2121 cervicem
2373 2070 2557 2120 suam
2638 2048 2908 2119 inclinat
2982 2070 3212 2121 coram
3278 2046 3739 2117 misericordia
3807 2053 3935 2133 tua.¹

1195 2173 1643 2258 expectatque
1698 2164 1875 2236 dona
1927 2174 2037 2235 tua
2095 2163 2515 2252 abundantia,
2569 2163 2853 2235 benedic
2907 2163 3187 2235 dextera
3240 2173 3350 2233 lua
3406 2161 3935 2233 benedictionum

1191 2280 1424 2369 feraci,
1478 2290 1548 2350 ut
1580 2279 1662 2350 ab
1707 2282 1884 2352 omni
1919 2277 2072 2350 labe
2128 2291 2196 2351 et
2247 2278 2506 2350 macula
2560 2283 2820 2372 peccat-i
2873 2280 3189 2367 mundati,
3246 2277 3646 2373 corpo-rique
3698 2289 3931 2349 sanctu

1195 2405 1264 2465 et
1315 2398 1620 2486 sanguini
1664 2395 1890 2466 divino
1933 2393 2175 2467 Christi
2212 2398 2304 2465 tui
2355 2398 2937 2482 communicantes,
2989 2394 3249 2483 laudes,
3298 2391 3611 2489 hymnoS‚
3665 2401 3735 2463 et
3771 2391 3935 2485 glo-

1192 2510 1626 2582 rificationem
1696 2532 1867 2604 quae
1922 2508 2107 2580 diviti
2160 2508 2661 2580 misericordiae
2726 2517 2880 2579 tuae
2944 2509 3297 2601 debentur,
3360 2506 3732 2580 referamus
3798 2503 3934 2592 tibi,

1194 2624 1611 2718 gloriamque
1665 2635 1732 2695 et
1782 2627 2145 2716 gratiarum
2215 2627 2545 2696 actionem
2565 2676 2588 2713 .,
2662 2624 2986 2719 simulque
3050 2628 3392 2722 unigenito
3455 2608 3628 2713 Filio
3692 2629 3809 2692 tuo
3872 2628 3940 2690 et

1195 2740 1470 2835 Spiritui
1522 2747 1757 2811 sancto
1810 2748 1947 2809 tuo.

1403 2853 1770 2925 Sacerdos.
1874 2855 2046 2926 PaX.

1402 2967 1725 3060 Populus.
1830 2966 1919 3039 Et
1971 2989 2117 3038 cum
2172 2969 2403 3061 spiritu
2459 2977 2592 3037 tuo.

1402 3082 1778 3154 Diaconas.
1881 3081 2346 3157 Misericordia
2398 3082 2527 3153 Dei
2580 3084 2694 3170 sit,
2750 3091 2876 3154 etc.

1401 3197 1772 3269 Sacerdos.
1880 3198 2130 3272 Sancta
2183 3198 2471 3270 Sanctis.

1401 3313 1726 3406 Populus.
1840 3312 2026 3385 Unus
2079 3310 2281 3384 Pater
2335 3322 2626 3385 sanctus.

1401 3430 1776 3500 Diaconus.
1885 3428 2152 3500 Stemus
2206 3427 2541 3499 decenter.

1402 3544 1724 3636 Populus.
1833 3542 2261 3615 Confitemur.

1652 3828 2004 3899 Sacerdos
2055 3828 2226 3898 dicit
2280 3829 2676 3899 Orationem
2726 3832 3110 3922 qratiaram
3163 3830 3478 3899 actionis.

1406 4013 1777 4087 Gratiarum
1853 4020 2185 4089 actionem
2254 4016 2543 4090 debitam
2610 4016 2726 4089 tibi
2790 4016 2977 4088 Deus
3046 4017 3412 4104 offerimus,
3486 4023 3554 4087 et
3620 4018 3936 4088 continuo

1197 4140 1505 4223 quantum
1557 4129 1753 4203 nobis
1806 4130 1994 4219 licet,
2061 4132 2418 4204 secundum
2477 4133 2754 4205 officium
2807 4142 3141 4221 nostrum,
3207 4131 3453 4223 linguis
3513 4152 3653 4204 non
3708 4133 3939 4203 conti-

1197 4244 1619 4318 cescentihus
1674 4246 1789 4319 tibi
1845 4247 2270 4339 confitemur,
2323 4257 2629 4342 petentes
2685 4273 2724 4320 a
2778 4259 2879 4337 te,
2932 4249 3119 4320 Deus
3173 4258 3440 4338 noster,
3492 4256 3564 4317 ut
3615 4249 3940 4343 mysteria

1193 4358 1363 4431 haec
1417 4372 1648 4433 sancta
1703 4384 1875 4457 quae
1928 4368 2365 4459 suscepimus,
2426 4365 2556 4435 sint
2605 4363 2800 4435 nobis
2854 4363 2940 4436 ad
2990 4366 3453 4436 remissionem
3505 4373 3940 4457 peccatorum

1197 4485 1264 4546 et
1316 4478 1762 4571 expiationem
1818 4477 2227 4568 delictorum,
2288 4486 2358 4550 et
2409 4478 2491 4550 ad
2548 4483 3050 4552 excusationem
3105 4502 3332 4551 coram
3388 4478 3560 4551 solio
3612 4486 3729 4550 tuo
3783 4487 3935 4549 ter-

1193 4590 1405 4678 ribili.,
1466 4613 1590 4685 per
1642 4595 1925 4683 gratiam
1980 4603 2047 4664 et
2098 4593 2651 4680 misericordiam,
2725 4617 3154 4689 amoremque
3208 4615 3372 4686 erga
3422 4592 3723 4666 homines
3777 4595 3938 4665 unis-

1192 4707 1397 4797 geniti
1450 4708 1565 4796 tui,
1619 4709 1729 4801 qui
1781 4729 1908 4779 nos
1963 4707 2281 4796 vivificat,
2337 4731 2486 4781 cum
2540 4709 2790 4805 Spiritu
2845 4722 2957 4783 tuo
3015 4713 3458 4784 sanctissimo.

1396 4820 1764 4892 Sacerdos.
1871 4822 2038 4893 Pax.

1403 4936 1727 5029 Populus.
1831 4936 1921 5008 Et
1973 4962 2121 5010 cum
2174 4943 2404 5033 spiritu
2458 4950 2594 5011 tu0.

1399 5050 1775 5123 Diaconus.
1881 5053 2046 5125 Post
2098 5059 2611 5150 susceptionem.

1396 5165 1765 5240 Sacerdos.
1835 5168 2081 5241 Coram
2137 5180 2205 5241 te
2238 5169 2525 5241 Domine
2560 5172 2967 5259 misericors,
3022 5171 3411 5242 inclinamus
3466 5168 3640 5240 colla
3680 5178 3935 5257 nostra,

1191 5291 1260 5360 et
1310 5280 1540 5379 populi
1593 5286 1684 5354 tui
1737 5281 1983 5358 fidelis:
2041 5284 2340 5357 concede
2395 5284 2700 5360 omnibus
2754 5287 2970 5377 nobis,
3027 5310 3068 5359 o
3124 5286 3442 5390 clemens2
3508 5284 3937 5367 concordiam
