5150 6534
617 826 695 902 348
1104 827 1482 913 ‚tttttttttt

616 1025 651 1086 ut
684 1014 877 1087 comedatur
916 1015 958 1087 ad
993 1017 1219 1112 expiationem
1252 1013 1462 1107 delictorum,
1499 1016 1728 1088 missionem
1757 1021 1988 1111 poeoniorum,

618 1140 651 1201 et
679 1132 783 1202 vitam
810 1140 989 1202 aeternam.
1122 1207 1138 1224 ,
1178 1129 1361 1223 ‚Populea
1412 1131 1531 1203 Amen.
1671 1207 1675 1222 ,

720 1245 908 1316 Diaeoaea.
962 1245 1120 1318 Similiter
1146 1256 1181 1317 et
1206 1244 1344 1318 calicem
1370 1249 1461 1318 vitae
1488 1268 1586 1341 mem
1617 1254 1802 1341 temperato
1833 1248 1987 1319 misem-

616 1370 669 1433 rat
703 1363 870 1454 genimine
902 1365 981 1435 vitis
1016 1371 1050 1434 et
1084 1384 1190 1458 aqua,
1223 1364 1373 1458 accepit,
1412 1373 1446 1435 ct
1473 1365 1602 1457 gratias
1635 1361 1775 1454 egit,‚†
1800 1359 1987 1448 benedixit,

615 1476 904 1565 teauctificavit3
931 1484 952 1561 †
979 1478 1133 1574 deditque
1159 1482 1259 1551 etiam
1285 1478 1374 1550 illum
1408 1482 1570 1575 mysterio
1603 1500 1663 1551 suo
1699 1479 1849 1577 initiatis,
1886 1497 1988 1548 com-

616 1593 850 1687 mendavitque
876 1594 940 1666 illis
966 1605 1003 1666 ut
1028 1617 1075 1667 ex
1101 1617 1144 1667 eo
1180 1615 1297 1667 omnes
1331 1597 1612 1667 communicarent
1644 1586 1840 1688 ⁶quodque
1875 1595 1911 1665 in
1943 1614 1988 1665 eo

617 1707 706 1780 salus
732 1708 920 1783 bibentibus
948 1710 1036 1783 illum
1063 1721 1156 1783 esset
1182 1710 1378 1798 declaravit,
1405 1734 1479 1783 cum
1505 1733 1549 1783 eo
1563 1719 1733 1783 uterentur
1748 1712 1783 1782 iu
1801 1713 1988 1782 couscien-

616 1829 661 1896 tia
698 1849 797 1920 pura,
838 1826 880 1899 ad
916 1830 1142 1922 expiationem
1178 1826 1389 1915 delictorum,
1422 1829 1654 1922 remissionem
1687 1836 1920 1921 peccantum,
1954 1834 1989 1896 et

616 1943 719 2018 vitam
747 1950 924 2014 aeternam.
1507 1963 1508 1967 ’

720 2057 881 2150 Populea.
933 2060 1053 2130 Amen.

720 2171 906 2245 Sacerdos.
962 2173 1125 2266 AdJunxit
1164 2194 1297 2268 quoque
1337 2171 1612 2259 admonitionem,
1651 2181 1687 2258 et
1727 2169 1990 2243 declarationem

618 2288 751 2359 dicens:
779 2293 1051 2383 quotiescumque
1078 2292 1313 2385 mysteriorum
1340 2290 1519 2383 participes
1545 2289 1648 2374 eritis,
1674 2290 1868 2360 memoriam
1887 2309 1989 2360 mor·

616 2395 658 2477 tis
686 2412 720 2475 et
745 2409 1001 2477 resurrectionis
1028 2428 1126 2477 meae
1158 2403 1387 2493 celebrabitis3
1414 2402 1520 2475 donec
1546 2406 1690 2474 veniam.

720 2520 880 2614 Populea.
932 2522 1051 2594 Mortis
1079 2533 1173 2609 tuae,
1199 2523 1362 2610 Domine,
1388 2522 1581 2592 memoriam
1609 2521 1747 2610 agimus.

720 2634 902 2708 Sacerdos.
955 2636 1064 2710 Etiam
1080 2639 1272 2722 nativitatis,
1298 2635 1488 2725 fasciarum,
1516 2637 1790 2725 circumcisionis,
1816 2635 1989 2732 baptismi,

618 2754 743 2839 erucis,
776 2753 985 2849 sepulturae,
1017 2754 1285 2825 Resurrectionis
1321 2760 1355 2823 et
1384 2753 1603 2824 Ascensionis
1638 2754 1874 2847 mysteriorum
1907 2774 1989 2824 ωε·

617 2890 748 2956 mores,
775 2890 883 2964 neque
908 2869 1004 2941 ullius
1032 2870 1140 2957 obliti,
1169 2868 1346 2941 adventurn
1374 2889 1506 2963 quoque
1532 2875 1621 2939 tuum
1655 2868 1688 2937 iu
1718 2867 1827 2960 gloria
1863 2889 1989 2960 magua

618 2993 847 3076 expectamus,
873 2988 905 3056 in
933 3009 998 3081 quo
1026 3008 1144 3058 omnes
1170 2984 1320 3057 homiues
1347 2995 1380 3056 et
1404 2983 1559 3075 Angelos
1584 2987 1619 3054 iu
1645 3007 1710 3056 uuo
1737 2983 1868 3056 theatro
1896 3005 1989 3055 con-

617 3102 755 3187 stitues,
780 3098 944 3194 bonisque
971 3111 1005 3172 et
1030 3101 1125 3174 malis
1141 3100 1230 3197 quod
1239 3102 1364 3192 justum
1377 3108 1429 3172 est
1446 3099 1627 3172 retribues:
1654 3108 1832 3195 propterea
1854 3097 1988 3171 Eccle-

617 3216 667 3285 sia
695 3224 767 3309 tua,
804 3224 843 3286 et
868 3238 956 3307 grex
992 3226 1065 3288 tuus
1099 3217 1298 3314 deprecatur
1330 3226 1379 3287 te:
1413 3224 1446 3286 et
1477 3237 1539 3309 per
1570 3223 1604 3285 te
1636 3238 1677 3287 ae
1709 3224 1816 3287 tecum
1850 3217 1988 3287 Patrem

617 3329 707 3401 tuum
735 3329 862 3406 dicens:

722 3446 883 3540 Populus.
936 3449 1108 3521 Miserere.

720 3561 902 3637 Sacerdos.
955 3566 1027 3639 Nos
1055 3587 1196 3661 quoque.

722 3680 909 3755 Diaconos.
964 3684 1070 3770 Quam
1098 3682 1240 3754 timenda
1267 3690 1319 3752 est
1345 3679 1427 3752 baec
1454 3678 1543 3751 bora.
1665 3732 1670 3748 .

856 4020 1031 4093 Sacerdos
1057 4024 1141 4093 dicit
1168 4023 1422 4092 invocationem
1448 4021 1598 4113 Spiritus
1622 4022 1743 4090 coacti.

723 4226 789 4296 Per
814 4229 1045 4300 miserationes
1072 4229 1239 4300 naturales
1266 4228 1390 4323 tibique
1416 4229 1569 4323 proprias
1587 4224 1738 4309 Domine,
1766 4234 1800 4295 et
1824 4224 1987 4320 placabi-

618 4341 742 4414 litatem
769 4366 788 4413 a
816 4365 881 4437 qua
907 4349 1169 4437 cognominaris,
1197 4348 1287 4416 mitte
1314 4341 1512 4414 Paraclitum
1538 4340 1695 4436 Spiritum
1721 4342 1893 4432 veritatis,
1929 4350 1987 4441 qui

618 4468 779 4553 perpetuo
811 4453 825 4491 ⁶
859 4483 878 4529 a
912 4470 945 4530 te
970 4446 1122 4555 procedit
1154 4469 1187 4530 et
1221 4459 1352 4530 al'ilio
1387 4480 1472 4551 qnae
1508 4456 1713 4530 substantiae
1745 4467 1820 4528 suut
1852 4462 1987 4556 accipit,

617 4572 853 4669 illabaturque,
885 4587 918 4648 et
944 4580 1132 4672 requiescat
1157 4598 1259 4672 snper
1284 4574 1347 4646 ltoc
1375 4573 1589 4663 sacrificium,
1616 4572 1760 4668 illudque
1787 4575 1987 4667 sanctificet,

617 4712 726 4784 neque
752 4700 889 4785 propter
914 4704 1053 4787 peccata
1081 4714 1171 4780 mea,
1204 4693 1353 4787 privetur
1386 4689 1526 4784 populus
1557 4700 1631 4763 tuus
1658 4689 1745 4764 dono
1774 4699 1829 4762 tuo
1858 4690 1987 4766 divino.

721 4807 871 4878 Electrae
896 4830 1021 4878 vocem.
1074 4807 1205 4879 Exaudi
1231 4829 1286 4878 me
1312 4806 1464 4880 Domine.

721 4921 881 5016 Populea.
934 4924 1040 5021 llyrie
1069 4924 1205 4997 eleison.
1590 4907 1592 4911 ⁵

721 5035 904 5111 Sacerdos.
957 5039 1002 5111 Ut
1027 5039 1082 5110 ille
1110 5044 1163 5135 qui
1191 5045 1296 5137 spirat
1323 5044 1467 5132 occulte,
1499 5054 1533 5115 et
1557 5044 1736 5137 requiescit
1761 5040 1990 5135 invisibiliter,

618 5174 737 5246 panem
766 5156 861 5228 istum
888 5156 1038 5252 perficiat
1068 5151 1081 5189 ⁷
1109 5179 1229 5252 corpus
1256 5158 1320 5230 Dei
1346 5162 1515 5231 incarnati.

720 5269 880 5363 Populus.
931 5274 1052 5348 Amen.
