5150 6534
944 849 997 923 lll
1029 847 1333 924 LllUllGlrlS
1370 847 1648 926 sl'tttttts
1933 851 1981 926 73

605 1029 684 1093 lorte
707 1033 836 1094 omniurn
859 1050 936 1113 quae
965 1040 1084 1108 extant,
1115 1032 1216 1093 versio
1247 1031 1326 1093 illius
1358 1033 1481 1112 Syriaca
1513 1033 1644 1094 occurrit
1676 1033 1705 1093 in
1733 1036 1844 1114 optimo
1869 1036 1982 1100 Codice

605 1129 836 1193 membranaceo
860 1131 1009 1208 llcdiceo,
1033 1148 1049 1191 a
1072 1149 1131 1211 qaia
1153 1131 1271 1209 reliqua
1295 1131 1480 1212 exemplaria
1503 1130 1555 1190 vix
1581 1132 1762 1212 discrepant.

553 1215 569 1236 ⁵
693 1229 778 1301 Quae
802 1247 877 1292 vero
899 1238 1068 1310 sequuntur
1098 1232 1127 1291 in
1160 1230 1264 1292 Olllcio
1295 1229 1435 1291 Generali
1474 1229 1595 1292 Codicis
1630 1231 1812 1308 colbertini,
1847 1251 1913 1295 cunr
1943 1235 1981 1296 ad

606 1327 694 1389 lincm
706 1327 861 1410 biturgiae
884 1333 1069 1410 pertineant,
1092 1349 1131 1391 nc
1154 1319 1259 1390 eadem
1282 1337 1424 1409 repetere
1447 1347 1576 1391 neccsse
1599 1332 1654 1406 sit,
1679 1330 1716 1391 ad
1739 1330 1903 1413 Liturgiam
1925 1333 1982 1394 Ja-

605 1426 674 1489 cobi
698 1436 730 1490 et
750 1429 840 1509 Xysti
863 1429 1078 1509 explicabimus
1101 1428 1209 1509 quibus
1232 1430 1261 1489 in
1284 1429 1376 1489 variis
1401 1428 1563 1490 codicibus
1587 1428 1709 1512 adJungi
1732 1431 1842 1492 solent.

899 2021 1059 2115 Lilrtrpic
1085 2026 1158 2092 sice
1185 2022 1379 2114 Annpbore
1404 2027 1517 2094 soracti
1542 2021 1677 2093 Jooott.
1823 2067 1827 2082 -.
2025 2028 2119 2110 Aac.

692 2229 765 2306 Hoc
788 2240 856 2302 loco
881 2242 1045 2301 seeundum
1076 2241 1247 2304 Orientales
1279 2261 1384 2305 ornnes
1416 2244 1519 2324 incipit
1548 2243 1715 2322 Aieopboro
1745 2243 1810 2303 slve
1841 2240 1978 2326 Liturgia
2030 2251 2171 2318 Amphora
2199 2257 2294 2323 propri«

599 2344 725 2424 proprie
750 2341 847 2415 dieta,
880 2348 911 2400 ut
938 2340 976 2400 de
1000 2341 1102 2401 Latina
1130 2341 1222 2402 blissa
1251 2343 1287 2402 ab
1319 2344 1448 2421 antiquis
1479 2344 1544 2423 ojus
1574 2341 1800 2421 expositoribus
1833 2337 2123 2422 seriptunlonwndo
2142 2339 2261 2407 quidm.

602 2450 667 2520 cst,
691 2443 771 2504 illam
794 2461 811 2502 a
834 2439 1023 2501 Praefatione
1046 2441 1196 2519 incipere:
1221 2458 1277 2520 qua
1303 2442 1340 2502 dc
1364 2442 1529 2503 redictum
1558 2447 1605 2502 est
1633 2442 1662 2500 in
1690 2441 1786 2520 primo
1815 2439 1979 2503 Commen-

600 2543 688 2606 tario.
734 2540 793 2605 Sed
818 2557 883 2601 cum
906 2539 1060 2620 Liturgiae
1085 2539 1254 2601 Orientalcs
1285 2539 1427 2602 Osculum
1452 2542 1535 2621 pacis
1560 2538 1861 2601 antelraeiationem
1884 2558 1979 2619 prae·
2024 2525 2055 2577 Ρ·
2073 2528 2136 2579 ²⁰⁸·

600 2642 752 2714 scribant,
776 2639 922 2718 incipiunt
944 2638 1037 2718 vrrlgo
1060 2637 1097 2698 ab
1121 2637 1265 2700 Oratione
1295 2658 1373 2719 (puae
1404 2640 1500 2701 cidem
1533 2640 1750 2719 praemittitur,
1781 2637 2009 2718 sequiturque'

602 2738 777 2804 Sacerdotis
801 2737 972 2799 benedictio
998 2755 1091 2817 super
1113 2738 1271 2817 populum,
1296 2739 1414 2799 landem
1438 2737 1596 2801 Praelatio.
1641 2737 1736 2819 lgitur
1764 2738 1792 2797 in
1816 2737 1888 2800 blss
1913 2736 1978 2799 Co-

602 2838 717 2899 dicibus
742 2836 895 2916 Copticis,
921 2835 1068 2915 Syriacis,
1093 2843 1122 2896 et
1146 2837 1361 2917 cujuscumque
1385 2838 1523 2920 linguae,
1552 2855 1649 2899 novus
1672 2836 1773 2898 titulus
1804 2838 1977 2917 apponitur,

600 2936 660 2997 boc
682 2936 749 3017 ipso
781 2935 866 3011 loco,
904 2935 954 3013 qui
982 2933 1174 3015 Anaplroram
1199 2937 1333 3015 incipero
1357 2935 1521 3018 significat:
1551 2955 1676 3016 cumque
1709 2953 1812 2996 omnes
1842 2933 1977 2996 Olllcimn

603 3033 683 3116 quod
706 3033 861 3114 praecedit
884 3051 1041 3095 commune
1065 3033 1208 3110 babeant,
1234 3035 1307 3097 illud
1331 3036 1411 3114 quod
1434 3037 1587 3116 sequitur,
1611 3043 1641 3096 et
1663 3034 1829 3114 Anoplroro
1851 3035 1976 3113 proprie

600 3142 746 3211 vocatur,
769 3132 935 3194 secundum
959 3132 1095 3194 diversas
1118 3133 1268 3215 Liturgias
1292 3135 1408 3196 varium
1438 3143 1485 3196 est
1513 3144 1543 3196 ct
1573 3133 1746 3212 multiplex,
1782 3133 1916 3215 quamuis
1945 3133 1976 3192 in

603 3234 707 3296 ordine
731 3238 761 3293 et
784 3232 941 3293 sententiis
964 3231 1044 3292 nulla
1068 3233 1107 3293 sit
1130 3232 1300 3295 diversitas.

687 3330 746 3391 lsta
771 3347 849 3409 quac
879 3328 984 3391 iacobi
1016 3348 1124 3391 nomen
1154 3331 1304 3410 praefert,
1334 3332 1496 3394 communis
1526 3338 1572 3393 est
1607 3329 1690 3411 Spris
1722 3330 1886 3409 llelcbitis,
1918 3351 1974 3395 scu
2040 3345 2129 3398 toooht
2163 3347 2294 3418 Anaphen

603 3429 806 3506 Ortbodoxis,
831 3435 861 3490 ct
882 3429 1044 3502 laconiam
1069 3429 1146 3490 unde
1170 3431 1330 3510 antiquitas
1353 3433 1418 3511 ejus
1442 3432 1518 3492 ultra
1543 3430 1732 3492 schismatum
1749 3431 1830 3491 initia
1848 3448 1975 3510 promo·
1988 3433 2055 3483 inter
2068 3434 2294 3503 Syriacooproect.

600 3537 703 3592 vetur:
727 3527 878 3608 habetque
899 3528 990 3589 multa
1015 3546 1080 3589 cum
1105 3529 1221 3591 Graeca
1245 3531 1380 3611 ejusdem
1411 3532 1537 3592 nominis
1567 3530 1748 3591 communio:
1784 3547 1841 3608 qua
1871 3530 1909 3591 de
1941 3549 1975 3592 re
1989 3533 2048 3584 1²⁰⁸·

601 3626 710 3688 dictum
739 3635 786 3689 est
825 3629 855 3688 in
885 3627 1105 3689 Dissertatione
1136 3631 1269 3708 praevia.
1330 3630 1475 3692 iacobum
1514 3630 1649 3690 Fratrem
1687 3628 1805 3690 Domini
1842 3636 1976 3692 autorem

599 3725 679 3788 illius
709 3744 794 3804 csse,
825 3725 894 3806 Syri
923 3727 1107 3805 existimant,
1142 3748 1182 3789 cx
1205 3731 1325 3808 antiqua
1361 3748 1414 3791 sua
1446 3729 1637 3805 Traditlonc‚
1679 3730 1764 3809 euJ‘us
1795 3727 1975 3790 fundamen-

600 3831 678 3902 tum,
702 3833 734 3887 ut
756 3826 890 3904 videtur,
915 3826 992 3887 aliud
1018 3844 1078 3887 non
1101 3826 1171 3902 luit,
1196 3846 1283 3906 quiam
1306 3846 1378 3890 usus
1401 3828 1480 3888 illius
1503 3828 1655 3907 Liturgiac
1672 3827 1700 3888 in
1713 3826 1849 3887 Ecclesia
1865 3826 1977 3887 llicro-

600 3923 779 4005 solymitana
792 3926 829 3986 ab
841 3924 992 4005 Apostolo
1015 3924 1146 3987 lundata.
1190 3927 1264 3988 Nam
1288 3928 1367 4007 apud
1384 3926 1469 4001 alios,
1493 3946 1533 3987 cx
1545 3926 1622 3987 libro
1635 3925 1710 3988 Vlll.
1725 3924 1976 3986 constitutionum

599 4023 858 4103 Apostolicorum,
882 4024 908 4085 si
931 4043 991 4086 non
1015 4027 1114 4104 nasci,
1137 4025 1247 4087 lirmari
1271 4026 1377 4088 saltem
1399 4027 1495 4105 potuit
1518 4025 1592 4086 baec
1614 4025 1749 4105 vulgaris
1780 4024 1890 4104 opinio.
1937 4025 1977 4084 At

601 4121 670 4202 Syri
693 4125 829 4204 quamvis
852 4123 919 4184 illas
942 4123 1088 4202 babeant,
1112 4142 1172 4185 non
1196 4125 1303 4186 eodem
1326 4133 1423 4185 tamen
1452 4123 1575 4198 ordine,
1607 4141 1642 4182 oc
1672 4124 1701 4183 in
1732 4121 1855 4185 Graecis
1882 4121 1977 4184 Codi-

601 4220 685 4282 cibus
715 4222 795 4301 apud
826 4222 893 4284 illos
918 4230 1037 4300 extant,
1061 4230 1168 4302 estque
1199 4226 1324 4284 maxima
1356 4224 1480 4284 istorum
1514 4230 1544 4283 et
1574 4221 1769 4284 Orientalium
1806 4223 1975 4284 clivensitas

599 4319 766 4400 Praecipua
789 4329 854 4397 cst,
877 4321 958 4401 quod
981 4321 1059 4382 liber
1089 4330 1229 4398 octavus,
1260 4324 1291 4384 in
1319 4340 1379 4401 quo
1403 4323 1595 4383 continentur
1626 4340 1722 4400 propo
1751 4323 1866 4398 onrnia,
1898 4337 1976 4399 quae

599 4415 639 4478 ad
661 4417 867 4481 Eucharistiae
891 4420 1077 4500 disciplinam
1101 4430 1253 4500 spectant,
1287 4429 1417 4501 atquae
1442 4429 1580 4500 tanquam
1603 4420 1735 4501 Litorgia
1759 4421 1787 4482 S.
1811 4420 1975 4482 Clementis

599 4534 618 4577 a
640 4517 792 4579 nonnullis
817 4518 981 4601 Theologis
1006 4519 1103 4580 babila
1120 4529 1205 4597 sunt,
1230 4521 1337 4582 dosunt
1362 4521 1390 4580 in
1414 4521 1542 4599 antiquis
1555 4519 1746 4580 versionibus
1764 4518 1974 4580 Orientalibus.

600 4613 739 4678 Omnium
762 4618 962 4679 vetustissima
986 4619 1106 4679 conseri
1129 4617 1219 4680 debet
1243 4617 1384 4699 Syriaca,
1416 4618 1494 4680 lacta
1518 4637 1558 4679 cx
1581 4617 1705 4679 Graecis
1738 4615 1972 4697 exemplaribus,

600 4731 668 4776 cum
692 4715 827 4796 vulgaris
851 4716 950 4778 adlmc
974 4716 1050 4779 ieret
1080 4716 1202 4798 linpuac
1231 4717 1367 4780 Graecae
1397 4736 1486 4797 usus,
1519 4735 1534 4777 a
1565 4718 1638 4779 viris
1670 4717 1747 4778 illins
1775 4715 1974 4796 peritissimis,

598 4821 633 4874 ut
654 4813 791 4894 pluribus
815 4814 962 4896 exemplis
986 4815 1223 4878 demonstratur:
1247 4825 1276 4878 ct
1300 4819 1329 4878 in
1354 4837 1389 4879 ca
1413 4825 1493 4878 totus
1518 4817 1568 4878 ille
1592 4816 1668 4877 liber
1691 4814 1798 4876 clelrcit.
1839 4813 1925 4887 Quod
1948 4814 1975 4874 si

598 4910 765 4993 Liturgiam
789 4914 858 4995 Syri
882 4923 1006 4976 servant
1028 4915 1106 4976 inter
1128 4915 1200 4977 alias
1224 4915 1403 4996 multiplices
1419 4934 1501 4991 suas,
1525 4933 1602 4995 quae
1619 4913 1834 4994 Apostolorum
1854 4913 1975 4973 nomine

599 5010 809 5090 appellantur,
834 5012 900 5075 talis
924 5015 1002 5074 enim
1026 5015 1176 5093 reperitur
1200 5015 1229 5075 in
1252 5015 1366 5076 llissali
1391 5014 1551 5076 Clraldaico
1575 5021 1605 5074 et
1634 5016 1663 5074 in
1691 5012 1763 5074 blss.
1789 5010 1974 5090 exemplari-

597 5107 672 5186 bus,
697 5128 763 5171 cum
787 5111 972 5174 Clementina
996 5112 1045 5172 illa
1069 5131 1224 5175 comrrnrrre
1254 5114 1325 5174 nibil
1357 5113 1463 5189 habet,
1493 5121 1616 5193 praeter
1646 5111 1768 5172 somnam
1800 5111 1974 5191 generalem

599 5207 748 5269 ollerendi
771 5211 911 5274 sacrilicii
938 5211 1154 5288 Eucharistici,
1188 5231 1265 5291 quac
1296 5215 1325 5274 in
1356 5213 1480 5291 reliquis
1509 5212 1623 5291 pariter
1651 5211 1841 5272 observatur.
1892 5208 1974 5272 ldom

598 5308 789 5372 statuendum
820 5309 857 5372 dc
880 5329 940 5372 una
963 5310 1103 5391 Syriaca,
1128 5328 1206 5390 quae
1230 5310 1377 5373 Clementi
1399 5312 1548 5376 trilmitur.
