<?xml version="1.0" encoding="UTF-8"?>
<!DOCTYPE html PUBLIC "-//W3C//DTD XHTML 1.0 Transitional//EN"
    "http://www.w3.org/TR/xhtml1/DTD/xhtml1-transitional.dtd">
<html xmlns="http://www.w3.org/1999/xhtml" xml:lang="en" lang="en">
 <head>
  <title>
</title>
<meta http-equiv="Content-Type" content="text/html;charset=utf-8" />
  <meta name='ocr-system' content='tesseract 3.04.00' />
  <meta name='ocr-capabilities' content='ocr_page ocr_carea ocr_par ocr_line ocrx_word'/>
</head>
<body>
  <div class='ocr_page' id='page_1' title='image "./liturgiarumorie00renagoog_0626.png"; bbox 0 0 5150 6534; ppageno 0'>
   <div class='ocr_carea' id='block_1_1' title="bbox 590 850 1437 929">
    <p class='ocr_par' dir='ltr' id='par_1_1' title="bbox 590 850 1437 929">
     <span class='ocr_line' id='line_1_1' title="bbox 590 850 1437 929; baseline 0.002 -4"><span class='ocrx_word' id='word_1_1' title='bbox 590 850 665 926; x_wconf 86' lang='lat'><em>588</em></span> <span class='ocrx_word' id='word_1_2' title='bbox 1079 850 1437 929; x_wconf 78' lang='lat' dir='ltr'>LlTUllGlA</span> 
     </span>
    </p>
   </div>
   <div class='ocr_carea' id='block_1_2' title="bbox 584 1037 1958 5426">
    <p class='ocr_par' dir='ltr' id='par_1_2' title="bbox 586 1037 1957 1344">
     <span class='ocr_line' id='line_1_2' title="bbox 589 1037 1957 1132; baseline 0.001 -23"><span class='ocrx_word' id='word_1_3' title='bbox 589 1044 664 1126; x_wconf 87' lang='lat' dir='ltr'><em>tum,</em></span> <span class='ocrx_word' id='word_1_4' title='bbox 691 1044 729 1110; x_wconf 88' lang='lat' dir='ltr'><em>at</em></span> <span class='ocrx_word' id='word_1_5' title='bbox 753 1041 790 1111; x_wconf 87' lang='lat' dir='ltr'><em>in</em></span> <span class='ocrx_word' id='word_1_6' title='bbox 804 1039 912 1112; x_wconf 86' lang='lat' dir='ltr'><em>Missa</em></span> <span class='ocrx_word' id='word_1_7' title='bbox 939 1044 1033 1132; x_wconf 83' lang='lat' dir='ltr'><em>cujas</em></span> <span class='ocrx_word' id='word_1_8' title='bbox 1058 1040 1247 1116; x_wconf 76' lang='lat' dir='ltr'><strong><em>versionem</em></strong></span> <span class='ocrx_word' id='word_1_9' title='bbox 1273 1039 1381 1110; x_wconf 88' lang='lat' dir='ltr'><em>edidit</em></span> <span class='ocrx_word' id='word_1_10' title='bbox 1405 1038 1553 1111; x_wconf 80' lang='lat' dir='ltr'><em>Alcetas</em></span> <span class='ocrx_word' id='word_1_11' title='bbox 1567 1039 1747 1111; x_wconf 80' lang='lat' dir='ltr'><em>Menariae.</em></span> <span class='ocrx_word' id='word_1_12' title='bbox 1784 1037 1866 1110; x_wconf 84' lang='lat' dir='ltr'><em>Cum</em></span> <span class='ocrx_word' id='word_1_13' title='bbox 1892 1040 1957 1111; x_wconf 88' lang='lat' dir='ltr'><em>olii</em></span> 
     </span>
     <span class='ocr_line' id='line_1_3' title="bbox 588 1154 1956 1250; baseline 0.001 -24"><span class='ocrx_word' id='word_1_14' title='bbox 588 1156 725 1228; x_wconf 86' lang='lat' dir='ltr'><em>codices</em></span> <span class='ocrx_word' id='word_1_15' title='bbox 749 1179 818 1227; x_wconf 89' lang='lat' dir='ltr'><em>non</em></span> <span class='ocrx_word' id='word_1_16' title='bbox 843 1161 1071 1249; x_wconf 65' lang='lat' dir='ltr'><em>suppeterent,</em></span> <span class='ocrx_word' id='word_1_17' title='bbox 1096 1154 1162 1225; x_wconf 80' lang='lat' dir='ltr'><em>loc</em></span> <span class='ocrx_word' id='word_1_18' title='bbox 1188 1154 1265 1226; x_wconf 88' lang='lat' dir='ltr'><em>loco</em></span> <span class='ocrx_word' id='word_1_19' title='bbox 1292 1157 1476 1226; x_wconf 72' lang='lat' dir='ltr'><em>asteriscos</em></span> <span class='ocrx_word' id='word_1_20' title='bbox 1501 1154 1656 1247; x_wconf 80' lang='lat' dir='ltr'><em>desectas</em></span> <span class='ocrx_word' id='word_1_21' title='bbox 1680 1158 1812 1228; x_wconf 89' lang='lat' dir='ltr'><em>indices</em></span> <span class='ocrx_word' id='word_1_22' title='bbox 1838 1180 1956 1250; x_wconf 89' lang='lat' dir='ltr'><em>appo-</em></span> 
     </span>
     <span class='ocr_line' id='line_1_4' title="bbox 586 1271 1063 1344; baseline -0.006 0"><span class='ocrx_word' id='word_1_23' title='bbox 586 1295 671 1344; x_wconf 91' lang='lat' dir='ltr'><em>nere</em></span> <span class='ocrx_word' id='word_1_24' title='bbox 696 1275 802 1343; x_wconf 61' lang='lat' dir='ltr'><em>mum</em></span> <span class='ocrx_word' id='word_1_25' title='bbox 827 1278 887 1344; x_wconf 83' lang='lat' dir='ltr'><em>est.</em></span> <span class='ocrx_word' id='word_1_26' title='bbox 915 1271 1063 1307; x_wconf 53' lang='lat'><em>*⁴⁸⁸*</em></span> 
     </span>
    </p>

    <p class='ocr_par' dir='ltr' id='par_1_3' title="bbox 690 1387 1544 1478">
     <span class='ocr_line' id='line_1_5' title="bbox 690 1387 1544 1478; baseline -0.006 -17"><span class='ocrx_word' id='word_1_27' title='bbox 690 1388 781 1461; x_wconf 88' lang='lat' dir='ltr'><em>Laus</em></span> <span class='ocrx_word' id='word_1_28' title='bbox 807 1389 930 1460; x_wconf 91' lang='lat' dir='ltr'><em>nomini</em></span> <span class='ocrx_word' id='word_1_29' title='bbox 956 1398 1012 1459; x_wconf 91' lang='lat' dir='ltr'><em>tuo</em></span> <span class='ocrx_word' id='word_1_30' title='bbox 1040 1397 1157 1458; x_wconf 90' lang='lat' dir='ltr'><em>saneto</em></span> <span class='ocrx_word' id='word_1_31' title='bbox 1183 1387 1341 1458; x_wconf 87' lang='lat' dir='ltr'><em>Domine:</em></span> <span class='ocrx_word' id='word_1_32' title='bbox 1367 1391 1405 1456; x_wconf 90' lang='lat' dir='ltr'><em>nt</em></span> <span class='ocrx_word' id='word_1_33' title='bbox 1428 1409 1544 1478; x_wconf 85' lang='lat' dir='ltr'><em>snpra.</em></span> 
     </span>
    </p>

    <p class='ocr_par' dir='ltr' id='par_1_4' title="bbox 587 1501 1958 1939">
     <span class='ocr_line' id='line_1_6' title="bbox 691 1501 1958 1591; baseline 0.004 -17"><span class='ocrx_word' id='word_1_34' title='bbox 691 1504 867 1575; x_wconf 77' lang='lat' dir='ltr'><em>Sacerdos</em></span> <span class='ocrx_word' id='word_1_35' title='bbox 899 1504 1072 1575; x_wconf 89' lang='lat' dir='ltr'><em>oscrdatur</em></span> <span class='ocrx_word' id='word_1_36' title='bbox 1106 1501 1251 1574; x_wconf 74' lang='lat' dir='ltr'><em>hostiam</em></span> <span class='ocrx_word' id='word_1_37' title='bbox 1282 1505 1318 1571; x_wconf 88' lang='lat' dir='ltr'><em>in</em></span> <span class='ocrx_word' id='word_1_38' title='bbox 1349 1502 1480 1572; x_wconf 69' lang='lat' dir='ltr'><em>niodum</em></span> <span class='ocrx_word' id='word_1_39' title='bbox 1514 1506 1645 1591; x_wconf 85' lang='lat' dir='ltr'><em>crucis,</em></span> <span class='ocrx_word' id='word_1_40' title='bbox 1685 1509 1736 1577; x_wconf 84' lang='lat' dir='ltr'><em>ita</em></span> <span class='ocrx_word' id='word_1_41' title='bbox 1770 1515 1881 1580; x_wconf 89' lang='lat' dir='ltr'><em>tomen</em></span> <span class='ocrx_word' id='word_1_42' title='bbox 1920 1513 1958 1579; x_wconf 84' lang='lat' dir='ltr'><em>at</em></span> 
     </span>
     <span class='ocr_line' id='line_1_7' title="bbox 587 1618 1956 1712; baseline 0.001 -21"><span class='ocrx_word' id='word_1_43' title='bbox 587 1619 683 1691; x_wconf 86' lang='lat' dir='ltr'><em>labia</em></span> <span class='ocrx_word' id='word_1_44' title='bbox 717 1625 790 1712; x_wconf 58' lang='lat' dir='ltr'><em>mos</em></span> <span class='ocrx_word' id='word_1_45' title='bbox 820 1620 868 1689; x_wconf 89' lang='lat' dir='ltr'><em>ad</em></span> <span class='ocrx_word' id='word_1_46' title='bbox 893 1643 968 1690; x_wconf 89' lang='lat' dir='ltr'><em>enm</em></span> <span class='ocrx_word' id='word_1_47' title='bbox 1003 1642 1071 1690; x_wconf 92' lang='lat' dir='ltr'><em>non</em></span> <span class='ocrx_word' id='word_1_48' title='bbox 1100 1621 1316 1712; x_wconf 80' lang='lat' dir='ltr'><em>pertinpant,</em></span> <span class='ocrx_word' id='word_1_49' title='bbox 1343 1618 1405 1688; x_wconf 89' lang='lat' dir='ltr'><em>sed</em></span> <span class='ocrx_word' id='word_1_50' title='bbox 1435 1621 1534 1711; x_wconf 80' lang='lat' dir='ltr'><em>qnasi</em></span> <span class='ocrx_word' id='word_1_51' title='bbox 1559 1618 1763 1693; x_wconf 86' lang='lat' dir='ltr'><em>osculando:</em></span> <span class='ocrx_word' id='word_1_52' title='bbox 1796 1630 1830 1693; x_wconf 86' lang='lat' dir='ltr'><em>et</em></span> <span class='ocrx_word' id='word_1_53' title='bbox 1862 1624 1956 1693; x_wconf 89' lang='lat' dir='ltr'><em>dicit.</em></span> 
     </span>
     <span class='ocr_line' id='line_1_8' title="bbox 589 1734 1956 1830; baseline 0 -22"><span class='ocrx_word' id='word_1_54' title='bbox 589 1736 704 1808; x_wconf 83' lang='lat' dir='ltr'>Gloria</span> <span class='ocrx_word' id='word_1_55' title='bbox 739 1735 797 1808; x_wconf 86' lang='lat' dir='ltr'><em>tibi</em></span> <span class='ocrx_word' id='word_1_56' title='bbox 830 1736 993 1815; x_wconf 66' lang='lat' dir='ltr'><em>Domine·</em></span> <span class='ocrx_word' id='word_1_57' title='bbox 1024 1734 1134 1828; x_wconf 85' lang='lat' dir='ltr'><em>gloria</em></span> <span class='ocrx_word' id='word_1_58' title='bbox 1167 1734 1224 1807; x_wconf 89' lang='lat' dir='ltr'><em>tibi</em></span> <span class='ocrx_word' id='word_1_59' title='bbox 1250 1734 1409 1820; x_wconf 81' lang='lat' dir='ltr'><em>Domine,</em></span> <span class='ocrx_word' id='word_1_60' title='bbox 1444 1744 1582 1830; x_wconf 89' lang='lat' dir='ltr'><em>propter</em></span> <span class='ocrx_word' id='word_1_61' title='bbox 1608 1734 1728 1807; x_wconf 89' lang='lat' dir='ltr'><em>donum</em></span> <span class='ocrx_word' id='word_1_62' title='bbox 1756 1747 1845 1810; x_wconf 88' lang='lat' dir='ltr'><em>tuum</em></span> <span class='ocrx_word' id='word_1_63' title='bbox 1871 1759 1956 1829; x_wconf 84' lang='lat' dir='ltr'><em>erga</em></span> 
     </span>
     <span class='ocr_line' id='line_1_9' title="bbox 587 1848 1240 1939; baseline -0.006 -15"><span class='ocrx_word' id='word_1_64' title='bbox 587 1876 649 1926; x_wconf 93' lang='lat' dir='ltr'><em>nos</em></span> <span class='ocrx_word' id='word_1_65' title='bbox 676 1849 916 1939; x_wconf 81' lang='lat' dir='ltr'>inenarrabile,</span> <span class='ocrx_word' id='word_1_66' title='bbox 942 1855 975 1922; x_wconf 92' lang='lat' dir='ltr'><em>in</em></span> <span class='ocrx_word' id='word_1_67' title='bbox 1003 1848 1146 1924; x_wconf 88' lang='lat' dir='ltr'><em>saecula.</em></span> <span class='ocrx_word' id='word_1_68' title='bbox 1235 1905 1240 1920; x_wconf 94' lang='lat'><em>.</em></span> 
     </span>
    </p>

    <p class='ocr_par' dir='ltr' id='par_1_5' title="bbox 584 1963 1958 2529">
     <span class='ocr_line' id='line_1_10' title="bbox 694 1963 1957 2059; baseline 0 -21"><span class='ocrx_word' id='word_1_69' title='bbox 694 1963 723 2003; x_wconf 87' lang='lat'><em>¹⁷</em></span> <span class='ocrx_word' id='word_1_70' title='bbox 755 1968 847 2038; x_wconf 82' lang='lat' dir='ltr'><em>Tunc</em></span> <span class='ocrx_word' id='word_1_71' title='bbox 873 1969 1009 2038; x_wconf 87' lang='lat' dir='ltr'><em>accedit</em></span> <span class='ocrx_word' id='word_1_72' title='bbox 1035 1968 1082 2038; x_wconf 89' lang='lat' dir='ltr'><em>nd</em></span> <span class='ocrx_word' id='word_1_73' title='bbox 1106 1966 1241 2037; x_wconf 74' lang='lat' dir='ltr'><em>nostiae</em></span> <span class='ocrx_word' id='word_1_74' title='bbox 1263 1969 1483 2059; x_wconf 73' lang='lat' dir='ltr'><em>fractionem,</em></span> <span class='ocrx_word' id='word_1_75' title='bbox 1510 1989 1608 2059; x_wconf 79' lang='lat' dir='ltr'><em>qnam</em></span> <span class='ocrx_word' id='word_1_76' title='bbox 1625 1968 1786 2040; x_wconf 83' lang='lat' dir='ltr'><em>ambabus</em></span> <span class='ocrx_word' id='word_1_77' title='bbox 1801 1968 1957 2038; x_wconf 80' lang='lat' dir='ltr'><em>monitos</em></span> 
     </span>
     <span class='ocr_line' id='line_1_11' title="bbox 584 2081 1956 2179; baseline -0.001 -23"><span class='ocrx_word' id='word_1_78' title='bbox 584 2088 675 2178; x_wconf 77' lang='lat' dir='ltr'><em>facit</em></span> <span class='ocrx_word' id='word_1_79' title='bbox 700 2085 826 2155; x_wconf 88' lang='lat' dir='ltr'><em>dicens.</em></span> <span class='ocrx_word' id='word_1_80' title='bbox 878 2083 1080 2156; x_wconf 84' lang='lat' dir='ltr'><em>Accedimus</em></span> <span class='ocrx_word' id='word_1_81' title='bbox 1106 2083 1249 2154; x_wconf 88' lang='lat' dir='ltr'><em>Domine</em></span> <span class='ocrx_word' id='word_1_82' title='bbox 1276 2104 1349 2152; x_wconf 74' lang='lat' dir='ltr'><em>etim</em></span> <span class='ocrx_word' id='word_1_83' title='bbox 1384 2081 1450 2154; x_wconf 87' lang='lat' dir='ltr'><em>lide</em></span> <span class='ocrx_word' id='word_1_84' title='bbox 1475 2104 1577 2170; x_wconf 89' lang='lat' dir='ltr'><em>vera,</em></span> <span class='ocrx_word' id='word_1_85' title='bbox 1604 2083 1854 2179; x_wconf 79' lang='lat' dir='ltr'><em>frangimusque</em></span> <span class='ocrx_word' id='word_1_86' title='bbox 1880 2107 1956 2155; x_wconf 90' lang='lat' dir='ltr'><em>cum</em></span> 
     </span>
     <span class='ocr_line' id='line_1_12' title="bbox 589 2198 1956 2295; baseline -0.002 -22"><span class='ocrx_word' id='word_1_87' title='bbox 589 2199 821 2287; x_wconf 79' lang='lat' dir='ltr'><em>confessione,</em></span> <span class='ocrx_word' id='word_1_88' title='bbox 853 2209 886 2271; x_wconf 90' lang='lat' dir='ltr'><em>et</em></span> <span class='ocrx_word' id='word_1_89' title='bbox 918 2203 1089 2290; x_wconf 83' lang='lat' dir='ltr'><em>signamus</em></span> <span class='ocrx_word' id='word_1_90' title='bbox 1120 2220 1182 2294; x_wconf 86' lang='lat' dir='ltr'><em>per</em></span> <span class='ocrx_word' id='word_1_91' title='bbox 1213 2198 1475 2270; x_wconf 89' lang='lat' dir='ltr'><em>misericordiam</em></span> <span class='ocrx_word' id='word_1_92' title='bbox 1507 2207 1612 2284; x_wconf 90' lang='lat' dir='ltr'><em>tuam,</em></span> <span class='ocrx_word' id='word_1_93' title='bbox 1645 2221 1769 2295; x_wconf 90' lang='lat' dir='ltr'><em>corpus</em></span> <span class='ocrx_word' id='word_1_94' title='bbox 1803 2209 1837 2270; x_wconf 90' lang='lat' dir='ltr'><em>et</em></span> <span class='ocrx_word' id='word_1_95' title='bbox 1869 2221 1956 2271; x_wconf 90' lang='lat' dir='ltr'><em>san-</em></span> 
     </span>
     <span class='ocr_line' id='line_1_13' title="bbox 588 2312 1958 2408; baseline 0 -22"><span class='ocrx_word' id='word_1_96' title='bbox 588 2319 721 2408; x_wconf 85' lang='lat' dir='ltr'><em>guinem</em></span> <span class='ocrx_word' id='word_1_97' title='bbox 747 2315 966 2389; x_wconf 85' lang='lat' dir='ltr'><em>vivificatoris</em></span> <span class='ocrx_word' id='word_1_98' title='bbox 1000 2316 1104 2390; x_wconf 88' lang='lat' dir='ltr'><em>nostri</em></span> <span class='ocrx_word' id='word_1_99' title='bbox 1129 2313 1211 2387; x_wconf 87' lang='lat' dir='ltr'><em>lesu</em></span> <span class='ocrx_word' id='word_1_100' title='bbox 1239 2312 1376 2398; x_wconf 87' lang='lat' dir='ltr'>Christi,</span> <span class='ocrx_word' id='word_1_101' title='bbox 1404 2317 1438 2384; x_wconf 92' lang='lat' dir='ltr'><em>in</em></span> <span class='ocrx_word' id='word_1_102' title='bbox 1464 2317 1598 2387; x_wconf 88' lang='lat' dir='ltr'><em>nomine</em></span> <span class='ocrx_word' id='word_1_103' title='bbox 1613 2314 1721 2387; x_wconf 88' lang='lat' dir='ltr'><em>Patris</em></span> <span class='ocrx_word' id='word_1_104' title='bbox 1748 2324 1782 2386; x_wconf 87' lang='lat' dir='ltr'><em>et</em></span> <span class='ocrx_word' id='word_1_105' title='bbox 1807 2314 1901 2407; x_wconf 85' lang='lat' dir='ltr'>Filii,</span> <span class='ocrx_word' id='word_1_106' title='bbox 1923 2324 1958 2389; x_wconf 87' lang='lat' dir='ltr'><em>et</em></span> 
     </span>
     <span class='ocr_line' id='line_1_14' title="bbox 587 2433 870 2529; baseline -0.004 -25"><span class='ocrx_word' id='word_1_107' title='bbox 587 2433 729 2529; x_wconf 86' lang='lat' dir='ltr'><em>Spiritus</em></span> <span class='ocrx_word' id='word_1_108' title='bbox 755 2434 870 2505; x_wconf 88' lang='lat' dir='ltr'><em>sancti.</em></span> 
     </span>
    </p>

    <p class='ocr_par' dir='ltr' id='par_1_6' title="bbox 586 2547 1957 3105">
     <span class='ocr_line' id='line_1_15' title="bbox 690 2547 1957 2641; baseline 0 -21"><span class='ocrx_word' id='word_1_109' title='bbox 690 2549 739 2620; x_wconf 84' lang='lat' dir='ltr'><em>Et</em></span> <span class='ocrx_word' id='word_1_110' title='bbox 762 2551 938 2620; x_wconf 70' lang='lat' dir='ltr'><em>coccinata</em></span> <span class='ocrx_word' id='word_1_111' title='bbox 968 2547 1156 2636; x_wconf 77' lang='lat' dir='ltr'><em>Trinitate,</em></span> <span class='ocrx_word' id='word_1_112' title='bbox 1179 2549 1314 2641; x_wconf 72' lang='lat' dir='ltr'><em>franpit</em></span> <span class='ocrx_word' id='word_1_113' title='bbox 1339 2547 1484 2618; x_wconf 77' lang='lat' dir='ltr'><em>hostiam</em></span> <span class='ocrx_word' id='word_1_114' title='bbox 1498 2569 1597 2640; x_wconf 83' lang='lat' dir='ltr'><em>qnam</em></span> <span class='ocrx_word' id='word_1_115' title='bbox 1611 2547 1765 2619; x_wconf 81' lang='lat' dir='ltr'><em>omnibus</em></span> <span class='ocrx_word' id='word_1_116' title='bbox 1791 2554 1893 2637; x_wconf 85' lang='lat' dir='ltr'><em>tenet,</em></span> <span class='ocrx_word' id='word_1_117' title='bbox 1920 2552 1957 2620; x_wconf 78' lang='lat' dir='ltr'><em>in</em></span> 
     </span>
     <span class='ocr_line' id='line_1_16' title="bbox 589 2665 1954 2758; baseline 0.001 -24"><span class='ocrx_word' id='word_1_118' title='bbox 589 2665 673 2735; x_wconf 87' lang='lat' dir='ltr'><em>daos</em></span> <span class='ocrx_word' id='word_1_119' title='bbox 703 2671 844 2758; x_wconf 78' lang='lat' dir='ltr'><em>partes:</em></span> <span class='ocrx_word' id='word_1_120' title='bbox 883 2670 917 2735; x_wconf 92' lang='lat' dir='ltr'><em>et</em></span> <span class='ocrx_word' id='word_1_121' title='bbox 951 2686 1025 2733; x_wconf 81' lang='lat' dir='ltr'><em>earn</em></span> <span class='ocrx_word' id='word_1_122' title='bbox 1056 2685 1145 2756; x_wconf 83' lang='lat' dir='ltr'><em>qaae</em></span> <span class='ocrx_word' id='word_1_123' title='bbox 1180 2669 1232 2734; x_wconf 87' lang='lat' dir='ltr'><em>est</em></span> <span class='ocrx_word' id='word_1_124' title='bbox 1264 2666 1301 2732; x_wconf 88' lang='lat' dir='ltr'><em>tn</em></span> <span class='ocrx_word' id='word_1_125' title='bbox 1327 2686 1427 2732; x_wconf 89' lang='lat' dir='ltr'><em>mana</em></span> <span class='ocrx_word' id='word_1_126' title='bbox 1467 2668 1538 2753; x_wconf 79' lang='lat' dir='ltr'><em>ejtrs</em></span> <span class='ocrx_word' id='word_1_127' title='bbox 1568 2665 1711 2733; x_wconf 85' lang='lat' dir='ltr'><em>sinistra</em></span> <span class='ocrx_word' id='word_1_128' title='bbox 1746 2665 1885 2758; x_wconf 78' lang='lat' dir='ltr'><em>deponit</em></span> <span class='ocrx_word' id='word_1_129' title='bbox 1917 2669 1954 2735; x_wconf 88' lang='lat' dir='ltr'><em>in</em></span> 
     </span>
     <span class='ocr_line' id='line_1_17' title="bbox 586 2779 1956 2874; baseline 0.001 -24"><span class='ocrx_word' id='word_1_130' title='bbox 586 2782 701 2852; x_wconf 82' lang='lat' dir='ltr'><em>diseo:</em></span> <span class='ocrx_word' id='word_1_131' title='bbox 727 2781 840 2851; x_wconf 86' lang='lat' dir='ltr'><em>altero</em></span> <span class='ocrx_word' id='word_1_132' title='bbox 866 2803 964 2874; x_wconf 83' lang='lat' dir='ltr'><em>qnam</em></span> <span class='ocrx_word' id='word_1_133' title='bbox 989 2802 1090 2850; x_wconf 86' lang='lat' dir='ltr'><em>mano</em></span> <span class='ocrx_word' id='word_1_134' title='bbox 1116 2779 1243 2849; x_wconf 76' lang='lat' dir='ltr'><em>dextra</em></span> <span class='ocrx_word' id='word_1_135' title='bbox 1269 2784 1381 2867; x_wconf 86' lang='lat' dir='ltr'><em>tenet,</em></span> <span class='ocrx_word' id='word_1_136' title='bbox 1406 2781 1521 2870; x_wconf 83' lang='lat' dir='ltr'><em>siprmt</em></span> <span class='ocrx_word' id='word_1_137' title='bbox 1547 2779 1688 2850; x_wconf 86' lang='lat' dir='ltr'><em>calicem</em></span> <span class='ocrx_word' id='word_1_138' title='bbox 1714 2780 1840 2853; x_wconf 85' lang='lat' dir='ltr'><em>dicens.</em></span> <span class='ocrx_word' id='word_1_139' title='bbox 1893 2781 1956 2852; x_wconf 90' lang='lat' dir='ltr'><em>Si-</em></span> 
     </span>
     <span class='ocr_line' id='line_1_18' title="bbox 587 2894 1956 2992; baseline 0.002 -26"><span class='ocrx_word' id='word_1_140' title='bbox 587 2904 710 2989; x_wconf 84' lang='lat' dir='ltr'><em>gnatur</em></span> <span class='ocrx_word' id='word_1_141' title='bbox 735 2898 870 2988; x_wconf 82' lang='lat' dir='ltr'><em>sanguis</em></span> <span class='ocrx_word' id='word_1_142' title='bbox 897 2897 1065 2992; x_wconf 89' lang='lat' dir='ltr'><em>pretiosus</em></span> <span class='ocrx_word' id='word_1_143' title='bbox 1093 2916 1237 2990; x_wconf 89' lang='lat' dir='ltr'><em>corpore</em></span> <span class='ocrx_word' id='word_1_144' title='bbox 1269 2902 1385 2969; x_wconf 88' lang='lat' dir='ltr'><em>sancto</em></span> <span class='ocrx_word' id='word_1_145' title='bbox 1410 2894 1543 2966; x_wconf 92' lang='lat' dir='ltr'><em>Domini</em></span> <span class='ocrx_word' id='word_1_146' title='bbox 1574 2898 1682 2967; x_wconf 83' lang='lat' dir='ltr'><em>nostri</em></span> <span class='ocrx_word' id='word_1_147' title='bbox 1712 2895 1796 2970; x_wconf 86' lang='lat' dir='ltr'><em>lesu</em></span> <span class='ocrx_word' id='word_1_148' title='bbox 1823 2895 1956 2971; x_wconf 85' lang='lat' dir='ltr'>Christi.</span> 
     </span>
     <span class='ocr_line' id='line_1_19' title="bbox 587 3010 1695 3105; baseline -0.003 -21"><span class='ocrx_word' id='word_1_149' title='bbox 587 3014 625 3084; x_wconf 92' lang='lat' dir='ltr'><em>ln</em></span> <span class='ocrx_word' id='word_1_150' title='bbox 650 3015 783 3086; x_wconf 88' lang='lat' dir='ltr'><em>nomine</em></span> <span class='ocrx_word' id='word_1_151' title='bbox 809 3013 929 3099; x_wconf 84' lang='lat' dir='ltr'><em>Patris,</em></span> <span class='ocrx_word' id='word_1_152' title='bbox 956 3022 990 3084; x_wconf 90' lang='lat' dir='ltr'><em>et</em></span> <span class='ocrx_word' id='word_1_153' title='bbox 1015 3010 1103 3098; x_wconf 89' lang='lat' dir='ltr'>Filii,</span> <span class='ocrx_word' id='word_1_154' title='bbox 1130 3019 1164 3082; x_wconf 89' lang='lat' dir='ltr'><em>et</em></span> <span class='ocrx_word' id='word_1_155' title='bbox 1189 3010 1331 3105; x_wconf 85' lang='lat' dir='ltr'><em>Spiritus</em></span> <span class='ocrx_word' id='word_1_156' title='bbox 1358 3012 1464 3084; x_wconf 91' lang='lat' dir='ltr'><em>sancti</em></span> <span class='ocrx_word' id='word_1_157' title='bbox 1490 3013 1524 3080; x_wconf 91' lang='lat' dir='ltr'><em>in</em></span> <span class='ocrx_word' id='word_1_158' title='bbox 1551 3011 1695 3083; x_wconf 90' lang='lat' dir='ltr'><em>saecula.</em></span> 
     </span>
    </p>

    <p class='ocr_par' dir='ltr' id='par_1_7' title="bbox 691 3126 1151 3222">
     <span class='ocr_line' id='line_1_20' title="bbox 691 3126 1151 3222; baseline -0.007 -23"><span class='ocrx_word' id='word_1_159' title='bbox 691 3129 738 3199; x_wconf 82' lang='lat' dir='ltr'><em>Et</em></span> <span class='ocrx_word' id='word_1_160' title='bbox 763 3129 979 3222; x_wconf 86' lang='lat' dir='ltr'><em>respondent.</em></span> <span class='ocrx_word' id='word_1_161' title='bbox 1031 3126 1151 3198; x_wconf 88' lang='lat' dir='ltr'><em>Amen.</em></span> 
     </span>
    </p>

    <p class='ocr_par' dir='ltr' id='par_1_8' title="bbox 588 3241 1957 3688">
     <span class='ocr_line' id='line_1_21' title="bbox 697 3241 1957 3340; baseline 0.002 -26"><span class='ocrx_word' id='word_1_162' title='bbox 697 3245 778 3315; x_wconf 86' lang='lat' dir='ltr'><em>Tum</em></span> <span class='ocrx_word' id='word_1_163' title='bbox 803 3247 940 3340; x_wconf 83' lang='lat' dir='ltr'><em>intinpit</em></span> <span class='ocrx_word' id='word_1_164' title='bbox 966 3266 1042 3314; x_wconf 88' lang='lat' dir='ltr'><em>eam</em></span> <span class='ocrx_word' id='word_1_165' title='bbox 1074 3265 1179 3336; x_wconf 84' lang='lat' dir='ltr'><em>osque</em></span> <span class='ocrx_word' id='word_1_166' title='bbox 1206 3243 1252 3312; x_wconf 93' lang='lat' dir='ltr'><em>ad</em></span> <span class='ocrx_word' id='word_1_167' title='bbox 1276 3242 1420 3312; x_wconf 75' lang='lat' dir='ltr'><em>naaion</em></span> <span class='ocrx_word' id='word_1_168' title='bbox 1445 3245 1482 3312; x_wconf 81' lang='lat' dir='ltr'><em>in</em></span> <span class='ocrx_word' id='word_1_169' title='bbox 1509 3241 1639 3331; x_wconf 78' lang='lat' dir='ltr'><em>calice,</em></span> <span class='ocrx_word' id='word_1_170' title='bbox 1679 3251 1713 3314; x_wconf 88' lang='lat' dir='ltr'><em>et</em></span> <span class='ocrx_word' id='word_1_171' title='bbox 1743 3247 1858 3339; x_wconf 80' lang='lat' dir='ltr'><em>sipont</em></span> <span class='ocrx_word' id='word_1_172' title='bbox 1883 3270 1957 3317; x_wconf 86' lang='lat' dir='ltr'><em>cam</em></span> 
     </span>
     <span class='ocr_line' id='line_1_22' title="bbox 588 3356 1955 3454; baseline 0.001 -21"><span class='ocrx_word' id='word_1_173' title='bbox 588 3386 633 3433; x_wconf 91' lang='lat' dir='ltr'><em>ea</em></span> <span class='ocrx_word' id='word_1_174' title='bbox 665 3385 790 3454; x_wconf 86' lang='lat' dir='ltr'><em>corpas</em></span> <span class='ocrx_word' id='word_1_175' title='bbox 825 3362 914 3454; x_wconf 83' lang='lat' dir='ltr'><em>quod</em></span> <span class='ocrx_word' id='word_1_176' title='bbox 945 3365 997 3431; x_wconf 87' lang='lat' dir='ltr'><em>est</em></span> <span class='ocrx_word' id='word_1_177' title='bbox 1030 3362 1066 3430; x_wconf 89' lang='lat' dir='ltr'><em>in</em></span> <span class='ocrx_word' id='word_1_178' title='bbox 1092 3365 1224 3452; x_wconf 89' lang='lat' dir='ltr'><em>patena</em></span> <span class='ocrx_word' id='word_1_179' title='bbox 1258 3359 1384 3430; x_wconf 75' lang='lat' dir='ltr'><em>dicens</em></span> <span class='ocrx_word' id='word_1_180' title='bbox 1445 3356 1606 3450; x_wconf 85' lang='lat' dir='ltr'><em>Signatur</em></span> <span class='ocrx_word' id='word_1_181' title='bbox 1645 3382 1766 3454; x_wconf 90' lang='lat' dir='ltr'><em>corpus</em></span> <span class='ocrx_word' id='word_1_182' title='bbox 1806 3373 1955 3435; x_wconf 87' lang='lat' dir='ltr'><em>sanctum</em></span> 
     </span>
     <span class='ocr_line' id='line_1_23' title="bbox 589 3466 1956 3572; baseline -0.001 -22"><span class='ocrx_word' id='word_1_183' title='bbox 589 3466 753 3570; x_wconf 80' lang='lat' dir='ltr'><em>sanguine</em></span> <span class='ocrx_word' id='word_1_184' title='bbox 787 3477 1017 3572; x_wconf 89' lang='lat' dir='ltr'><em>propitiatorio</em></span> <span class='ocrx_word' id='word_1_185' title='bbox 1044 3477 1177 3547; x_wconf 89' lang='lat' dir='ltr'><em>Domini</em></span> <span class='ocrx_word' id='word_1_186' title='bbox 1205 3476 1310 3546; x_wconf 83' lang='lat' dir='ltr'><em>nostri</em></span> <span class='ocrx_word' id='word_1_187' title='bbox 1337 3473 1419 3545; x_wconf 87' lang='lat' dir='ltr'><em>lesu</em></span> <span class='ocrx_word' id='word_1_188' title='bbox 1446 3472 1579 3546; x_wconf 88' lang='lat' dir='ltr'><em>Christi.</em></span> <span class='ocrx_word' id='word_1_189' title='bbox 1611 3476 1648 3547; x_wconf 93' lang='lat' dir='ltr'><em>ln</em></span> <span class='ocrx_word' id='word_1_190' title='bbox 1674 3478 1807 3548; x_wconf 90' lang='lat' dir='ltr'><em>nomine</em></span> <span class='ocrx_word' id='word_1_191' title='bbox 1834 3477 1956 3568; x_wconf 88' lang='lat' dir='ltr'><em>Patris,</em></span> 
     </span>
     <span class='ocr_line' id='line_1_24' title="bbox 588 3588 1335 3688; baseline -0.008 -23"><span class='ocrx_word' id='word_1_192' title='bbox 588 3604 622 3665; x_wconf 87' lang='lat' dir='ltr'><em>et</em></span> <span class='ocrx_word' id='word_1_193' title='bbox 647 3592 732 3680; x_wconf 84' lang='lat' dir='ltr'>Filii,</span> <span class='ocrx_word' id='word_1_194' title='bbox 760 3605 793 3666; x_wconf 86' lang='lat' dir='ltr'><em>et</em></span> <span class='ocrx_word' id='word_1_195' title='bbox 819 3593 960 3688; x_wconf 88' lang='lat' dir='ltr'><em>Spiritus</em></span> <span class='ocrx_word' id='word_1_196' title='bbox 988 3595 1104 3677; x_wconf 89' lang='lat' dir='ltr'><em>sancti,</em></span> <span class='ocrx_word' id='word_1_197' title='bbox 1129 3594 1164 3661; x_wconf 92' lang='lat' dir='ltr'><em>in</em></span> <span class='ocrx_word' id='word_1_198' title='bbox 1189 3588 1335 3662; x_wconf 88' lang='lat' dir='ltr'><em>saecula.</em></span> 
     </span>
    </p>

    <p class='ocr_par' dir='ltr' id='par_1_9' title="bbox 690 3709 1700 3802">
     <span class='ocr_line' id='line_1_25' title="bbox 690 3709 1700 3802; baseline -0.012 -21"><span class='ocrx_word' id='word_1_199' title='bbox 690 3711 738 3781; x_wconf 83' lang='lat' dir='ltr'><em>Et</em></span> <span class='ocrx_word' id='word_1_200' title='bbox 763 3709 978 3802; x_wconf 89' lang='lat' dir='ltr'><em>respondent.</em></span> <span class='ocrx_word' id='word_1_201' title='bbox 1030 3709 1149 3780; x_wconf 82' lang='lat' dir='ltr'><em>Arnen.</em></span> <span class='ocrx_word' id='word_1_202' title='bbox 1697 3765 1700 3769; x_wconf 75' lang='grc'>,</span> 
     </span>
    </p>

    <p class='ocr_par' dir='ltr' id='par_1_10' title="bbox 586 3823 1957 4849">
     <span class='ocr_line' id='line_1_26' title="bbox 696 3823 1957 3919; baseline 0.003 -23"><span class='ocrx_word' id='word_1_203' title='bbox 696 3826 941 3919; x_wconf 74' lang='lat' dir='ltr'><em>Corp&#39;unpitqae</em></span> <span class='ocrx_word' id='word_1_204' title='bbox 974 3824 1091 3894; x_wconf 74' lang='lat' dir='ltr'><em>nabas</em></span> <span class='ocrx_word' id='word_1_205' title='bbox 1122 3829 1262 3917; x_wconf 75' lang='lat' dir='ltr'><em>partes,</em></span> <span class='ocrx_word' id='word_1_206' title='bbox 1296 3845 1397 3892; x_wconf 87' lang='lat' dir='ltr'><em>unam</em></span> <span class='ocrx_word' id='word_1_207' title='bbox 1423 3846 1496 3893; x_wconf 79' lang='lat' dir='ltr'><em>cunr</em></span> <span class='ocrx_word' id='word_1_208' title='bbox 1522 3823 1635 3893; x_wconf 87' lang='lat' dir='ltr'><em>altera</em></span> <span class='ocrx_word' id='word_1_209' title='bbox 1660 3824 1785 3895; x_wconf 63' lang='lat' dir='ltr'><em>moene.</em></span> <span class='ocrx_word' id='word_1_210' title='bbox 1838 3828 1957 3899; x_wconf 86' lang='lat' dir='ltr'><em>Divisa</em></span> 
     </span>
     <span class='ocr_line' id='line_1_27' title="bbox 588 3937 1955 4036; baseline 0.001 -23"><span class='ocrx_word' id='word_1_211' title='bbox 588 3952 680 4029; x_wconf 88' lang='lat' dir='ltr'><em>sunt,</em></span> <span class='ocrx_word' id='word_1_212' title='bbox 716 3941 938 4027; x_wconf 85' lang='lat' dir='ltr'><em>sanctificata,</em></span> <span class='ocrx_word' id='word_1_213' title='bbox 974 3938 1150 4035; x_wconf 89' lang='lat' dir='ltr'><em>completa,</em></span> <span class='ocrx_word' id='word_1_214' title='bbox 1176 3937 1345 4033; x_wconf 85' lang='lat' dir='ltr'><em>perlecta,</em></span> <span class='ocrx_word' id='word_1_215' title='bbox 1378 3941 1485 4024; x_wconf 87' lang='lat' dir='ltr'><em>unita,</em></span> <span class='ocrx_word' id='word_1_216' title='bbox 1521 3947 1555 4009; x_wconf 90' lang='lat' dir='ltr'><em>et</em></span> <span class='ocrx_word' id='word_1_217' title='bbox 1589 3942 1760 4010; x_wconf 90' lang='lat' dir='ltr'><em>commista</em></span> <span class='ocrx_word' id='word_1_218' title='bbox 1794 3947 1955 4036; x_wconf 68' lang='lat' dir='ltr'><em>mysteria</em></span> 
     </span>
     <span class='ocr_line' id='line_1_28' title="bbox 587 4053 1955 4154; baseline 0.003 -26"><span class='ocrx_word' id='word_1_219' title='bbox 587 4057 672 4129; x_wconf 88' lang='lat' dir='ltr'><em>haec</em></span> <span class='ocrx_word' id='word_1_220' title='bbox 697 4057 884 4154; x_wconf 87' lang='lat' dir='ltr'><em>praeclara,</em></span> <span class='ocrx_word' id='word_1_221' title='bbox 911 4065 1043 4142; x_wconf 85' lang='lat' dir='ltr'><em>sancta,</em></span> <span class='ocrx_word' id='word_1_222' title='bbox 1075 4053 1278 4126; x_wconf 85' lang='lat' dir='ltr'><em>vivificantia</em></span> <span class='ocrx_word' id='word_1_223' title='bbox 1311 4064 1344 4125; x_wconf 89' lang='lat' dir='ltr'><em>et</em></span> <span class='ocrx_word' id='word_1_224' title='bbox 1374 4054 1503 4140; x_wconf 83' lang='lat' dir='ltr'><em>divina,</em></span> <span class='ocrx_word' id='word_1_225' title='bbox 1535 4078 1633 4126; x_wconf 89' lang='lat' dir='ltr'><em>unum</em></span> <span class='ocrx_word' id='word_1_226' title='bbox 1667 4078 1741 4126; x_wconf 89' lang='lat' dir='ltr'><em>cum</em></span> <span class='ocrx_word' id='word_1_227' title='bbox 1768 4057 1895 4144; x_wconf 89' lang='lat' dir='ltr'><em>altero,</em></span> <span class='ocrx_word' id='word_1_228' title='bbox 1921 4063 1955 4132; x_wconf 91' lang='lat' dir='ltr'><em>in</em></span> 
     </span>
     <span class='ocr_line' id='line_1_29' title="bbox 587 4168 1955 4263; baseline 0.001 -18"><span class='ocrx_word' id='word_1_229' title='bbox 587 4177 720 4245; x_wconf 87' lang='lat' dir='ltr'><em>nomino</em></span> <span class='ocrx_word' id='word_1_230' title='bbox 747 4171 918 4245; x_wconf 89' lang='lat' dir='ltr'><em>adorando</em></span> <span class='ocrx_word' id='word_1_231' title='bbox 946 4182 980 4242; x_wconf 89' lang='lat' dir='ltr'><em>et</em></span> <span class='ocrx_word' id='word_1_232' title='bbox 1005 4169 1157 4263; x_wconf 85' lang='lat' dir='ltr'><em>glorioso</em></span> <span class='ocrx_word' id='word_1_233' title='bbox 1185 4170 1354 4242; x_wconf 84' lang='lat' dir='ltr'><em>Trinitatis</em></span> <span class='ocrx_word' id='word_1_234' title='bbox 1382 4181 1458 4242; x_wconf 87' lang='lat' dir='ltr'><em>tuae</em></span> <span class='ocrx_word' id='word_1_235' title='bbox 1484 4168 1657 4262; x_wconf 86' lang='lat' dir='ltr'><em>gloriosae</em></span> <span class='ocrx_word' id='word_1_236' title='bbox 1679 4172 1793 4260; x_wconf 86' lang='lat' dir='ltr'><em>Pater,</em></span> <span class='ocrx_word' id='word_1_237' title='bbox 1820 4176 1893 4263; x_wconf 90' lang='lat' dir='ltr'>Fili,</span> <span class='ocrx_word' id='word_1_238' title='bbox 1921 4186 1955 4247; x_wconf 90' lang='lat' dir='ltr'><em>et</em></span> 
     </span>
     <span class='ocr_line' id='line_1_30' title="bbox 586 4284 1954 4386; baseline -0.002 -23"><span class='ocrx_word' id='word_1_239' title='bbox 586 4290 729 4386; x_wconf 88' lang='lat' dir='ltr'><em>Spiritus</em></span> <span class='ocrx_word' id='word_1_240' title='bbox 763 4298 897 4377; x_wconf 89' lang='lat' dir='ltr'><em>sancte,</em></span> <span class='ocrx_word' id='word_1_241' title='bbox 929 4297 965 4358; x_wconf 89' lang='lat' dir='ltr'><em>ut</em></span> <span class='ocrx_word' id='word_1_242' title='bbox 991 4290 1057 4360; x_wconf 90' lang='lat' dir='ltr'><em>sint</em></span> <span class='ocrx_word' id='word_1_243' title='bbox 1089 4284 1184 4357; x_wconf 92' lang='lat' dir='ltr'><em>nohis</em></span> <span class='ocrx_word' id='word_1_244' title='bbox 1210 4286 1355 4359; x_wconf 89' lang='lat' dir='ltr'><em>Domine</em></span> <span class='ocrx_word' id='word_1_245' title='bbox 1389 4290 1424 4358; x_wconf 92' lang='lat' dir='ltr'><em>in</em></span> <span class='ocrx_word' id='word_1_246' title='bbox 1450 4291 1715 4382; x_wconf 87' lang='lat' dir='ltr'><em>propitiationem</em></span> <span class='ocrx_word' id='word_1_247' title='bbox 1747 4286 1954 4374; x_wconf 84' lang='lat' dir='ltr'><em>delictorum,</em></span> 
     </span>
     <span class='ocr_line' id='line_1_31' title="bbox 587 4404 1954 4499; baseline 0 -22"><span class='ocrx_word' id='word_1_248' title='bbox 587 4416 621 4477; x_wconf 88' lang='lat' dir='ltr'><em>et</em></span> <span class='ocrx_word' id='word_1_249' title='bbox 647 4409 878 4478; x_wconf 88' lang='lat' dir='ltr'><em>remissionem</em></span> <span class='ocrx_word' id='word_1_250' title='bbox 904 4413 1138 4499; x_wconf 88' lang='lat' dir='ltr'><em>peccatorum,</em></span> <span class='ocrx_word' id='word_1_251' title='bbox 1174 4404 1208 4473; x_wconf 91' lang='lat' dir='ltr'><em>in</em></span> <span class='ocrx_word' id='word_1_252' title='bbox 1235 4424 1330 4497; x_wconf 88' lang='lat' dir='ltr'><em>spem</em></span> <span class='ocrx_word' id='word_1_253' title='bbox 1356 4424 1488 4497; x_wconf 88' lang='lat' dir='ltr'><em>quoque</em></span> <span class='ocrx_word' id='word_1_254' title='bbox 1515 4424 1669 4495; x_wconf 85' lang='lat' dir='ltr'><em>magnam</em></span> <span class='ocrx_word' id='word_1_255' title='bbox 1700 4407 1954 4477; x_wconf 90' lang='lat' dir='ltr'><em>resurrectionis</em></span> 
     </span>
     <span class='ocr_line' id='line_1_32' title="bbox 587 4512 1953 4610; baseline -0.002 -16"><span class='ocrx_word' id='word_1_256' title='bbox 587 4546 608 4594; x_wconf 92' lang='lat' dir='ltr'><em>a</em></span> <span class='ocrx_word' id='word_1_257' title='bbox 641 4525 800 4608; x_wconf 87' lang='lat' dir='ltr'><em>mortuis,</em></span> <span class='ocrx_word' id='word_1_258' title='bbox 834 4530 867 4592; x_wconf 88' lang='lat' dir='ltr'><em>et</em></span> <span class='ocrx_word' id='word_1_259' title='bbox 899 4523 990 4591; x_wconf 89' lang='lat' dir='ltr'><em>vitae</em></span> <span class='ocrx_word' id='word_1_260' title='bbox 1015 4541 1128 4592; x_wconf 89' lang='lat' dir='ltr'><em>novae</em></span> <span class='ocrx_word' id='word_1_261' title='bbox 1158 4521 1191 4588; x_wconf 90' lang='lat' dir='ltr'><em>in</em></span> <span class='ocrx_word' id='word_1_262' title='bbox 1228 4540 1335 4610; x_wconf 85' lang='lat' dir='ltr'><em>regno</em></span> <span class='ocrx_word' id='word_1_263' title='bbox 1368 4512 1555 4605; x_wconf 84' lang='lat' dir='ltr'><em>ooelorum’,</em></span> <span class='ocrx_word' id='word_1_264' title='bbox 1587 4519 1684 4590; x_wconf 90' lang='lat' dir='ltr'><em>nobis</em></span> <span class='ocrx_word' id='word_1_265' title='bbox 1718 4528 1752 4589; x_wconf 83' lang='lat' dir='ltr'><em>et</em></span> <span class='ocrx_word' id='word_1_266' title='bbox 1777 4519 1953 4594; x_wconf 84' lang='lat' dir='ltr'><em>Ecclesiae</em></span> 
     </span>
     <span class='ocr_line' id='line_1_33' title="bbox 588 4635 1954 4728; baseline -0.005 -17"><span class='ocrx_word' id='word_1_267' title='bbox 588 4648 726 4711; x_wconf 79' lang='lat' dir='ltr'><em>sanciae</em></span> <span class='ocrx_word' id='word_1_268' title='bbox 754 4637 875 4710; x_wconf 83' lang='lat' dir='ltr'><em>Christi</em></span> <span class='ocrx_word' id='word_1_269' title='bbox 908 4635 1039 4707; x_wconf 89' lang='lat' dir='ltr'><em>Domini</em></span> <span class='ocrx_word' id='word_1_270' title='bbox 1065 4637 1190 4722; x_wconf 84' lang='lat' dir='ltr'><em>noslri,</em></span> <span class='ocrx_word' id='word_1_271' title='bbox 1230 4637 1305 4705; x_wconf 86' lang='lat' dir='ltr'><em>istie</em></span> <span class='ocrx_word' id='word_1_272' title='bbox 1338 4645 1372 4705; x_wconf 88' lang='lat' dir='ltr'><em>ot</em></span> <span class='ocrx_word' id='word_1_273' title='bbox 1396 4638 1430 4706; x_wconf 92' lang='lat' dir='ltr'><em>in</em></span> <span class='ocrx_word' id='word_1_274' title='bbox 1458 4657 1664 4728; x_wconf 87' lang='lat' dir='ltr'><em>quocumque</em></span> <span class='ocrx_word' id='word_1_275' title='bbox 1689 4637 1840 4726; x_wconf 79' lang='lat' dir='ltr'><em>regione.</em></span> <span class='ocrx_word' id='word_1_276' title='bbox 1867 4656 1954 4706; x_wconf 91' lang='lat' dir='ltr'><em>nunc</em></span> 
     </span>
     <span class='ocr_line' id='line_1_34' title="bbox 588 4750 1319 4849; baseline -0.005 -24"><span class='ocrx_word' id='word_1_277' title='bbox 588 4763 622 4825; x_wconf 92' lang='lat' dir='ltr'><em>ot</em></span> <span class='ocrx_word' id='word_1_278' title='bbox 647 4776 791 4849; x_wconf 87' lang='lat' dir='ltr'><em>semper,</em></span> <span class='ocrx_word' id='word_1_279' title='bbox 819 4763 853 4826; x_wconf 89' lang='lat' dir='ltr'><em>et</em></span> <span class='ocrx_word' id='word_1_280' title='bbox 877 4756 912 4824; x_wconf 93' lang='lat' dir='ltr'><em>in</em></span> <span class='ocrx_word' id='word_1_281' title='bbox 938 4751 1073 4824; x_wconf 91' lang='lat' dir='ltr'><em>saecula</em></span> <span class='ocrx_word' id='word_1_282' title='bbox 1100 4750 1319 4823; x_wconf 87' lang='lat' dir='ltr'><em>saeculorum.</em></span> 
     </span>
    </p>

    <p class='ocr_par' dir='ltr' id='par_1_11' title="bbox 584 4865 1955 5426">
     <span class='ocr_line' id='line_1_35' title="bbox 690 4865 1952 4964; baseline -0.002 -24"><span class='ocrx_word' id='word_1_283' title='bbox 690 4873 832 4941; x_wconf 88' lang='lat' dir='ltr'><em>Interea</em></span> <span class='ocrx_word' id='word_1_284' title='bbox 856 4871 969 4964; x_wconf 75' lang='lat' dir='ltr'><em>sipnot</em></span> <span class='ocrx_word' id='word_1_285' title='bbox 995 4869 1140 4938; x_wconf 81' lang='lat' dir='ltr'><em>trostiam</em></span> <span class='ocrx_word' id='word_1_286' title='bbox 1162 4865 1290 4958; x_wconf 90' lang='lat' dir='ltr'><em>pollice</em></span> <span class='ocrx_word' id='word_1_287' title='bbox 1316 4867 1439 4937; x_wconf 81' lang='lat' dir='ltr'><em>dentro</em></span> <span class='ocrx_word' id='word_1_288' title='bbox 1458 4869 1493 4935; x_wconf 88' lang='lat' dir='ltr'><em>in</em></span> <span class='ocrx_word' id='word_1_289' title='bbox 1518 4870 1663 4959; x_wconf 78' lang='lat' dir='ltr'><em>sororum</em></span> <span class='ocrx_word' id='word_1_290' title='bbox 1676 4870 1801 4953; x_wconf 67' lang='lat' dir='ltr'><em>ernas,</em></span> <span class='ocrx_word' id='word_1_291' title='bbox 1827 4866 1872 4936; x_wconf 83' lang='lat' dir='ltr'><em>ab</em></span> <span class='ocrx_word' id='word_1_292' title='bbox 1891 4870 1952 4937; x_wconf 88' lang='lat' dir='ltr'><em>in-</em></span> 
     </span>
     <span class='ocr_line' id='line_1_36' title="bbox 584 4981 1953 5080; baseline -0.003 -23"><span class='ocrx_word' id='word_1_293' title='bbox 584 4988 712 5080; x_wconf 80' lang='lat' dir='ltr'><em>feriori</em></span> <span class='ocrx_word' id='word_1_294' title='bbox 736 4992 838 5079; x_wconf 87' lang='lat' dir='ltr'><em>parte</em></span> <span class='ocrx_word' id='word_1_295' title='bbox 865 4985 912 5055; x_wconf 88' lang='lat' dir='ltr'><em>ad</em></span> <span class='ocrx_word' id='word_1_296' title='bbox 935 4986 1156 5077; x_wconf 84' lang='lat' dir='ltr'><em>superiorem,</em></span> <span class='ocrx_word' id='word_1_297' title='bbox 1183 4989 1218 5053; x_wconf 89' lang='lat' dir='ltr'><em>et</em></span> <span class='ocrx_word' id='word_1_298' title='bbox 1242 5006 1267 5051; x_wconf 88' lang='lat' dir='ltr'><em>n</em></span> <span class='ocrx_word' id='word_1_299' title='bbox 1292 4983 1418 5053; x_wconf 79' lang='lat' dir='ltr'><em>dentra</em></span> <span class='ocrx_word' id='word_1_300' title='bbox 1449 4982 1496 5052; x_wconf 92' lang='lat' dir='ltr'><em>ad</em></span> <span class='ocrx_word' id='word_1_301' title='bbox 1530 4985 1725 5067; x_wconf 77' lang='lat' dir='ltr'><em>sinistranr;</em></span> <span class='ocrx_word' id='word_1_302' title='bbox 1760 4989 1795 5054; x_wconf 90' lang='lat' dir='ltr'><em>et</em></span> <span class='ocrx_word' id='word_1_303' title='bbox 1819 4986 1871 5054; x_wconf 83' lang='lat' dir='ltr'><em>ita</em></span> <span class='ocrx_word' id='word_1_304' title='bbox 1896 4981 1953 5053; x_wconf 82' lang='lat' dir='ltr'><em>le·</em></span> 
     </span>
     <span class='ocr_line' id='line_1_37' title="bbox 587 5101 1955 5196; baseline -0.001 -23"><span class='ocrx_word' id='word_1_305' title='bbox 587 5125 660 5173; x_wconf 79' lang='lat' dir='ltr'><em>aaa</em></span> <span class='ocrx_word' id='word_1_306' title='bbox 690 5104 849 5196; x_wconf 76' lang='lat' dir='ltr'><em>fissuram</em></span> <span class='ocrx_word' id='word_1_307' title='bbox 879 5104 915 5171; x_wconf 86' lang='lat' dir='ltr'><em>in</em></span> <span class='ocrx_word' id='word_1_308' title='bbox 947 5123 992 5172; x_wconf 91' lang='lat' dir='ltr'><em>ea</em></span> <span class='ocrx_word' id='word_1_309' title='bbox 1018 5102 1169 5192; x_wconf 72' lang='lat' dir='ltr'><em>format,</em></span> <span class='ocrx_word' id='word_1_310' title='bbox 1207 5121 1275 5192; x_wconf 81' lang='lat' dir='ltr'><em>qua</em></span> <span class='ocrx_word' id='word_1_311' title='bbox 1304 5107 1408 5192; x_wconf 88' lang='lat' dir='ltr'><em>parte</em></span> <span class='ocrx_word' id='word_1_312' title='bbox 1439 5101 1585 5169; x_wconf 86' lang='lat' dir='ltr'><em>intincta</em></span> <span class='ocrx_word' id='word_1_313' title='bbox 1615 5107 1667 5170; x_wconf 87' lang='lat' dir='ltr'><em>est</em></span> <span class='ocrx_word' id='word_1_314' title='bbox 1705 5102 1741 5169; x_wconf 90' lang='lat' dir='ltr'><em>in</em></span> <span class='ocrx_word' id='word_1_315' title='bbox 1779 5101 1955 5194; x_wconf 73' lang='lat' dir='ltr'><em>smcpniae.</em></span> 
     </span>
     <span class='ocr_line' id='line_1_38' title="bbox 588 5214 1954 5310; baseline -0.003 -21"><span class='ocrx_word' id='word_1_316' title='bbox 588 5219 730 5289; x_wconf 86' lang='lat' dir='ltr'><em>Partem</em></span> <span class='ocrx_word' id='word_1_317' title='bbox 756 5224 827 5310; x_wconf 74' lang='lat' dir='ltr'><em>ejers</em></span> <span class='ocrx_word' id='word_1_318' title='bbox 853 5219 953 5287; x_wconf 87' lang='lat' dir='ltr'><em>mittit</em></span> <span class='ocrx_word' id='word_1_319' title='bbox 978 5219 1014 5285; x_wconf 90' lang='lat' dir='ltr'><em>in</em></span> <span class='ocrx_word' id='word_1_320' title='bbox 1042 5214 1195 5306; x_wconf 83' lang='lat' dir='ltr'><em>calicem,</em></span> <span class='ocrx_word' id='word_1_321' title='bbox 1221 5218 1256 5286; x_wconf 88' lang='lat' dir='ltr'><em>in</em></span> <span class='ocrx_word' id='word_1_322' title='bbox 1279 5221 1426 5309; x_wconf 74' lang='lat' dir='ltr'><em>[orntum</em></span> <span class='ocrx_word' id='word_1_323' title='bbox 1448 5217 1578 5286; x_wconf 72' lang='lat' dir='ltr'><em>mucis:</em></span> <span class='ocrx_word' id='word_1_324' title='bbox 1599 5239 1686 5308; x_wconf 88' lang='lat' dir='ltr'><em>pars</em></span> <span class='ocrx_word' id='word_1_325' title='bbox 1711 5219 1858 5310; x_wconf 72' lang='lat' dir='ltr'><em>inferior</em></span> <span class='ocrx_word' id='word_1_326' title='bbox 1880 5237 1954 5309; x_wconf 89' lang='lat' dir='ltr'><em>po-</em></span> 
     </span>
     <span class='ocr_line' id='line_1_39' title="bbox 587 5331 1955 5426; baseline -0.002 -21"><span class='ocrx_word' id='word_1_327' title='bbox 587 5337 657 5406; x_wconf 85' lang='lat' dir='ltr'><em>sita</em></span> <span class='ocrx_word' id='word_1_328' title='bbox 684 5340 735 5405; x_wconf 89' lang='lat' dir='ltr'><em>est</em></span> <span class='ocrx_word' id='word_1_329' title='bbox 760 5356 877 5405; x_wconf 78' lang='lat' dir='ltr'><em>aerem</em></span> <span class='ocrx_word' id='word_1_330' title='bbox 901 5331 1142 5418; x_wconf 86' lang='lat' dir='ltr'><em>Sacerdotem,</em></span> <span class='ocrx_word' id='word_1_331' title='bbox 1177 5335 1335 5426; x_wconf 86' lang='lat' dir='ltr'><em>superior</em></span> <span class='ocrx_word' id='word_1_332' title='bbox 1365 5354 1483 5403; x_wconf 79' lang='lat' dir='ltr'><em>rersrts</em></span> <span class='ocrx_word' id='word_1_333' title='bbox 1516 5331 1675 5421; x_wconf 88' lang='lat' dir='ltr'><em>calicem,</em></span> <span class='ocrx_word' id='word_1_334' title='bbox 1710 5335 1762 5403; x_wconf 90' lang='lat' dir='ltr'><em>ita</em></span> <span class='ocrx_word' id='word_1_335' title='bbox 1795 5339 1833 5404; x_wconf 86' lang='lat' dir='ltr'><em>ot</em></span> <span class='ocrx_word' id='word_1_336' title='bbox 1859 5332 1955 5403; x_wconf 86' lang='lat' dir='ltr'><em>locus</em></span> 
     </span>
    </p>
   </div>
   <div class='ocr_carea' id='block_1_3' title="bbox 0 0 2580 6534">
    <p class='ocr_par' dir='ltr' id='par_1_12' title="bbox 0 0 2580 6534">
     <span class='ocr_line' id='line_1_40' title="bbox 0 0 2580 6534; baseline 0 0"><span class='ocrx_word' id='word_1_337' title='bbox 0 0 2580 6534; x_wconf 95' lang='lat' dir='ltr'><em> </em></span> 
     </span>
    </p>
   </div>
  </div>
 </body>
</html>
