5150 6534
595 803 673 877 ara
1087 780 1448 879 irrorari
1549 814 1551 818 ·

593 987 748 1081 labiliter,
775 999 809 1061 et
834 988 942 1060 lactus
969 986 1157 1073 esthemo,
1185 986 1353 1081 quomodo
1379 986 1486 1059 voluit
1511 997 1546 1059 et
1571 990 1675 1077 novit,
1702 997 1737 1061 et
1755 989 1970 1083 omniaque

594 1114 708 1176 nostra
737 1113 832 1176 erant
858 1113 1004 1200 excepto
1030 1112 1185 1199 peccato,
1212 1125 1274 1197 pro
1302 1101 1401 1174 uobis
1427 1101 1577 1199 perfecit

698 1219 849 1291 Eleorum
873 1241 999 1290 ccccm.
1053 1218 1116 1304 Qut
1145 1226 1248 1289 totam
1275 1217 1557 1313 dispensationem
1573 1219 1753 1292 salutarem
1779 1240 1844 1317 pro
1871 1220 1969 1294 nobis

594 1333 746 1430 perfecit,
773 1344 807 1405 et
833 1357 895 1429 per
920 1338 1095 1429 passiones
1122 1353 1201 1403 suas
1228 1345 1374 1421 sanctas,
1400 1332 1563 1406 adrentus
1589 1337 1640 1406 sui
1667 1338 1700 1406 in
1726 1357 1843 1423 earne,
1869 1339 1968 1434 veri-

594 1458 695 1521 tatem
723 1448 970 1522 demonstrauit
1022 1449 1060 1520 In
1084 1457 1186 1519 nocte
1211 1448 1384 1521 Pascbatis
1410 1452 1445 1519 in
1473 1471 1539 1542 que
1568 1449 1765 1542 tradebatur
1800 1474 1865 1547 pro
1897 1455 1968 1526 utu

585 1574 630 1665 ‘et
656 1564 763 1636 salute
788 1564 911 1652 mundi,
938 1567 1069 1659 accepit
1093 1584 1214 1656 panem
1244 1566 1279 1634 iu
1313 1585 1430 1636 manus
1456 1586 1535 1636 suas
1562 1575 1718 1655 sanctas,
1749 1565 1969 1640 sanctificavit

596 1701 682 1766 eum,
709 1687 730 1761 †
757 1691 791 1750 et
816 1678 918 1770 lregit
943 1686 963 1760 †
991 1678 1145 1771 deditque
1171 1684 1193 1760 †
1220 1677 1389 1773 discipulis
1425 1682 1495 1752 suis
1527 1680 1700 1775 Apostolis
1733 1685 1879 1773 sanetis,
1911 1681 1967 1755 di-
2039 1753 2044 1763 ,

596 1816 693 1866 cens:
728 1795 898 1889 Accipite,
930 1794 1019 1866 edite
1053 1816 1100 1884 ex
1131 1815 1189 1865 eo:
1221 1794 1296 1868 Hoc
1332 1804 1385 1866 est
1416 1816 1539 1889 corpus
1570 1817 1680 1867 meum
1714 1794 1805 1889 quod
1835 1817 1903 1869 vos
1934 1806 1967 1870 ct

596 1908 715 1981 multos
743 1919 922 2004 praeparat
949 1910 991 1981 ad
1018 1911 1248 1981 remissionem
1275 1920 1491 2005 peccatorum
1517 1920 1551 1981 et
1578 1914 1680 1982 vitum
1706 1921 1891 1983 aeternam.

698 2026 859 2117 Populus.
913 2026 1033 2098 Amen.
1085 2102 1088 2108 ,

698 2140 882 2211 Sacerdos.
935 2140 1093 2214 Similiter
1120 2144 1220 2213 etiam
1248 2151 1282 2210 et
1309 2140 1447 2212 calicem
1473 2142 1585 2229 vitae,
1611 2142 1692 2213 vino
1719 2149 1755 2212 et
1780 2162 1869 2235 equa
1893 2161 1967 2214 eum

595 2259 793 2342 miscuisset,
826 2262 846 2336 †
874 2256 1139 2339 sanctificavit†
1174 2278 1267 2344 curn,
1301 2266 1335 2325 et
1360 2254 1450 2326 dedit
1482 2262 1504 2338 †
1538 2255 1707 2351 discipulis
1739 2258 1810 2327 suis
1845 2257 1966 2327 sanctis

596 2371 748 2443 discens:
775 2369 948 2466 Accipite,
984 2370 1086 2444 bibito
1119 2394 1230 2443 exeo
1256 2391 1323 2443 vos
1350 2392 1481 2442 omnes:
1512 2370 1576 2441 llic
1611 2381 1664 2442 est
1696 2374 1836 2462 sanguis
1863 2392 1967 2458 meus,

596 2508 694 2580 quern
720 2507 782 2580 pro
809 2488 877 2558 vita
914 2486 1025 2557 mundi
1057 2487 1099 2559 do
1127 2509 1215 2578 ego,
1248 2506 1314 2557 vos
1347 2494 1456 2556 autem
1491 2496 1525 2557 et
1557 2484 1678 2558 multos
1712 2493 1897 2580 praeparat
1926 2484 1967 2556 ad

594 2603 826 2673 remissionem
852 2612 1080 2694 pcccatorum,
1106 2612 1140 2673 et
1168 2601 1338 2674 advitam
1367 2610 1548 2671 aeternam.

700 2715 863 2807 Populus.
915 2718 1034 2788 Amen.

698 2828 882 2899 Sacerdos.
935 2831 1010 2902 Hoc
1043 2830 1143 2903 incito
1176 2835 1209 2902 in
1236 2834 1302 2903 mei
1338 2831 1546 2901 memoriam:
1581 2832 1856 2925 quotiescumque
1881 2832 1968 2902 eninr

482 2925 488 2935 ’
599 2944 840 3016 manducabitis
867 2967 987 3040 panem
1014 2945 1100 3018 hunc
1129 2957 1163 3017 et
1189 2947 1328 3018 calicem
1342 2944 1427 3016 hunc
1449 2943 1582 3035 bibetis,
1604 2949 1721 3019 mortis
1743 2966 1842 3017 meae
1868 2967 1968 3017 conr-

599 3062 874 3131 mcmorationem
909 3064 1036 3152 agetis,
1071 3073 1104 3133 et
1136 3063 1416 3133 resurrectionem
1442 3081 1552 3132 meam
1586 3059 1823 3134 confitebimini
1860 3059 1970 3132 donec

599 3178 745 3247 ueniam.

698 3291 859 3383 Populus.
912 3291 1031 3363 Mortis
1058 3301 1146 3380 tuae,
1179 3302 1243 3365 etc.

699 3406 874 3477 Sacerdos
900 3408 1090 3479 inclinotrn.
1140 3406 1254 3479 Mente
1282 3408 1381 3497 igitur
1412 3404 1619 3491 recolentes,
1655 3427 1696 3476 ea
1723 3409 1855 3494 omnia,
1883 3427 1974 3499 quae

597 3544 660 3614 pro
689 3521 799 3608 nobis,
828 3532 861 3592 et
888 3533 1024 3617 propter
1050 3544 1114 3593 nos
1142 3522 1386 3618 dispensatorie
1414 3543 1433 3590 a
1460 3531 1494 3591 tc
1520 3520 1670 3615 perfecta
1696 3520 1846 3609 luerunt,
1877 3523 1973 3592 nati-

595 3641 732 3708 vitatem
760 3647 849 3707 tuam
878 3638 1074 3725 salutarem,
1101 3634 1301 3733 baptismum
1328 3646 1417 3706 tuum
1445 3636 1610 3722 divinum,
1651 3637 1855 3730 sepulturam
1882 3647 1975 3708 tuam

595 3752 842 3838 vivificantem,
858 3755 1135 3824 resurrectionem
1151 3763 1239 3824 tuam
1257 3751 1466 3837 dominicam,
1494 3755 1727 3822 ascensionem
1755 3762 1843 3823 trram
1857 3751 1977 3844 gaudii

596 3868 741 3962 plenam,
769 3872 1021 3962 sessionemque
1050 3879 1137 3939 tuam
1174 3867 1216 3939 ad
1249 3866 1423 3938 dexteram
1459 3868 1642 3957 majestatis
1676 3865 1741 3936 Dei
1775 3877 1810 3937 et
1841 3864 1976 3940 Patris:

595 3984 712 4051 iterum
740 3986 839 4053 etiam
867 3984 1044 4054 adventum
1072 3993 1161 4053 tuum
1181 3982 1361 4055 secundum
1377 3980 1567 4066 timendum,
1595 3990 1628 4050 et
1655 3984 1807 4054 tremoris
1834 3979 1976 4076 plenum

596 4117 905 4187 commemoramus,
934 4099 1064 4192 quando
1092 4102 1252 4168 exoriens
1279 4118 1351 4166 cum
1379 4096 1509 4188 gloria,
1547 4095 1799 4190 terribiliterque
1825 4096 1976 4190 conspi-

596 4212 747 4281 ciendum
774 4208 816 4283 te'
835 4212 1002 4308 praebens
1030 4216 1130 4285 vivos
1165 4223 1198 4283 et
1230 4220 1380 4282 mortuos
1410 4210 1595 4301 judicabis3
1631 4210 1761 4304 quando
1795 4209 1976 4302 Angelis

597 4325 776 4421 splendore
801 4328 913 4418 judicii
940 4332 986 4399 tui
1012 4332 1281 4415 contremiscent,
1309 4337 1343 4398 et
1369 4325 1574 4417 Archangeli
1599 4334 1754 4414 trement,
1780 4318 1999 4400 Potestates

595 4427 842 4531 concutientur,
884 4443 1011 4514 Throui
1051 4441 1355 4529 conturbabuntur,
1390 4451 1424 4513 et
1458 4441 1601 4513 Ordines
1637 4441 1804 4515 coelestes
1839 4449 1979 4513 terrore

595 4555 841 4650 obstupescent.
869 4557 963 4628 Tunc
991 4580 1108 4629 ornnes
1134 4557 1285 4629 homines
1313 4560 1346 4627 in
1374 4556 1492 4628 dolore
1519 4567 1659 4644 stantes,
1681 4557 1827 4649 judicem
1843 4558 1978 4629 timen-

595 4672 672 4744 dum
698 4682 732 4743 et
757 4682 925 4766 potentem
959 4671 1206 4767 expectabunt,
1238 4683 1315 4744 tunc
1350 4695 1423 4744 cum
1452 4675 1602 4764 Justitiae
1635 4675 1839 4745 conveniens
1872 4670 1977 4746 locus

596 4791 676 4874 erit,
708 4791 816 4878 gratia
848 4800 957 4859 autem
992 4787 1114 4859 nullam
1151 4786 1336 4883 praestabit
1376 4787 1657 4875 misericordiam
1690 4811 1765 4859 cum
1801 4786 1977 4861 carbones

595 4901 762 4990 ardenteS,
789 4901 919 4974 llamrna
947 4901 1158 4992 comburens,
1186 4902 1339 4995 gehenna
1366 4902 1645 4995 inextinguibilis:
1681 4902 1814 4995 quando
1846 4924 1977 4997 preces

594 5015 814 5111 repellentur,
842 5030 875 5089 et
901 5018 1155 5114 deprecationes
1188 5040 1254 5090 non
1282 5016 1559 5113 acceptabantur,
1593 5021 1764 5090 orationes
1796 5039 1865 5090 non
1902 5041 1978 5091 au-

596 5130 733 5217 dientur,
762 5143 795 5203 et
821 5134 1073 5207 obsecrationes
1101 5137 1337 5228 cujuscumque
1363 5134 1612 5228 praecidentur:
1642 5156 1747 5229 parce
1772 5132 1871 5206 nobis
1890 5134 1978 5207 llo-

596 5249 685 5317 mine
720 5257 753 5317 et
786 5248 929 5320 extende
966 5250 1139 5321 dexteram
1173 5260 1262 5321 tuam
1296 5272 1397 5343 super
1431 5272 1496 5322 nos
1533 5270 1660 5323 omnes.
1711 5247 1766 5321 Ne
1800 5252 1906 5322 intres
1939 5254 1979 5324 in
