5150 6534
904 849 1107 931 itionibus
1132 848 1399 930 PATRIARGHAD
1424 848 1664 928 dlll'ltldlllllll.
1889 843 1965 923 445

612 1030 614 1035 '
704 1039 888 1111 Sacerdos.
941 1038 1119 1112 Sanctilica
1146 1060 1209 1111 nos
1235 1060 1298 1134 per
1323 1060 1445 1110 nomen
1472 1047 1561 1109 tuum
1587 1048 1754 1126 sanctum,
1786 1036 1875 1132 quod
1910 1039 1969 1106 in-

598 1162 760 1229 vocatum
786 1164 839 1226 est
864 1176 965 1249 super
989 1175 1062 1227 nos.
1104 1154 1261 1226 0Pater
1288 1161 1404 1226 noster
1429 1151 1588 1225 coelestis
1614 1152 1739 1248 perfice
1766 1160 1800 1223 et
1827 1151 1969 1246 adimple

599 1274 636 1343 in
661 1270 760 1343 nobis
785 1270 990 1344 voluntatem
1016 1280 1123 1343 tuam:
1160 1269 1317 1341 adveniat
1348 1289 1490 1360 regnum
1522 1272 1611 1339 tuum
1646 1277 1680 1339 et
1712 1267 1867 1339 divinitas
1903 1276 1969 1350 tua,

599 1384 792 1481 habitetque
816 1382 850 1458 in
876 1385 973 1458 nobis
1001 1389 1086 1460 sicut
1111 1389 1145 1456 in
1172 1384 1270 1458 coelo
1297 1384 1456 1456 excelso:
1483 1405 1593 1478 neque
1619 1383 1759 1457 deseras
1781 1401 1848 1455 nos
1868 1386 1913 1455 ita
1936 1394 1971 1452 ιιι

600 1507 786 1591 tentemur,
822 1505 899 1597 quia
931 1523 998 1573 non
1030 1500 1190 1574 babemus
1216 1504 1370 1572 virtutem
1398 1499 1440 1571 ad
1468 1498 1702 1573 sustinendum.
1755 1498 1880 1572 Libera
1907 1520 1970 1571 nos

600 1617 746 1690 Domine
779 1642 799 1690 a
829 1618 995 1711 maligno,
1027 1628 1062 1689 et
1095 1616 1137 1687 ab
1174 1619 1262 1689 omni
1296 1615 1524 1711 quodcumque
1557 1638 1631 1688 cum
1659 1639 1701 1689 eo
1728 1615 1971 1688 similitudinem

600 1732 703 1805 babet
729 1742 786 1804 aut
811 1734 1014 1807 affinitatem:
1040 1755 1150 1829 neque
1176 1737 1348 1829 permittas
1375 1742 1411 1803 ιιι
1436 1732 1591 1805 voluntas
1617 1736 1689 1825 ejus
1709 1731 1860 1805 innubis
1884 1754 1969 1827 por-

601 1846 745 1920 bciatur:
774 1848 872 1920 audet
899 1852 985 1921 onim
1013 1849 1169 1920 affectare
1199 1860 1234 1920 ιιι
1266 1870 1330 1921 nos
1364 1849 1515 1940 dejiciat,
1550 1857 1584 1919 et
1614 1857 1734 1941 regnet
1765 1871 1883 1944 super
1899 1870 1973 1935 nos,

602 1974 694 2037 tuum
719 1974 829 2036 autern
856 1975 909 2037 est
934 1987 1092 2057 regnum,
1118 1976 1153 2037 et
1176 1987 1240 2038 nos
1267 1968 1378 2053 servi,
1409 1974 1443 2037 et
1469 1967 1632 2060 mancipia
1658 1975 1713 2036 tua
1745 1986 1867 2037 sumus.
1921 1965 1972 2035 Τιι

604 2082 661 2177 qui
686 2088 784 2176 potes
810 2084 921 2155 omnia
947 2091 1026 2154 nutu
1057 2091 1134 2171 tuo,
1166 2091 1305 2154 contere
1340 2093 1440 2177 caput
1472 2084 1544 2174 ejus
1580 2079 1641 2152 sub
1675 2080 1816 2177 pedibus
1849 2084 1973 2155 nostris

602 2194 786 2284 velociter,
811 2205 848 2267 ut
872 2218 935 2293 pro
962 2206 1130 2293 reportata
1159 2221 1179 2269 a
1204 2197 1302 2270 nobis
1328 2199 1487 2284 victoria,
1523 2195 1708 2270 referamus
1734 2197 1792 2268 tibi
1819 2195 1974 2288 gloriam,

603 2320 639 2383 et
666 2311 845 2385 offeramus
873 2311 1101 2385 adorationem
1127 2312 1214 2385 Filio
1240 2322 1297 2385 tuo
1325 2323 1359 2385 et
1385 2312 1520 2408 Spiritui
1547 2314 1755 2386 sanctissimo
1790 2333 1877 2384 nunc
1910 2321 1973 2384 eto.

677 2426 872 2520 ·Popatae.
923 2429 1043 2500 Amen.

709 2541 894 2614 Sacerdos.
941 2544 1025 2614 Pax.

708 2656 870 2752 Populus.
922 2657 966 2730 Et
992 2681 1066 2731 rum
1092 2662 1207 2756 spiritu
1234 2668 1301 2732 tuo.

709 2773 896 2847 Diaconos.
948 2775 1048 2848 Ante.

708 2889 870 2982 Populus.
926 2887 1050 2963 Coram
1076 2899 1119 2962 te.

709 3002 892 3075 Sacerdos.
956 3005 1120 3077 Miserere
1153 3005 1298 3078 Domine
1331 3009 1444 3105 populi
1479 3012 1525 3081 tui
1564 3011 1619 3103 qui
1652 3017 1809 3103 expectat
1852 3008 1973 3080 donum

605 3129 696 3193 tuum
730 3120 889 3192 coeleste.
941 3118 1049 3192 Nemo
1084 3143 1130 3191 ex
1163 3133 1262 3194 coetu
1295 3133 1410 3233 nostro
1444 3124 1633 3220 expeDatur
1669 3149 1689 3196 a
1721 3127 1974 3221 participadone

604 3236 758 3332 mysterii
783 3234 937 3335 sacrificii
961 3234 1056 3327 hujus
1082 3235 1294 3327 vivificantis,
1320 3241 1366 3310 ita
1392 3250 1428 3311 ut
1452 3238 1550 3313 nobis
1575 3244 1610 3312 in
1633 3243 1790 3314 convivio
1811 3240 1876 3313 boc
1898 3241 1973 3334 spi-

605 3349 714 3422 rituali
741 3349 960 3446 epulantibus,
988 3375 1061 3424 cum
1090 3356 1293 3426 conscientia
1319 3355 1498 3452 inculpata,
1525 3359 1645 3452 pignus
1672 3357 1728 3430 liat
1753 3358 1845 3429 vitae
1862 3378 1975 3428 novae

606 3476 642 3539 et
666 3465 862 3563 spiritualis,
897 3479 931 3540 et
965 3472 1120 3540 viaticum
1156 3468 1198 3540 ad
1229 3472 1319 3543 viam
1352 3470 1443 3544 illam
1477 3481 1662 3556 remmam,
1699 3484 1798 3567 atque
1829 3471 1896 3544 illic
1932 3470 1975 3542 ad

606 3602 757 3654 mensam
782 3593 871 3655 tuam
897 3586 1132 3678 incorpoream
1159 3584 1341 3679 epulemur,
1367 3586 1619 3682 referamusque
1646 3586 1704 3659 tibi
1730 3588 1870 3680 gloriam
1888 3610 1975 3684 per·

606 3704 740 3792 petuam
766 3706 800 3768 et
825 3700 1007 3790 gratiarum
1034 3704 1199 3772 actionem
1228 3702 1484 3796 indesinentem,
1518 3714 1553 3775 et
1586 3707 1755 3796 unigenito
1782 3704 1868 3777 Filio
1905 3714 1975 3794 tuo,

608 3823 642 3884 et
667 3811 803 3908 Spiritui
829 3822 885 3885 tuo
913 3824 1039 3887 sancto.

712 3928 874 4022 Populea.
926 3931 1047 4003 Amen.

585 4080 593 4102 ι
712 4042 894 4117 Sacerdos.
946 4047 1031 4119 Pax.

713 4158 872 4252 Populea.
924 4160 1068 4234 Etcum
1096 4166 1211 4259 spiritu
1237 4173 1305 4237 tuo.

713 4272 896 4346 Sororem
949 4278 1001 4350 Sit
1025 4279 1261 4369 misericordia,
1288 4291 1351 4354 etc.

713 4389 873 4484 Populus.
925 4392 1068 4465 Etcum
1096 4399 1212 4490 spiritu
1239 4405 1305 4469 tuo.

715 4505 898 4579 Diococaa.
953 4508 1036 4581 Cum
1063 4514 1190 4585 timore.

713 4620 897 4694 Sacerdos.
950 4624 1072 4697 Sancta
1098 4631 1231 4702 sancis.

588 4729 602 4763 ¹
713 4736 873 4830 Populea.
926 4739 1020 4812 Unus
1046 4744 1146 4815 Pater
1172 4753 1315 4816 sanctus.

639 4879 642 4885 ⁵
712 4852 900 4926 Diaconos.
955 4855 1098 4929 Stemus.

670 4991 673 4996 ’
714 4969 874 5063 Populus.
929 4970 1062 5044 Gratias
1089 4976 1228 5065 agimus.

714 5083 897 5156 Sacerdos.
951 5086 1066 5160 Gloria
1091 5090 1340 5162 misericordiae
1368 5102 1445 5164 tuae
1470 5094 1629 5180 Domine,
1656 5095 1749 5184 cujus
1775 5097 1882 5185 gratia
1908 5103 1975 5165 tam

533 5283 537 5292 Ι
610 5195 816 5273 abundanter
842 5202 946 5275 effusa
974 5214 1043 5274 est:
1071 5204 1266 5276 confitemur
1292 5211 1414 5278 nomini
1441 5221 1507 5295 tuo,
1537 5217 1570 5279 et
1586 5207 1810 5281 benedicimus
1832 5209 1975 5301 gloriam

610 5323 712 5406 tuam,
736 5320 812 5411 quia
830 5315 950 5409 dignos
975 5316 1084 5392 iecisti
1108 5341 1183 5411 nos,
1205 5324 1356 5416 quamvis
1378 5324 1446 5397 luto
1466 5323 1644 5420 implexos,
1670 5324 1839 5397 hauriendi
1856 5349 1974 5421 aquam

1686 5443 1735 5517 59
1749 5443 1768 5477 ⁴*
