5150 6534
599 815 675 894 too
1107 815 1468 896 birunain
1549 820 1594 912 χ

703 1002 864 1097 Populos.
918 1002 1159 1077 Sanctificetur.

701 1117 887 1191 Sacerdos.
939 1119 1034 1192 Bone
1062 1127 1095 1192 et
1120 1118 1271 1192 benefice
1297 1119 1460 1208 Domine,
1485 1139 1530 1190 ne
1554 1115 1694 1192 mducss
1720 1140 1785 1194 nos
1822 1123 1858 1193 in
1890 1143 1974 1215 gre·

598 1237 655 1305 via
682 1244 716 1305 et
743 1233 824 1307 dura
851 1233 998 1329 pericula
1017 1237 1235 1319 tentationum
1249 1232 1437 1320 difficilium,
1464 1235 1542 1329 qnia
1567 1255 1636 1307 non
1663 1244 1717 1307 cst
1742 1234 1845 1309 nobis
1871 1240 1975 1310 virtus

600 1350 642 1422 ad
670 1349 907 1436 sustinendum,
936 1349 996 1422 sed
1022 1350 1129 1423 libera
1156 1370 1219 1423 nos
1246 1370 1309 1443 per
1334 1352 1579 1422 miserationes·
1593 1359 1688 1439 tuas,
1721 1348 1764 1424 ab
1792 1350 1975 1448 impugna·

598 1461 744 1534 tionibus
772 1467 905 1552 inimici,
933 1475 968 1536 et
993 1466 1035 1538 ab
1064 1464 1221 1560 operibns
1248 1462 1473 1554 tenebrarum,
1500 1466 1577 1560 quia
1604 1474 1693 1536 mum
1720 1474 1775 1538 est
1788 1466 1973 1563 imperinm,

599 1587 750 1673 potestas
779 1588 813 1650 et
839 1601 990 1673 regnum,
1018 1578 1142 1675 tibique
1169 1580 1313 1672 gloriam
1339 1590 1374 1651 et
1398 1578 1529 1652 laudem
1554 1578 1742 1655 referimus.
1817 1666 1820 1669 .

704 1694 885 1786 Populos.
919 1696 1039 1767 Amen.

702 1808 909 1883 Sacerdos..
940 1812 1025 1882 Pax.

564 1932 573 1951 ⁹
704 1924 866 2018 Populos.
919 1925 1062 2020 Etcum
1090 1928 1206 2021 spiritu
1231 1935 1299 1999 tuo.
1789 2001 1792 2016 ,
1827 1989 1829 1991 .

701 2040 891 2111 Diaconos.
944 2042 1034 2113 Ante
1061 2044 1308 2137 susceptionem
1335 2042 1569 2135 mysteriorum
1597 2043 1736 2113 istorum
1771 2051 1972 2132 smetornm,

599 2177 685 2249 quae
713 2153 825 2228 oblata
852 2166 939 2248 sunt,
967 2167 1001 2229 et
1027 2179 1141 2230 coram
1168 2157 1312 2228 Domino
1339 2154 1545 2254 misericordi
1580 2157 1688 2250 capita
1720 2167 1839 2229 nostro
1873 2159 1973 2232 incli-

597 2293 724 2343 nemns.
2002 2282 2004 2286 ’

701 2387 862 2481 Popolos.
917 2386 1042 2460 Coram
1068 2396 1103 2459 te
1129 2386 1284 2461 Domine.
1422 2390 1427 2400 '

700 2501 886 2575 Sacerdos.
940 2502 1065 2576 Coram
1092 2514 1125 2575 te
1151 2503 1296 2577 Domine
1321 2501 1443 2575 collum
1469 2508 1619 2575 cosmum
1646 2521 1740 2573 rcum
1766 2501 1971 2592 inclinamus,

598 2629 631 2715 et
663 2641 738 2689 cum
772 2617 932 2713 lacrymis
967 2629 1001 2690 et
1036 2621 1187 2714 suspiriis
1220 2619 1439 2713 deprecamur
1468 2628 1524 2707 te,
1565 2627 1599 2690 et
1629 2638 1749 2712 preces
1790 2640 1909 2692 comm
1942 2630 1974 2692 to

597 2733 800 2805 effundimus.
853 2732 907 2805 'lu
941 2746 1049 2806 autem
1082 2732 1205 2805 exandi
1239 2755 1303 2806 nos
1336 2735 1422 2805 sicut
1455 2731 1621 2829 pollicitus
1654 2754 1711 2820 es,
1744 2743 1780 2805 et
1812 2737 1972 2807 miserere

595 2852 702 2921 nostri
734 2849 915 2921 secundum
950 2853 1091 2942 gratiam
1126 2859 1231 2921 tuam:
1266 2849 1407 2937 munda,
1436 2848 1625 2938 sanctifica,
1661 2857 1695 2920 et
1727 2849 1868 2943 purifica
1900 2873 1972 2938 nos,

595 2984 657 3057 per
683 2965 880 3037 sacrificium
906 2964 972 3038 hoc
998 2964 1205 3054 vivificum,
1225 2968 1303 3060 quia
1336 2976 1370 3037 tu
1405 2987 1443 3038 es
1475 2963 1671 3037 benedictus
1697 2963 1864 3054 Domine,
1900 2989 1973 3039 cnm

595 3082 766 3170 unigenito
793 3079 880 3152 Filio
908 3091 977 3169 tuo,
1004 3092 1039 3152 et
1065 3079 1189 3176 Spiritu
1216 3090 1333 3153 sancto
1362 3071 1447 3153 tuo.

700 3196 863 3289 Populos.
915 3198 1037 3268 Amen.

596 3394 598 3397 .
699 3310 884 3384 Sacerdos.
937 3312 1021 3384 Pax.

702 3426 864 3520 Populus.
916 3426 1060 3500 Etcum
1089 3428 1204 3523 spiritu
1230 3436 1298 3499 tuo.

700 3540 885 3615 Sacerdos.
940 3544 1056 3615 Gratia
1089 3543 1257 3614 Trinitatis
1292 3550 1429 3613 sanctae
1463 3540 1673 3633 essentiane,
1706 3552 1889 3630 aeternae,
1916 3546 1973 3615 in-

596 3669 731 3731 creatae
758 3669 793 3730 et
818 3656 1121 3745 consubstantialis,
1149 3659 1190 3728 sit
1216 3679 1291 3735 cnm
1318 3657 1470 3729 omnibus
1496 3656 1606 3729 vobis.

698 3774 859 3866 Populos.
913 3772 1058 3844 Etcum
1086 3776 1202 3868 spiritu
1229 3782 1296 3842 tuo.

699 3887 887 3960 Diaconos.
930 3885 1012 3959 Cum
1040 3891 1158 3959 timore
1186 3890 1395 3983 aspiciamus.

693 4003 883 4074 Sacerdos.
937 4002 1060 4074 Sancta
1088 4007 1221 4075 sanctis.

699 4118 859 4211 Popaias.
914 4116 1008 4189 Unus
1033 4118 1136 4189 Pater
1157 4127 1306 4205 sanctus,
1333 4126 1395 4189 etc.

459 4252 462 4259 ·
532 4291 534 4296 .
574 4311 576 4316 ¹
698 4232 883 4304 Sacerdos.
937 4232 1031 4304 Unus
1058 4234 1159 4314 Pater
1185 4242 1332 4321 sanctus,
1360 4241 1422 4304 etc.

698 4347 885 4419 Diaconos.
939 4347 1074 4420 Stemus
1101 4348 1268 4419 decenter.

698 4464 859 4554 Poprdos.
915 4464 1049 4536 Gratias
1077 4466 1215 4554 agimus.

699 4576 883 4652 Sacerdos.
938 4579 1073 4651 Gratias
1106 4582 1236 4670 agimus
1276 4576 1336 4649 tibi
1367 4578 1510 4650 Domine
1548 4586 1583 4648 et
1614 4573 1788 4652 laudemus
1825 4590 1876 4669 te,
1910 4605 1973 4680 pro

595 4692 728 4764 auxiliis
755 4695 821 4766 tuis
849 4693 1010 4781 dexteris,
1036 4692 1273 4787 beneficiisque
1300 4694 1365 4765 tuis
1392 4703 1427 4764 et
1453 4714 1568 4765 amore
1602 4712 1686 4783 erga
1712 4689 1868 4767 homines
1905 4706 1972 4783 tuo,

596 4809 650 4901 qui
677 4809 869 4901 praestitisti
895 4807 993 4879 nobis
1020 4806 1098 4879 licet
1122 4807 1277 4900 indignis,
1305 4807 1426 4879 donum
1452 4829 1515 4904 pro
1543 4829 1609 4903 quo
1629 4806 1767 4880 retribui
1794 4808 1876 4881 nibil
1902 4833 1973 4908 po-

594 4929 675 5008 test;
712 4944 833 5015 corpus
867 4931 901 4992 et
937 4926 1132 5015 sangninem
1167 4925 1327 5014 unigeniti
1358 4922 1434 4994 Filii
1466 4926 1529 4996 tui:
1563 4922 1618 4996 iac
1648 4941 1711 4995 nos
1745 4922 1869 5015 dignos
1903 4929 1974 4999 vita

594 5036 783 5125 immortali,
811 5040 1011 5131 coronisque
1038 5036 1352 5133 incorruptibilibus,
1379 5049 1413 5111 et
1439 5036 1596 5111 mercede
1624 5059 1764 5134 opernm
1790 5034 1974 5114 bonorum:

595 5152 672 5241 quia
699 5161 734 5220 tu
760 5172 798 5222 es
824 5150 918 5222 Deus
944 5152 1108 5245 benignus
1136 5165 1170 5224 et
1195 5149 1359 5225 clemens:
1386 5152 1513 5248 tibique
1526 5155 1669 5247 gloriam
1695 5162 1729 5225 et
1753 5151 1891 5228 landem
1911 5178 1974 5229 re-

592 5261 742 5351 ferimus,
770 5276 803 5336 et
830 5268 999 5358 unigenito
1025 5278 1095 5359 tuo,
1123 5278 1184 5339 etc.
