5150 6534
960 1225 1562 1406 LITURGlll

751 1555 1712 1680 -slltttliorlltttls

686 1796 787 1885 Quot
819 1796 859 1872 ΙΝ
889 1794 1041 1874 tsstsltt
1072 1794 1289 1876 euthorico
1322 1798 1594 1877 chrisostomo
1630 1801 1836 1879 ltuutut

1133 2070 1254 2142 Oratio
1281 2072 1398 2142 Pacis.

578 2316 583 2384 g
682 2264 798 2369 Deos
824 2311 946 2383 magno
972 2303 1007 2363 et
1033 2303 1170 2364 aeterne
1196 2295 1250 2387 qui
1277 2314 1316 2363 es
1342 2294 1559 2388 tranquillitas
1586 2304 1621 2366 et
1645 2318 1729 2391 pax,
1762 2298 1884 2370 caritas
1911 2294 1955 2371 et‘

576 2404 654 2481 lons
680 2406 945 2494 misericordiae,
978 2407 1019 2478 da
1046 2430 1183 2503 pacem,
1214 2407 1376 2498 Domine,
1411 2408 1585 2482 Ecclesiae
1617 2419 1712 2500 tuae,
1748 2421 1781 2484 et
1814 2413 1944 2486 custodi

578 2524 732 2597 mundum
757 2547 819 2620 per
844 2526 985 2615 gratiam
1011 2534 1116 2609 tuam,
1152 2532 1184 2593 et
1209 2523 1396 2597 referemus
1422 2525 1479 2599 tibi
1506 2526 1645 2618 gloriam
1671 2538 1705 2599 ct
1729 2528 1878 2624 laudem,
1910 2542 1944 2605 et

576 2638 661 2714 Filio
688 2650 744 2714 tuo
772 2643 954 2732 unigenito,
982 2650 1015 2711 ct
1041 2640 1175 2734 Spiritui
1202 2649 1328 2713 sancto.

680 2757 867 2831 Diaconos.
919 2757 1045 2828 Demus
1071 2778 1208 2852 pacem,
1236 2766 1298 2826 etc.

682 2871 866 2945 Sacerdos.
903 2873 1009 2961 Mitte,
1036 2873 1191 2962 Domine,
1217 2871 1476 2944 misericordiam
1504 2880 1592 2945 tuam
1619 2847 1823 2949 etextende
1850 2879 1941 2951 dex·
2076 2924 2079 2931 ·

576 2998 681 3059 terem
708 3001 797 3062 tuam
822 2987 952 3084 plenam
979 2986 1277 3074 benedictionibus,
1304 2985 1510 3081 benedicque
1533 3011 1653 3063 servos
1672 3001 1759 3081 tuos,
1787 2997 1842 3089 qui
1855 3017 1942 3067 nunc

576 3102 721 3199 inclinati
749 3115 823 3178 sunt
849 3126 962 3177 coram
989 3107 1162 3196 majestate
1189 3111 1263 3191 tua,
1292 3113 1324 3175 et
1350 3103 1533 3175 referemus
1559 3103 1618 3175 tihi
1642 3106 1791 3197 laudem,
1826 3119 1889 3182 etc.

680 3219 862 3293 Sacerdos.
915 3218 1081 3293 Confirma
1108 3241 1182 3307 nos,
1209 3220 1368 3305 Domine,
1397 3228 1432 3291 ut
1458 3218 1634 3292 offeramus
1662 3222 1719 3294 tihi
1745 3224 1939 3312 sacrificium

576 3324 641 3407 hoc
668 3337 834 3431 spirituale
862 3349 895 3409 et
920 3342 1142 3423 incruentum,
1176 3357 1237 3431 pro
1272 3339 1421 3431 peccatis
1457 3345 1490 3406 et
1522 3338 1714 3431 insipientiis
1740 3342 1857 3431 gregis
1884 3344 1940 3427 tui,

574 3460 613 3521 ut
638 3451 751 3524 deleas
778 3461 812 3521 et
838 3450 969 3522 auferas
996 3453 1183 3545 iniquitates
1210 3461 1355 3539 nostras,
1378 3459 1411 3522 et
1429 3449 1613 3550 referemus
1630 3451 1688 3524 tihi
1703 3452 1855 3544 gloriam,
1876 3465 1938 3526 etc.

680 3566 869 3638 Diaconos.
921 3566 1053 3636 Stemus
1087 3565 1251 3637 decenter.

680 3681 864 3754 Sacerdos.
920 3678 1060 3768 Caritas,
1088 3693 1151 3753 etc.

679 3798 874 3869 inclinatur.
927 3796 1003 3869 Tibi
1029 3818 1093 3867 rex
1121 3795 1246 3882 mundi,
1277 3797 1370 3867 Deus
1397 3796 1509 3885 Pater,
1536 3818 1608 3867 cum
1635 3795 1731 3889 Filio,
1758 3806 1792 3868 et
1816 3798 1940 3895 Spiritu

577 3924 704 4001 sancto,
728 3917 817 4006 juste
844 3914 982 3985 debetur
1009 3917 1116 3984 omnis
1142 3915 1323 4003 gratiarum
1350 3915 1443 3983 actio.

680 4031 831 4101 Eteonos
856 4051 979 4100 nocem.
1036 4027 1159 4100 Omnes
1188 4027 1328 4099 Ordines
1355 4038 1388 4098 et
1414 4032 1557 4118 agmina,
1585 4032 1818 4122 exercitusque
1850 4052 1937 4101 coe-

512 4152 514 4154 ’
574 4144 691 4232 lestes,
715 4145 840 4236 Angeli
867 4155 901 4216 et
926 4143 1143 4235 Archangeli,
1170 4141 1347 4216 Cherubim
1375 4153 1409 4213 et
1435 4143 1619 4239 Seraphim,
1647 4143 1771 4216 Throni
1799 4154 1833 4215 et
1858 4144 1938 4218 Do-

575 4264 772 4333 minationes
798 4259 980 4333 invisibiles
1009 4271 1042 4331 et
1067 4258 1335 4345 innumerabiles,
1361 4258 1584 4331 indesinenter
1604 4259 1775 4333 laudantes
1792 4271 1826 4332 et
1839 4262 1937 4333 cele-

574 4374 725 4465 hrantes,
743 4375 856 4448 oribus
871 4377 1089 4470 incorporeis,
1115 4375 1321 4468 vocibusque
1335 4373 1620 4465 inenarrabilibus,
1646 4376 1800 4472 hymnum
1818 4380 1937 4450 trium-

574 4485 704 4587 'phalem
731 4505 900 4581 canentes,
928 4486 1081 4581 clamant,
1107 4489 1346 4577 vociferantur,
1374 4500 1407 4559 et
1434 4489 1551 4561 dicunt.

680 4608 839 4701 Populos.
891 4608 1043 4679 Sanctus.

678 4723 853 4798 Sacerdos
879 4724 1069 4794 inclinatus.
1121 4722 1213 4792 Vere
1240 4721 1382 4793 Sanctus
1409 4744 1457 4810 es,
1484 4724 1575 4796 Deus
1603 4724 1714 4806 Pater,
1742 4730 1775 4791 et
1793 4721 1935 4817 Spiritus

574 4846 710 4914 'sanctus
737 4852 822 4929 tuus,
851 4844 905 4936 qui
932 4848 1093 4935 perpetuo
1122 4837 1346 4911 sanctificatur
1372 4862 1446 4910 cum
1471 4839 1556 4911 Filio
1583 4849 1639 4910 tuo
1658 4846 1773 4908 sancto
1792 4836 1935 4910 Domino

575 4966 691 5028 nosbo
717 4957 799 5029 lesu
826 4956 968 5030 Christo.

579 5165 581 5170 ,
678 5072 828 5143 Eleoota
852 5094 947 5144 ooce.
1000 5072 1065 5157 Qui
1091 5093 1152 5166 pro
1186 5068 1283 5142 nobis
1317 5072 1452 5141 caritate
1484 5091 1544 5141 sua
1580 5072 1766 5139 incarnatus
1800 5077 1867 5157 est,
1902 5078 1936 5139 et

572 5198 712 5284 propter
738 5188 878 5262 salntem
904 5199 1052 5259 nostram
1079 5190 1265 5260 exinanitus
1293 5195 1345 5257 est
1370 5186 1567 5272 voluntarie,
1595 5195 1628 5256 et
1644 5185 1679 5254 in
1698 5204 1799 5255 corne
1814 5206 1934 5280 passus

576 5312 638 5374 est.
690 5304 727 5375 In
750 5301 851 5377 nocte
877 5325 961 5374 vero
989 5304 1155 5399 passionis
1182 5304 1312 5396 accepit
1337 5323 1455 5397 panem
1482 5304 1517 5372 in
1541 5320 1657 5372 manus
1685 5320 1763 5373 suas
1789 5308 1934 5385 sanetas,
