5150 6534
762 825 837 898 636
1304 824 1533 902 NOTAE

760 1009 888 1071 omnium
920 1006 1038 1072 tandmn
1066 1026 1144 1090 quae
1172 1026 1189 1070 a
1216 1008 1283 1071 Deo
1310 1009 1444 1094 legitime
1472 1012 1535 1090 peti
1557 1019 1694 1092 possunt.
1738 1010 1772 1074 ln
1795 1031 1832 1075 ca
1853 1031 1947 1094 porro
1970 1013 2130 1096 disciplina

759 1108 838 1169 iuter
859 1107 1068 1186 Nestorianos,
1090 1107 1243 1172 Jacobitas
1265 1117 1297 1172 et
1319 1107 1513 1173 Orthodoxos
1535 1111 1749 1192 cujuscumque
1771 1110 1904 1195 liuguae,
1926 1112 2129 1194 discrepantia

759 1205 841 1269 nulla
863 1216 919 1284 est,
942 1207 1018 1269 adeo
1039 1214 1073 1269 ut
1095 1209 1147 1288 qui
1159 1208 1240 1275 illam
1258 1207 1444 1271 sustulerunt
1457 1206 1694 1287 Reformatores,
1718 1211 1868 1273 traditioni
1890 1230 1948 1293 per
1964 1213 2129 1275 universas

760 1306 914 1370 Ecclesias
937 1305 1006 1369 dum
1027 1325 1118 1369 unum
1141 1307 1222 1370 ovile
1244 1314 1338 1384 esset,
1360 1315 1514 1388 receptae,
1538 1316 1569 1371 et
1587 1308 1646 1371 huc
1660 1327 1756 1390 usque
1772 1309 1948 1391 perductae,
1971 1312 2130 1375 manifesta

761 1405 978 1469 contradicant.

968 1684 1003 1754 5.
1038 1681 1225 1753 Diaconos.
1279 1642 1529 1753 Recordomioi
1554 1681 1828 1779 dispensationio,
1856 1689 1920 1755 etc.

856 1874 996 1953 Pnornrn
1018 1893 1065 1957 est
1082 1884 1269 1948 Nestorianis
1292 1885 1369 1948 haec
1389 1886 1516 1949 Diacooi
1537 1883 1715 1963 adhortatio,
1737 1887 1786 1966 pia
1808 1904 1937 1966 prorsus
1960 1894 1991 1951 et
2013 1906 2130 1950 secun·

760 1992 828 2053 dum
851 1991 1046 2052 intentionem
1068 1988 1235 2064 Ecclesiae,
1259 2007 1366 2069 nempe
1389 1997 1422 2050 ut
1444 1989 1512 2050 dum
1535 2006 1622 2050 sacra
1644 1989 1787 2069 mysteria
1810 1988 2012 2068 celebrantur,
2037 1990 2131 2054 Chri-

759 2091 848 2154 stiani
870 2091 900 2151 in
922 2095 1023 2150 mente
1046 2087 1175 2150 habeant
1196 2088 1360 2151 salutarem
1383 2087 1493 2151 Christi
1516 2088 1633 2151 Domini
1657 2088 1922 2167 dispensationem,
1945 2107 2022 2168 quae
2038 2090 2131 2152 insti-

759 2191 873 2252 tutione
895 2187 1116 2263 Eucharistiae,
1146 2194 1177 2249 ot
1199 2186 1344 2249 Passione
1372 2186 1520 2267 completa
1544 2194 1599 2249 cst.
1646 2186 1749 2248 'lotam
1773 2187 1851 2248 enim
1874 2185 1952 2247 illam
1975 2177 2129 2274 ἐνσαρκον

759 2280 952 2366 οἰκονομίαν,
974 2285 1109 2368 Liturgia
1132 2286 1354 2366 repraesentari
1377 2286 1523 2347 communi
1547 2302 1697 2347 consensu
1721 2284 1831 2346 docent
1854 2285 2130 2373 TheologiOrien-

760 2388 846 2465 tales,
871 2383 1428 2466 etcaeremoniaeomnessignificant.
1458 2382 1540 2445 Unde
1566 2374 1950 2462 nonnullilncarnationem
1970 2386 2129 2465 quamdam

473 2472 543 2523 ¹¹⁰*-
563 2473 592 2523 aa
611 2472 676 2525 ⁶³⁸⁰·
759 2485 825 2548 sueri
847 2487 877 2549 in
900 2483 986 2547 altari
1009 2482 1159 2559 dixerunt,
1182 2500 1220 2545 eo
1243 2482 1325 2562 quod
1348 2480 1475 2561 Spiritus
1497 2488 1630 2551 sanctus,
1653 2489 1685 2543 ut
1707 2484 1736 2543 in
1758 2490 1846 2547 utero
1869 2484 1982 2547 llariae
1996 2485 2130 2568 Virginis

471 2558 545 2621 ¹⁴””⁶‘
569 2559 615 2612 ¹⁴²·
640 2562 747 2614 severus
761 2602 873 2667 corpus
896 2583 1045 2662 formavit,
1068 2585 1099 2646 in
1121 2601 1182 2663 quo
1197 2582 1290 2645 Filius
1301 2581 1358 2643 Dei
1372 2599 1492 2643 cantem
1515 2582 1666 2656 assumsit,
1689 2582 1730 2643 ita
1751 2581 1879 2645 illabens
1901 2602 1996 2664 super
2017 2584 2129 2664 oblata,

468 2645 505 2720 ὼ
521 2645 592 2713 ‘⁴⁹⁸⁰
609 2645 700 2698 pm,
761 2684 870 2747 lormat
897 2685 926 2745 in
957 2683 1013 2745 illis
1044 2691 1075 2746 et
1097 2701 1137 2744 ex
1159 2682 1233 2760 illis,
1262 2680 1381 2761 Corpus
1404 2678 1514 2744 Christi
1537 2687 1568 2741 et
1591 2678 1783 2761 Sanguinem.
1802 2668 1805 2674 ⁴
1827 2682 1902 2744 hinc
1925 2683 2013 2745 etiam
2035 2683 2131 2759 altare

760 2793 791 2846 et
806 2784 918 2846 discum
939 2783 1081 2864 praesepi
1097 2780 1343 2845 bethlehemitico
1365 2797 1542 2861 comparare
1563 2779 1673 2854 solent,
1694 2786 1728 2840 ut
1749 2782 1838 2843 etiam
1860 2782 2018 2863 sepulcro:
2042 2800 2129 2845 sacra

761 2877 947 2962 linteamina,
977 2881 1036 2945 illis
1066 2880 1174 2962 quibus
1204 2878 1324 2960 Corpus
1354 2879 1464 2941 Christi
1493 2878 1657 2940 involutum
1685 2885 1748 2958 est,
1777 2887 1809 2942 et
1838 2881 1953 2963 rehqua
1983 2881 2130 2946 similiter.
2206 2894 2209 2898 ’

760 2982 925 3045 illationem
956 2982 1103 3044 donorum
1135 2979 1427 3054 consecrandorum,
1457 2977 1601 3039 oblationi
1630 2976 1741 3040 Christi
1763 2981 1793 3039 in
1816 2980 1944 3061 templo:
1975 2981 2132 3043 circuitum

760 3078 825 3144 sive
847 3082 1077 3162 processionem
1107 3097 1185 3160 quae
1214 3079 1248 3140 m
1274 3097 1340 3140 cum
1369 3077 1504 3140 defertur
1532 3077 1746 3158 Evangelium,
1777 3080 1994 3159 praedicationi
2018 3080 2130 3143 Christi

760 3182 827 3243 dum
849 3181 880 3242 in
903 3183 993 3244 terris
1017 3188 1140 3261 ageret,
1169 3186 1200 3240 et
1221 3177 1439 3263 Apostolorum
1461 3175 1511 3256 qui
1535 3195 1575 3238 ex
1597 3178 1663 3257 ejus
1684 3186 1849 3258 praecepto
1872 3177 1945 3240 illud
1968 3180 2131 3258 praedica-

758 3288 866 3342 verunt
889 3281 1009 3362 ubique.
1055 3278 1160 3343 Omnia
1188 3296 1265 3358 quae
1293 3277 1331 3338 ad
1359 3277 1618 3338 consecrationem
1646 3285 1799 3357 spectant,
1828 3276 1982 3354 referunt,
2012 3288 2043 3341 et
2072 3280 2130 3342 sub

758 3379 853 3441 oculis
882 3387 996 3460 ponunt
1024 3397 1102 3459 quae
1132 3379 1198 3458 ipse
1228 3378 1259 3439 in
1288 3376 1389 3438 ultima
1418 3393 1514 3438 coena
1544 3373 1624 3438 feeit.
1670 3376 1790 3439 Erectio
1817 3377 1951 3456 hostiae,
1981 3377 2131 3458 Corporis

758 3479 869 3542 Christi
891 3478 1103 3541 lacerationem
1125 3479 1155 3538 in
1178 3475 1285 3539 Crucis
1315 3475 1477 3556 supplicio:
1505 3477 1578 3538 unio
1605 3477 1775 3556 specierum
1805 3476 1940 3555 duarum,
1972 3480 2129 3562 sanguinis

756 3578 950 3642 allusionem:
979 3578 1126 3653 clevatio,
1158 3576 1305 3639 sublatum
1328 3577 1358 3637 in
1380 3592 1500 3638 crucem
1525 3573 1637 3637 Christi
1661 3575 1797 3657 Corpus,
1829 3585 1860 3638 et
1882 3576 1946 3657 ejus
1970 3578 2000 3638 in
2024 3578 2130 3642 coelos

758 3677 983 3740 ascensionem:
1007 3678 1104 3739 omnia
1127 3676 1246 3738 tandem
1268 3675 1343 3754 ipsis
1362 3675 1559 3736 caeremoniis
1581 3685 1858 3755 repraesentantur,
1882 3683 1914 3737 ut
1935 3676 2001 3738 illas
2026 3676 2130 3756 expli-

757 3785 826 3838 cant
853 3776 971 3838 Rituum
1000 3775 1198 3854 Expositores
1229 3782 1259 3835 ct
1287 3773 1445 3854 Theologi.
1492 3774 1634 3854 Sequitur
1663 3777 1782 3838 tandem
1811 3777 1840 3837 in
1870 3775 1975 3837 cadem
2002 3774 2131 3838 Diaconi

757 3875 967 3938 exhortatione
1001 3875 1162 3936 insinuatio
1191 3873 1352 3956 agnitionis
1378 3873 1528 3952 mysterii,
1559 3891 1618 3952 quo
1641 3874 1718 3936 salvi
1739 3875 1809 3937 lacti
1837 3893 1938 3937 sumus
1969 3874 2130 3956 perillam

757 3974 917 4038 salutarem
941 3967 1126 4051 οἰκονομίαν
1148 3991 1256 4055 nempe
1278 3971 1358 4053 quod
1387 3970 1525 4034 Christus
1556 3972 1691 4052 abstulit,
1721 3983 1772 4036 aut
1801 3977 1879 4037 sicut
1906 3975 1985 4037 verti
2014 3982 2129 4055 potest,

756 4074 824 4136 tulit
845 4074 1011 4155 languores
1032 4080 1173 4148 nostros,
1202 4081 1235 4134 ut
1257 4073 1285 4134 in
1309 4071 1431 4154 vulgata
1461 4071 1602 4133 versione
1631 4071 1758 4155 legitur,
1789 4082 1820 4137 et
1847 4073 1980 4153 expiavit
2001 4083 2130 4154 peccata

756 4181 861 4235 nostra
884 4190 941 4254 per
963 4172 1169 4251 aspersionem
1191 4173 1347 4254 sanguinis
1377 4170 1424 4232 sui
1453 4171 1482 4232 in
1511 4171 1652 4233 cordibus
1674 4175 1803 4235 nostris:
1834 4180 1867 4234 ut
1896 4173 1937 4234 ita
1967 4170 2130 4236 Christiani

757 4279 924 4355 agnoscant
938 4270 1069 4332 divinum
1085 4270 1230 4334 humanae
1247 4271 1461 4351 redemptionis
1483 4283 1560 4350 opus
1584 4277 1678 4333 totum
1700 4272 1904 4334 celebratione
1918 4270 2129 4334 Eucharistiae

756 4371 998 4451 repraesentari:
1022 4379 1153 4452 tuncque
1176 4371 1486 4434 commemorationem
1509 4387 1597 4449 quam
1620 4368 1756 4433 Christus
1779 4370 1935 4454 Apostolis
1957 4375 2127 4452 praecepit,

757 4470 816 4532 rite
838 4470 957 4553 peragi,
981 4468 1102 4550 quando
1124 4469 1321 4555 haecomnia
1344 4488 1410 4532 cum
1433 4469 1491 4531 lide
1513 4469 1544 4530 in
1566 4469 1739 4532 memoriam
1760 4478 1952 4534 revocantur.

997 4816 1031 4888 6.
1068 4816 1220 4910 Spiritus
1245 4822 1394 4904 sanctas,
1422 4819 1479 4910 qui
1505 4840 1529 4886 ο
1555 4823 1589 4887 tc
1609 4818 1780 4910 procedit,
1808 4826 1873 4890 etc.

854 5006 999 5085 Fausrnu
1032 5027 1181 5083 vexantur
1211 5017 1379 5082 Orientales
1413 5038 1430 5081 a
1463 5020 1617 5102 plerisque
1647 5024 1759 5084 nostris
1788 5022 1970 5104 Theologis,
2006 5021 2059 5102 qui
2087 5021 2128 5083 de

756 5121 950 5186 Orientalium
973 5122 1162 5205 dogmatibus
1184 5123 1349 5209 scripsere,
1371 5125 1457 5203 quasi
1471 5123 1655 5188 Graecorum
1677 5127 1880 5204 recentiorum
1902 5124 2044 5207 opinione
2066 5124 2128 5186 im-

718 5283 722 5294 ,
754 5221 860 5301 pliciti,
884 5220 921 5284 dc
943 5223 1143 5302 processione
1168 5221 1296 5304 Spiritus
1319 5224 1415 5284 sancti
1437 5240 1497 5285 non
1520 5233 1603 5286 recte
1626 5225 1783 5290 sentirent.
1828 5225 1888 5289 Sed
1911 5223 2043 5301 necilli,
2067 5242 2127 5285 nec

753 5318 925 5395 Jacobitae,
957 5321 995 5383 de
1024 5320 1074 5383 illa
1104 5319 1312 5385 controversia
1341 5322 1500 5404 quidquam
1528 5323 1701 5404 audierunt,
1732 5325 1898 5407 simplicem
1926 5330 1958 5388 et
1985 5321 2126 5404 symbolo
