5150 6534
822 848 852 927 S.
884 848 1056 927 ticoni
1089 849 1306 929 EPISCOPI
1339 851 1685 946 tornanensis
1713 865 1764 927 uc.
1912 851 1984 926 361

603 1035 764 1109 cilientur
790 1039 840 1109 ira
865 1036 1067 1124 laborantes,
1095 1036 1313 1110 concilientur
1338 1039 1417 1111 odio
1444 1041 1574 1134 perciti,
1602 1037 1869 1133 tranquillitatem
1897 1063 1986 1113 con-

612 1163 792 1248 sequantur
817 1155 970 1246 inquieti,
997 1152 1161 1224 laetentur
1195 1177 1258 1248 per
1289 1153 1368 1225 illud
1400 1140 1595 1247 angustiati,
1624 1155 1884 1228 consolationem
1919 1156 1986 1227 ha·

611 1266 713 1341 beant
737 1268 901 1360 lugentes,
930 1277 1126 1339 recreentur
1154 1274 1320 1364 oppressi,
1348 1279 1507 1341 sanentur
1527 1270 1663 1359 inlirmi,
1690 1279 1725 1341 ut
1751 1293 1797 1341 ex
1822 1268 1986 1358 omnihuS,

610 1394 645 1457 et
669 1388 703 1456 in
722 1383 873 1456 omnihus
893 1393 927 1454 et
944 1394 1083 1478 propter
1104 1390 1214 1455 onmia
1236 1384 1421 1456 reseramus
1445 1383 1501 1456 tibi
1522 1386 1664 1476 gloriam
1687 1396 1720 1456 et
1739 1386 1985 1477 exaltationem,

612 1510 646 1572 et
671 1504 842 1592 unigenito
869 1500 955 1571 Filio
983 1510 1039 1571 tuo
1067 1509 1101 1570 et
1126 1500 1262 1595 Spiritui
1288 1510 1345 1574 tuo
1372 1503 1592 1574 sanctissimo.

715 1615 876 1709 Popedne.
930 1618 1050 1687 Amen.

715 1730 890 1803 Sacerdos
916 1732 1110 1803 inclinatus.
1167 1731 1343 1803 offerimus
1364 1731 1421 1803 tibi
1444 1733 1587 1805 Domine
1606 1732 1802 1804 sacrificinm
1822 1731 1887 1805 hoe
1908 1745 1983 1805 ire-

609 1846 764 1919 mendum
791 1858 825 1919 et
851 1852 1073 1936 incruentum,
1100 1869 1162 1941 pro
1188 1845 1343 1918 Ecclesia
1374 1857 1429 1918 tua
1456 1859 1572 1919 sancta
1605 1847 1793 1934 catholiea,
1825 1851 1858 1919 in
1893 1854 1983 1923 omni

608 1960 687 2035 loco
715 1963 842 2035 dillusa.
897 1963 1064 2037 Confirma
1092 1987 1167 2035 eam
1194 1967 1228 2033 in
1253 1963 1320 2034 lide
1346 1961 1556 2051 Orthodoxa,
1584 1987 1666 2035 orna
1685 1986 1759 2035 eam
1785 1966 1880 2038 donis
1897 1966 1982 2062 Spi-

536 2097 539 2102 ·
607 2080 692 2151 ritus
720 2082 835 2152 sancti.
889 2081 1057 2151 Memento
1085 2082 1228 2151 Domine
1255 2078 1432 2151 Pastoium
1468 2089 1502 2149 et
1529 2080 1712 2152 Doctorum
1743 2079 1847 2170 illius,
1873 2104 1982 2176 prae-

605 2196 708 2289 cipue
739 2218 824 2268 vero
859 2194 1031 2267 beatorum
1066 2194 1333 2267 Patriarcharum
1367 2203 1556 2297 nostrorum
1589 2196 1630 2267 D.
1665 2196 1709 2265 N.
1744 2205 1777 2266 et
1802 2200 1843 2269 D.
1877 2199 1921 2268 Ν.
1949 2209 1983 2270 et

607 2311 811 2384 venerahilis
839 2304 999 2406 Episcopi
1026 2316 1130 2382 nostri
1157 2313 1198 2382 D.
1237 2311 1280 2379 Ν.
1309 2310 1577 2405 reliquorumque
1609 2315 1753 2383 omnium
1774 2310 1981 2407 ¹Episcopo-

606 2448 679 2497 rum
716 2427 1007 2514 Orthodoxorum,
1045 2438 1078 2497 et
1118 2429 1261 2498 omnium
1296 2425 1454 2497 Ordinum
1492 2426 1669 2498 Ecclesiae
1701 2439 1846 2499 sanctae.
1899 2430 1981 2500 Μο-

606 2554 719 2616 mento
745 2544 888 2616 Domine
915 2548 1013 2614 etiam
1041 2546 1106 2613 mei
1134 2545 1323 2638 peccatoris
1352 2554 1385 2613 et
1412 2542 1542 2628 inlirmi,
1570 2543 1721 2615 omnihus
1745 2546 1897 2638 nequitiis
1923 2547 1980 2615 in-

608 2662 749 2753 quinati,
781 2670 814 2730 et
848 2682 910 2754 per
945 2662 1174 2753 aspersionem
1207 2658 1347 2752 hyssopi
1383 2660 1429 2729 tui
1457 2659 1654 2746 abstersivi,
1682 2660 1803 2731 mimda
1830 2683 1893 2731 me.
1927 2661 1980 2734 Ne

607 2785 752 2872 avertas
769 2774 888 2846 faciem
916 2786 1022 2863 tuam,
1057 2785 1112 2846 ant
1148 2774 1318 2864 elongeris
1356 2798 1374 2844 a
1410 2795 1483 2862 me3
1517 2774 1577 2845 sed
1612 2774 1792 2847 secundum
1827 2777 1978 2848 multitu-

608 2888 716 2962 dinem
743 2892 992 2964 misericordiae
1018 2904 1093 2963 tuae
1112 2912 1274 2980 magnae,
1302 2889 1446 2960 abundet
1471 2893 1504 2959 in
1531 2913 1585 2962 mc
1612 2894 1718 2983 matio
1746 2901 1813 2982 tua,
1829 2903 1862 2963 ct
1887 2894 1978 2965 mul-

604 2990 769 3101 tiplicetur
795 3019 851 3079 tua
879 3031 961 3098 erga
989 3030 1042 3077 me
1069 3007 1253 3077 clementia.

711 3123 861 3194 Elecone
894 3146 1019 3193 vocem.
1073 3120 1116 3191 Et
1147 3121 1304 3215 populum
1344 3130 1432 3192 tuum
1473 3121 1603 3192 fidelem
1637 3121 1678 3192 ah
1713 3125 1864 3197 omnibus
1897 3125 1977 3220 pla-

605 3241 659 3331 gis
695 3249 730 3310 et
761 3243 868 3330 virgis
909 3239 1030 3309 luroris
1065 3260 1231 3309 conserva
1266 3240 1427 3323 Domine,
1463 3248 1497 3307 et
1532 3235 1573 3307 ab
1616 3237 1766 3309 omnihus
1808 3240 1976 3335 spiritibus
2109 3273 2117 3306 t

604 3354 758 3446 malignis
793 3365 826 3425 et
861 3353 901 3425 ab
940 3355 1092 3425 omnibus
1133 3353 1259 3425 technis
1292 3351 1466 3424 fallacibus
1501 3356 1674 3447 impiorum
1708 3354 1830 3445 libera,
1867 3366 1900 3427 et
1935 3355 1975 3426 ab

605 3474 693 3542 omni
720 3492 837 3541 errore
863 3474 975 3564 impio,
1003 3481 1058 3539 aut
1086 3468 1271 3539 idololatria
1299 3490 1358 3539 eos
1386 3471 1491 3563 eripe,
1519 3479 1627 3563 neque
1653 3475 1806 3564 permitte
1832 3481 1867 3541 ut
1893 3472 1975 3567 pol-

603 3583 711 3658 luatur
737 3608 859 3658 nomen
886 3596 975 3658 tuum
1003 3597 1151 3672 sanctum
1179 3589 1265 3655 inter
1292 3595 1428 3675 gentes:
1456 3607 1565 3680 neque
1597 3586 1714 3680 procul
1747 3591 1793 3658 sis
1821 3610 1840 3657 a
1867 3590 1976 3673 nohis,

604 3712 661 3773 aut
686 3725 748 3775 nos
775 3704 940 3794 negligas,
969 3725 1011 3771 nc
1040 3706 1150 3796 inique
1179 3700 1423 3795 colaplrisemur
1450 3711 1483 3771 et
1509 3700 1735 3791 lrumiliemnr3
1764 3704 1824 3774 sed
1853 3704 1974 3796 adjuva

603 3836 666 3890 nos
692 3820 785 3891 Deus
813 3818 966 3891 salutaris
994 3827 1122 3906 noster,
1150 3828 1184 3887 tu
1211 3821 1297 3886 enim
1325 3817 1417 3886 solos
1444 3824 1540 3910 potes
1573 3816 1712 3888 salntem
1745 3818 1842 3899 nobis
1869 3843 1976 3916 prae-

604 3939 706 4024 stare,
735 3944 768 4005 et
795 3934 852 4006 tibi
880 3934 995 4006 laudes
1022 3924 1205 4028 perpetuas
1232 3931 1408 4003 referimus
1436 3940 1469 4002 et
1494 3935 1665 4024 unigenito
1692 3933 1777 4004 Filio
1804 3946 1871 4007 tuo.

706 4050 868 4142 Populus.
921 4051 1039 4125 Amen.

706 4164 882 4236 Sacerdos
910 4165 1103 4234 inclinatae.
1158 4163 1327 4234 lllemento
1355 4162 1509 4250 Domine,
1538 4167 1636 4235 etiam
1671 4186 1785 4236 eorum
1823 4172 1877 4262 qui
1905 4168 1973 4240 ob-

604 4278 749 4351 tulerunt
775 4280 834 4355 has
865 4281 1053 4352 oblationes
1082 4281 1123 4351 ad
1152 4279 1256 4350 altare
1284 4289 1372 4349 tuum
1400 4278 1620 4367 sacerdotale,
1648 4291 1807 4353 eteorum
1836 4288 1891 4378 qui
1917 4295 1974 4355 at-

603 4394 749 4467 tulerunt
774 4395 901 4468 fruetus
938 4395 979 4467 ad
1011 4395 1199 4467 Ecclesiam
1233 4405 1381 4467 sanctam
1409 4404 1517 4479 tuam,
1551 4418 1732 4491 eorumque
1766 4402 1819 4491 qui
1854 4400 1975 4472 ollerre

603 4510 733 4605 pridem
761 4513 955 4600 voluerunt,
984 4512 1137 4583 sednon
1165 4520 1357 4605 potuerunt:
1385 4522 1561 4582 eteorum
1589 4516 1643 4605 qui
1669 4515 1880 4603 injunxerunt
1904 4538 1973 4587 no-

562 4676 570 4691 .
601 4624 654 4698 bis
681 4638 717 4698 ut
744 4651 911 4700 memores
941 4650 1092 4701 essemus
1120 4627 1249 4698 illorum
1275 4630 1308 4695 in
1336 4626 1541 4697 orationibus
1569 4628 1611 4699 ad
1637 4637 1687 4716 te,
1722 4628 1815 4701 Deus
1841 4640 1973 4703 noster:

600 4742 747 4814 retribue
775 4743 840 4815 illis
867 4743 956 4815 bona
984 4766 1070 4837 quae
1097 4767 1116 4814 a
1143 4753 1177 4813 te
1203 4752 1286 4812 sunt.

704 4860 855 4930 Deciens
880 4883 1005 4930 cocetn.
1059 4857 1228 4928 illemento
1255 4856 1398 4928 Domine
1425 4859 1569 4928 omnium
1605 4860 1660 4951 qui
1686 4857 1858 4931 nobiscum
1886 4870 1973 4933 stant

600 4984 635 5047 et
661 4987 767 5061 orant,
796 4998 978 5068 eorumque
1006 4977 1061 5068 qui
1097 4972 1214 5068 procul
1248 4982 1340 5043 sunt:
1375 4994 1491 5044 eorum
1524 4976 1579 5067 qui
1611 4995 1797 5068 pauperes,
1831 4998 1972 5068 egenos

599 5101 634 5163 et
663 5095 696 5162 in
723 5095 876 5183 angustia
913 5094 1047 5186 spiritus
1092 5092 1308 5176 constitutos,
1343 5088 1509 5180 adjuvant.
1563 5087 1739 5161 Conserva
1777 5113 1840 5163 nos
1874 5093 1970 5165 simul

599 5230 674 5279 cum
701 5206 764 5280 illis
799 5231 862 5304 per
897 5211 1065 5278 exercitus
1100 5214 1300 5301 potestatum
1327 5215 1456 5278 tuarum
1472 5204 1718 5297 Angelicarnm.
1754 5205 1859 5278 Salva
1892 5230 1967 5297 nos,

601 5336 635 5396 et
660 5323 767 5397 libera
794 5348 857 5397 nos
886 5324 927 5397 ah
957 5324 1108 5397 omnibus
1145 5322 1218 5396 telis
1253 5324 1365 5413 ignitis
1399 5332 1433 5392 et
1465 5323 1663 5417 perniciosis
1689 5319 1830 5413 diaboli,
1864 5333 1898 5395 et
1925 5325 1967 5397 ab
