5150 6534
913 830 1129 924 ursonem
1168 830 1377 920 oiouisu
1414 832 1670 911 sensnum.
1709 858 1714 866 ·
1760 811 1762 815 ’
1894 830 1973 908 mo

603 1015 756 1107 labeant,
796 1016 930 1111 dignum
964 1028 1017 1093 est
1049 1030 1085 1091 ut
1119 1028 1154 1091 te
1187 1017 1321 1117 elevata
1354 1040 1443 1092 voce
1475 1018 1669 1109 laudemus,
1702 1018 1903 1111 clamantes,
1940 1028 1975 1092 et

605 1132 764 1207 dicentes.
1289 1164 1293 1169 1

708 1251 870 1345 Populos.
923 1250 1074 1324 Sanctum.

707 1366 882 1440 Sacerdos
907 1367 1099 1438 r'aclr'aatas.
1165 1366 1309 1439 Sanctus
1340 1367 1442 1439 Pater
1474 1369 1624 1458 genitor,
1660 1379 1694 1441 et
1725 1390 1794 1442 non
1827 1371 1973 1461 genitus,

604 1493 739 1559 sanctas
765 1484 869 1556 Filius
896 1485 1038 1574 genitis,
1066 1491 1100 1553 et
1124 1504 1193 1555 non
1223 1484 1376 1575 genitar3
1408 1490 1543 1555 sanctus
1570 1481 1714 1578 Spiritus
1741 1487 1796 1579 qui
1821 1485 1974 1580 procedit

605 1623 626 1672 a
651 1600 765 1689 Patre,
792 1608 826 1671 et
851 1621 872 1670 a
897 1599 984 1671 Filio
1012 1600 1148 1693 accipit:
1180 1620 1264 1670 unus
1291 1600 1385 1671 Deus
1411 1619 1514 1671 verus
1541 1602 1596 1694 qni
1622 1599 1770 1672 salvavit
1794 1621 1858 1672 nos
1884 1622 1972 1692 grn-

603 1719 663 1807 tia‚
690 1725 724 1787 et
748 1713 975 1788 misericordia
1002 1737 1073 1794 sua.

707 1832 857 1903 Menace
881 1853 1007 1903 aocera.
1061 1831 1126 1917 Qui
1153 1851 1227 1901 cum
1254 1830 1297 1901 ad
1323 1833 1514 1927 passionem
1542 1830 1719 1904 salutarem
1746 1845 1882 1927 paratus
1909 1853 1972 1904 es-

604 1958 667 2036 set,
693 1969 813 2044 panem
840 1949 938 2018 etism
974 1969 1071 2041 mem
1105 1948 1235 2041 accepit
1259 1946 1288 2034 †
1314 1946 1487 2019 benedixit
1510 1948 1540 2035 †
1566 1946 1784 2020 sanctificavit
1809 1949 1838 2036 †
1861 1946 1971 2039 fregit,

605 2072 640 2134 et
665 2084 787 2163 corpus
814 2085 909 2135 suum
936 2072 1086 2136 sanctum
1113 2065 1250 2135 vocavit
1285 2085 1379 2154 eum,
1414 2066 1447 2133 in
1483 2064 1587 2135 vitam
1618 2074 1787 2136 aeternam
1818 2062 1882 2136 illis
1916 2066 1972 2157 qui

603 2176 683 2251 illud
710 2181 908 2275 acciperent.

706 2294 866 2388 Papulas.
919 2294 1039 2368 Amen.

707 2409 890 2482 Sacerdos.
929 2408 974 2480 llt
999 2407 1139 2482 calicem
1165 2431 1264 2504 quem
1290 2411 1469 2482 miscuerat
1485 2412 1577 2497 vino,
1605 2419 1640 2480 et
1665 2432 1764 2503 aqna,
1790 2407 1974 2500 benedixit,

603 2535 638 2598 et
665 2528 860 2618 sangninem
886 2548 981 2598 suum
1006 2528 1190 2621 pretiosum
1210 2523 1364 2620 perfecit,
1391 2524 1534 2619 illisqui
1558 2524 1637 2596 illud
1665 2528 1830 2621 accipiunt
1855 2528 1889 2597 in
1914 2528 1975 2598 vi-

602 2651 671 2714 tam
699 2650 877 2714 aeternam.

708 2756 868 2852 Papae.
921 2758 1039 2829 Amen.

707 2871 891 2944 Sacerdos.
943 2870 1088 2942 Etcum
1114 2868 1283 2965 discipulis
1311 2871 1435 2943 sanctis
1461 2868 1516 2941 illa
1543 2868 1688 2959 tradidit,
1724 2876 1894 2968 praecepit
1920 2877 1971 2948 eis

602 2986 736 3061 dicens:
762 2993 808 3062 ita
835 2988 964 3060 facietis
990 2989 1024 3057 in
1050 2989 1116 3058 mei
1141 2989 1348 3077 memoriam,
1384 2986 1492 3059 donec
1517 2988 1660 3059 veniam.
1791 3058 1793 3064 ,

706 3103 868 3199 Populos.
920 3104 1039 3177 Mortis
1066 3113 1152 3174 tuse.

704 3219 889 3294 Sacerdos.
941 3219 1137 3291 Memoriam
1165 3240 1299 3313 quoque
1336 3220 1406 3309 agit
1430 3216 1586 3292 Ecclesia
1612 3230 1667 3291 tua
1693 3219 1853 3306 Domine,
1889 3227 1969 3294 uni-

601 3356 726 3409 versae
752 3335 1007 3430 dispensationis
1034 3344 1111 3408 tuae
1139 3333 1312 3423 salutaris,
1349 3334 1551 3430 secundique
1578 3335 1740 3409 adventus
1766 3340 1812 3409 tui
1838 3349 1969 3412 terrore

600 3450 702 3548 pleni,
729 3454 763 3522 in
789 3474 855 3545 quo
882 3453 1081 3525 retribuetur
1107 3452 1282 3546 unicuique
1305 3453 1402 3542 juxta
1422 3450 1456 3522 id
1483 3450 1572 3546 quod
1597 3449 1689 3541 fecit,
1715 3463 1853 3548 propter
1879 3456 1969 3548 quod

600 3568 776 3663 poenitens
802 3590 892 3660 grex
916 3578 990 3639 turus
1018 3567 1216 3662 deprecatur
1242 3578 1288 3658 te,
1315 3575 1349 3639 et
1373 3589 1435 3663 per
1461 3578 1506 3661 te,
1532 3577 1566 3640 et
1592 3577 1700 3640 mcum
1717 3567 1852 3643 Patrem
1878 3581 1967 3643 arum

599 3682 727 3756 dicens.
1871 3709 1872 3713 ¹

704 3796 865 3889 Populos.
916 3794 1091 3867 Miserere.

706 3909 890 3983 Sacerdos.
942 3910 1015 3983 Nos
1042 3933 1185 4007 quoque.

705 4026 867 4121 Papulas.
920 4025 971 4098 'l'e
997 4025 1178 4099 laudamus.

705 4141 887 4213 Sacerdos.
941 4143 1136 4239 Praecipue.

703 4257 890 4331 Diaconos.
942 4259 1121 4332 Memento.
1174 4259 1230 4331 nt.
1258 4259 1365 4346 Quam
1392 4257 1534 4331 timenda
1561 4267 1613 4333 est
1638 4258 1720 4332 haec
1745 4261 1838 4337 hora.

810 4530 985 4604 Sacerdos
1010 4535 1201 4605 r'aclr'oalas.
1255 4533 1434 4605 laaocatr'o
1461 4531 1613 4627 Spiritus
1638 4538 1759 4608 saneti.
1811 4587 1822 4627 p

704 4721 868 4792 Miserere
895 4724 971 4811 mei,
991 4723 1143 4811 Domine,
1172 4733 1205 4795 et
1231 4725 1322 4795 mitte
1349 4745 1449 4821 snper
1475 4723 1535 4799 has
1564 4722 1750 4798 oblationes
1777 4728 1967 4823 propositas

600 4832 759 4930 Spiritum
785 4846 950 4924 sanctim,
983 4840 1038 4932 qui
1073 4840 1183 4909 omnia
1209 4837 1385 4913 Ecclesiae
1418 4850 1627 4916 sacramenta
1661 4841 1790 4938 perficit
1823 4844 1968 4917 adventu
2035 4928 2038 4936 y

602 4972 675 5025 sno.

707 5067 869 5161 Papulas.
922 5066 1027 5162 Kyrie
1053 5066 1190 5141 eleison.

707 5182 890 5255 Sacerdos.
944 5181 987 5254 llt
1012 5205 1132 5278 panem
1158 5186 1267 5274 istum,
1294 5187 1444 5282 perficiat
1469 5210 1592 5284 eorpus
1617 5189 1682 5261 Dei
1708 5194 1824 5265 nostri.

706 5298 867 5392 Popalas.
919 5299 1038 5371 Amen.
