5150 6534
742 896 856 973 ΒΕΑΤΙ
880 894 1018 973 JACOBI
1043 895 1283 973 INTERPRETIS
1309 895 1479 974 EPISGOPI
1503 897 1692 974 naussum.
1824 898 1895 972 371

526 1079 696 1172 ambus,
728 1090 765 1153 ut
798 1104 882 1178 pure
914 1093 949 1155 at
974 1081 1204 1178 spiritualiter,
1239 1081 1367 1177 absque
1398 1082 1464 1154 ulla
1504 1084 1603 1155 animi
1638 1081 1897 1177 perturbatione,

528 1195 768 1293 amplectamur
793 1209 828 1270 et
854 1189 1044 1270 osculemur
1074 1200 1219 1269 invicem
1254 1201 1287 1268 in
1315 1199 1456 1269 caritate
1485 1219 1580 1282 vera,
1615 1194 1767 1291 perfecta
1801 1210 1901 1294 atquc

526 1334 638 1385 vacua
651 1314 755 1404 ‚omui
782 1312 875 1386 dolo:
902 1335 964 1408 per
990 1335 1066 1384 aum
1085 1315 1191 1407 ipsum
1208 1311 1404 1404 largitorem
1419 1296 1672 1407 tranquillitatis,
1698 1316 1899 1406 unigenitum

526 1426 776 1529 Filiumtuum,
802 1449 876 1500 cum
905 1449 970 1522 quo
998 1438 1032 1498 tc
1058 1427 1156 1498 decet
1181 1427 1302 1520 gloria,
1329 1426 1436 1498 bonor
1462 1437 1496 1498 et
1521 1429 1692 1522 imparium
1720 1450 1795 1499 cum
1814 1428 1901 1524 spi.

481 1581 487 1590 ·
526 1544 592 1615 ritu
617 1550 675 1613 tuo
703 1544 913 1615 sanctissimo
939 1551 974 1614 et
998 1539 1102 1613 bono.

631 1656 817 1743 Sacerdos
869 1659 954 1730 Parc

629 1771 792 1867 Populus.
843 1772 989 1845 Etcum
1016 1775 1130 1869 spiritu
1157 1783 1224 1844 tuo.

629 1884 819 1959 Diaconos.
871 1887 940 1960 Det
964 1890 1191 1983 unusquisque
1218 1909 1346 1982 pacem.
1399 1887 1447 1957 Et
1470 1889 1567 1979 Post,
1594 1900 1657 1961 etc.

608 1990 815 2075 ‘Sacarum
863 2004 1010 2090 Quando
1036 2005 1136 2094 igitur
1162 2005 1330 2094 conjuncti
1358 2012 1392 2074 et
1418 2003 1497 2074 uniti
1532 2024 1644 2076 sumus
1676 2000 1761 2073 altar
1792 2002 1900 2092 alteri,

465 2116 468 2122 ’
525 2137 592 2214 pm·
608 2120 787 2194 canaam
813 2139 929 2190 veram
963 2128 997 2189 et
1022 2121 1170 2212 spiritum
1203 2117 1481 2207 mansuemdinis,
1515 2118 1794 2214 deposuimusquc
1829 2142 1899 2191 ve-

526 2240 601 2305 tcra
625 2236 824 2306 vestimenta
849 2232 990 2305 bominis
1017 2236 1157 2322 veteris,
1184 2244 1217 2305 et
1243 2233 1330 2304 colla
1357 2240 1472 2305 nostra
1499 2254 1611 2303 coram
1638 2232 1814 2306 clamantia
1841 2245 1897 2306 tua

525 2345 770 2438 inclinavimus,
796 2366 956 2442 rogamus
984 2348 1164 2420 bonitatem
1196 2358 1284 2419 tuam
1311 2347 1512 2434 naturalem,
1547 2356 1582 2417 ut
1615 2345 1763 2420 effimoas
1798 2369 1900 2443 super

524 2483 604 2559 nos,
630 2471 665 2534 et
690 2485 791 2559 super
819 2486 949 2537 omnem
976 2463 1133 2559 populum
1161 2473 1194 2534 et
1220 2462 1458 2534 haereditatem
1486 2473 1593 2552 tuam,
1621 2485 1708 2556 quaa
1735 2466 1902 2553 sanguine

526 2573 667 2660 θωπί
693 2575 816 2652 Christi
841 2579 1014 2675 redempta
1041 2588 1110 2665 est,
1142 2600 1259 2651 omnes
1294 2577 1545 2651 benedictiones
1575 2590 1649 2651 tuas
1682 2576 1900 2665 abundantes,

524 2701 565 2776 §t
588 2714 706 2767 amnes
733 2699 859 2786 gratias
887 2704 959 2766 tuas
980 2692 1179 2788 perlectus,
1214 2703 1249 2764 ut
1278 2687 1293 2726 ²
1326 2694 1446 2783 linguis
1482 2717 1569 2789 quaa
1602 2695 1766 2789 accipiunt
1799 2714 1900 2764 unum

478 2899 480 2902 ι
525 2828 653 2905 corpus
678 2820 828 2881 sanctum
853 2812 1012 2901 unigeniti
1037 2809 1113 2880 Filii
1140 2812 1197 2899 tui,
1224 2818 1258 2880 et
1283 2831 1345 2903 per
1372 2830 1450 2879 eum
1474 2820 1508 2880 at
1543 2833 1618 2881 cum
1650 2813 1725 2905 ipso
1759 2808 1899 2881 refera-

525 2936 603 3000 m
628 2923 688 2997 tibi
713 2923 856 3017 gloriam
882 2935 917 2997 at
942 2924 1072 2997 laudem
1100 2934 1134 2995 et
1159 2926 1330 3014 unigenito
1344 2922 1430 2994 Filio
1458 2935 1514 2996 tuo
1542 2937 1576 2997 et
1588 2924 1725 3019 Spiritui
1750 2934 1820 3014 tuo,
1836 2934 1899 2997 etc.

524 3106 530 3113 .
630 3036 792 3132 Populus.
843 3042 965 3116 Amen.

631 3153 816 3227 Sacerdos.
869 3156 922 3227 'lu
947 3178 1009 3252 per
1034 3154 1217 3229 bonitatam
1242 3153 1484 3226 beatamstuam
1511 3154 1708 3246 naturalem,
1734 3164 1768 3225 at
1789 3157 1899 3228 misc-

523 3270 700 3360 ricordias,
727 3281 761 3343 ct
787 3273 1031 3360 miserationes,
1059 3292 1144 3366 quaa
1170 3268 1430 3343 substantialiter
1456 3266 1515 3340 tibi
1541 3291 1719 3342 connexae
1746 3278 1833 3358 sunt,
1852 3292 1899 3340 ex

523 3383 627 3460 ulbilo
653 3386 697 3459 ab
723 3389 816 3458 initio
843 3392 966 3460 creasti
991 3409 1055 3459 nos
1084 3386 1126 3457 ad
1152 3386 1331 3476 imaginem
1356 3383 1565 3481 praeclaram
1591 3386 1774 3475 majestatis
1801 3394 1898 3456 tuae:

511 3484 669 3600 'mque
694 3506 842 3597 corrupti
867 3502 1056 3592 frueremur,
1083 3512 1117 3572 et
1133 3503 1338 3596 corruptioni
1360 3499 1468 3574 relicti
1484 3500 1632 3587 obnoxii,
1659 3521 1721 3594 pcr
1747 3500 1899 3572 eamdem

523 3621 670 3711 gratiam
695 3626 795 3704 tuam,
828 3628 862 3689 et
889 3641 956 3691 non
982 3641 1045 3715 per
1072 3620 1231 3708 justitiam
1263 3626 1432 3702 nostram,
1459 3615 1607 3687 Verbum
1633 3615 1743 3687 Deum
1777 3612 1898 3685 Filium

523 3738 617 3803 tum
642 3734 762 3807 misisti
788 3733 831 3806 ad
857 3735 997 3807 salutem
1024 3743 1182 3806 nostram.
1235 3731 1288 3802 'lu
1315 3752 1398 3823 ergo
1425 3733 1631 3802 etiamnunc
1657 3731 1811 3815 Domine,
1838 3751 1900 3824 par

523 3844 678 3919 eamdam
702 3845 883 3921 bonitatem
910 3848 969 3920 tibi
997 3846 1190 3934 naturalem,
1216 3869 1278 3942 per
1306 3869 1404 3942 quam
1431 3849 1555 3918 creasti
1581 3869 1643 3919 nos
1677 3846 1900 3942 aprincipio,

522 3967 561 4032 at
585 3982 650 4056 per
672 3965 935 4036 miscricordiam
961 3964 1050 4036 illam
1077 3967 1175 4036 ctiam
1202 3962 1260 4034 tibi
1286 3960 1470 4033 naturalem
1497 3984 1562 4056 qua
1593 3965 1628 4032 in
1662 3960 1728 4033 lina
1760 3959 1900 4032 salvasti

461 4137 464 4139 .
520 4079 606 4149 uos:
631 4099 695 4173 per
719 4078 808 4151 illam
834 4083 933 4171 igitur
960 4102 1027 4172 age
1053 4078 1226 4150 nobiscum
1253 4077 1399 4169 benigne
1431 4081 1466 4148 in
1498 4075 1561 4147 hac
1586 4074 1688 4161 bora,
1720 4087 1756 4147 ut
1791 4098 1899 4148 acce-

523 4190 643 4265 dentes
670 4192 713 4264 atl
739 4199 900 4291 mysteria
927 4195 1012 4268 baec
1039 4204 1176 4282 saneta,
1207 4214 1274 4263 non
1308 4193 1487 4264 afficiamur
1520 4191 1650 4288 pudore
1684 4197 1900 4285 peccatorum

519 4317 734 4400 nostrorum,
769 4311 829 4383 sad
863 4334 924 4408 per
956 4310 1075 4382 eadem
1110 4309 1271 4405 mysteria
1304 4316 1379 4396 tua,
1409 4329 1591 4402 purgamur
1626 4330 1646 4378 a
1682 4302 1838 4377 sordibus
1865 4312 1900 4375 et

520 4425 694 4518 spurcitiis
720 4429 866 4521 peccati,
894 4436 927 4497 et
952 4426 1138 4514 reseramus
1165 4421 1223 4492 tibi
1250 4420 1394 4513 gloriam
1420 4433 1454 4493 et
1480 4421 1629 4512 laudem,
1662 4422 1899 4515 unigenitoque

520 4533 612 4622 llilio
637 4548 708 4630 tuo,
733 4553 768 4613 et
794 4541 931 4638 Spiritui
960 4550 1025 4613 tuo.

526 4689 533 4696 ψ
615 4653 817 4739 ‚Diaconum
870 4656 1017 4746 Stemus,
1044 4668 1108 4728 etc.

566 4841 570 4849 i
627 4768 812 4844 Sacerdos.
867 4772 997 4845 Caritas
1023 4773 1100 4861 Dei,
1127 4782 1190 4843 etc.

618 4884 790 4978 Populos.
843 4885 888 4957 Et
913 4910 987 4959 cum
1013 4887 1139 4981 Spiritu
1163 4897 1233 4957 tuo.
1330 4949 1333 4957 .

626 4997 812 5073 Sacerdos.
863 5001 1003 5075 Sursum
1030 5000 1144 5075 corda.

625 5114 789 5209 Populus.
841 5116 1011 5190 Habemus
1039 5117 1081 5189 ad
1106 5119 1294 5190 Dominum.

543 5316 544 5321 η
625 5231 812 5305 Sacerdos.
867 5233 1000 5306 Gratias
1027 5254 1165 5325 agamus
1192 5234 1278 5305 Deo.

626 5343 789 5441 Populus.
842 5350 986 5441 Dignum
1015 5357 1049 5420 et
1071 5351 1196 5440 justum
1223 5358 1283 5422 cst.

574 5470 661 5527 rorum
677 5485 702 5527 n.
