5150 6534
962 868 993 946 S.
1019 867 1217 945 tollitis
1242 866 1607 945 EVllllGllhlS'lllE.
1894 863 1968 941 loo

600 1078 692 1144 mus,
719 1064 753 1126 et
776 1052 947 1127 laudamus
974 1063 1025 1143 tc,
1052 1056 1321 1151 unigenitumque
1346 1054 1465 1126 Filium
1497 1062 1603 1143 tuum,
1635 1064 1669 1126 ct
1694 1052 1851 1151 Spiritum
1878 1063 1966 1126 hrum

602 1174 716 1243 vivum
741 1181 777 1242 et
801 1178 959 1243 saucium.

705 1286 867 1379 Populos.
893 1288 1013 1359 Amen.

706 1400 890 1473 Sacerdos.
918 1403 1001 1475 Pax.

704 1518 865 1612 Populos.
892 1517 935 1589 Et
961 1542 1036 1591 cum
1062 1521 1177 1615 spiritu
1204 1527 1270 1591 tuo.

706 1632 891 1706 Sacerdos.
918 1634 969 1707 Te
986 1633 1117 1707 Christe
1131 1632 1222 1707 Deus
1240 1645 1374 1723 noster,
1402 1632 1590 1722 adoramus,
1617 1630 1787 1705 laudamus
1806 1643 1840 1704 et
1856 1632 1968 1725 glori·

602 1747 749 1839 ficamus,
776 1752 995 1847 deprecantes
1009 1749 1191 1823 bonitatem
1205 1761 1240 1821 et
1264 1751 1525 1823 misericordiam
1552 1759 1658 1839 tuam,
1684 1772 1746 1845 pro
1774 1747 1969 1823 liberatione
2008 1760 2012 1764 ’

602 1875 638 1938 et
663 1866 769 1940 salute
796 1870 894 1940 hodius
921 1867 1049 1939 mundi:
1075 1888 1138 1961 pro
1164 1866 1315 1939 custodia
1347 1870 1551 1956 viventium,
1585 1874 1618 1938 et
1651 1869 1761 1960 quiete
1789 1864 1968 1938 dehructo—

601 2006 675 2056 ram
706 1982 864 2056 fidelium:
901 2007 962 2080 pro
1005 1986 1177 2056 saturitate
1214 1985 1445 2072 esurientium,
1478 1993 1511 2054 et
1545 1982 1700 2054 alimento
1732 1983 1968 2055 necessitatem

600 2102 807 2195 patientium:
834 2124 896 2196 pro
923 2102 1111 2173 visitatione
1136 2098 1353 2184 intirmorum,
1388 2109 1422 2170 et
1447 2096 1677 2170 consolatione
1710 2100 1853 2169 omnium
1881 2097 1968 2168 ailli-

551 2249 553 2253 ·
603 2226 741 2289 ctorum.
794 2216 846 2289 'lu
871 2219 972 2308 igitur
997 2238 1058 2312 per
1083 2218 1223 2309 gratiam
1251 2224 1340 2286 tuam
1365 2218 1482 2301 visita,
1509 2223 1543 2285 et
1568 2212 1702 2285 vivifica
1733 2235 1796 2308 per
1820 2217 1968 2285 misera-

603 2334 713 2405 tiones
740 2343 813 2404 tuas
840 2330 975 2403 multas:
1002 2341 1036 2401 ct
1061 2328 1202 2402 benedic
1222 2328 1376 2425 populum
1392 2339 1497 2401 tuum:
1524 2327 1719 2423 custodique
1732 2327 1967 2401 haereditatem

587 2457 692 2520 tuam
720 2472 780 2545 per
806 2470 938 2520 crucem
965 2455 1054 2519 tuam
1080 2449 1267 2517 victricem:
1296 2448 1372 2539 quia
1401 2444 1458 2517 tibi
1484 2442 1624 2516 debetur
1640 2444 1802 2532 adoratio,
1829 2453 1863 2516 et
1878 2446 1969 2517 Patri
2043 2462 2045 2464 ’

604 2575 679 2653 tuo,
707 2572 741 2636 et
766 2564 901 2659 Spiritui
927 2565 1029 2649 vivo,
1056 2584 1143 2633 nunc
1170 2570 1204 2631 et
1229 2583 1372 2656 semper.

806 3269 855 3359 IN
886 3265 1081 3361 tonnus
1112 3264 1468 3359 EVANGELISTAE
1500 3267 1760 3362 LITURGlhll

1200 3473 1374 3557 hortu.

704 3709 851 3790 Pasarne
875 3723 962 3784 istam
991 3720 1154 3805 liturgiam
1184 3721 1264 3784 nulla
1291 3721 1350 3785 hoc
1379 3722 1465 3785 titulo
1495 3723 1574 3804 apud
1602 3723 1771 3790 orientales
1801 3736 1883 3792 extat
1913 3747 1971 3794 una

608 3835 739 3910 excepta
761 3826 950 3906 Aethiopica,
974 3842 1052 3905 quae
1075 3843 1141 3887 cum
1164 3826 1220 3886 ista
1242 3843 1399 3888 commune
1421 3826 1492 3889 nihil
1514 3826 1614 3904 habet,
1637 3845 1703 3891 curn
1724 3831 1823 3893 Ritum
1833 3832 1971 3896 Alexan-

606 3930 722 3993 drinum
744 3932 903 4005 sequatur:
926 3924 983 3986 ista
1006 3923 1173 4005 Syriacum.
1217 3923 1292 3986 Cum
1321 3917 1529 4007 vero'plures
1558 3926 1739 3991 Antiocheni
1768 3929 1970 3996 Jacohitarum

606 4026 798 4089 Patriarchae
818 4024 943 4086 loannis
965 4041 1075 4085 nomen
1098 4023 1268 4099 habuerint,
1298 4022 1386 4086 facile
1409 4024 1463 4086 luit
1485 4032 1517 4086 ut
1539 4024 1752 4108 Evangelistac
1776 4028 1877 4093 titulus
1900 4033 1970 4094 huic

605 4125 759 4208 Liturgiae
782 4123 935 4184 ornandae
957 4122 1159 4201 adhiberetur,
1183 4141 1270 4202 quem
1293 4120 1426 4202 praefert
1453 4124 1483 4184 in
1511 4124 1665 4203 permultis
1694 4126 1863 4207 codicibus,
1893 4147 1969 4209 quos

606 4223 730 4286 Romani
753 4222 887 4285 editores
910 4222 1005 4283 secuti
1035 4229 1113 4285 sunt.
1163 4222 1222 4284 Sed
1251 4219 1309 4282 hoc
1337 4239 1440 4301 parum
1474 4221 1583 4300 refert,
1614 4242 1681 4285 cum
1711 4227 1748 4288 ab
1775 4226 1970 4310 Evangelista

605 4324 748 4404 scriptam
770 4321 849 4384 illam
872 4337 930 4383 non
955 4320 1059 4398 luisse,
1081 4321 1279 4383 certissimum
1302 4320 1350 4382 sit.
1384 4321 1490 4382 Natam
1512 4339 1586 4383 vero
1610 4322 1721 4384 dudum
1744 4326 1823 4387 inter
1844 4325 1970 4388 Jacohi-

604 4429 652 4484 tas
675 4420 779 4499 luisse,
803 4429 926 4502 praeter
948 4421 1067 4501 antiqua
1087 4420 1281 4501 exemplaria,
1304 4421 1434 4501 probant
1447 4429 1611 4501 excerptae
1624 4440 1664 4483 ex
1686 4422 1792 4486 eadem
1815 4425 1968 4487 orationes

606 4521 718 4601 aliquot
739 4521 769 4582 in
790 4520 925 4602 hiturgia
955 4538 1032 4601 quae
1063 4516 1171 4584 dicitur
1191 4521 1355 4584 Doctorum
1378 4526 1567 4597 sanctorum,
1589 4539 1607 4581 a
1628 4521 1745 4585 Joanno
1774 4523 1886 4604 blagno
1909 4524 1970 4585 Pa-

606 4620 737 4682 triarcha
759 4618 949 4682 Antiocheno
972 4639 1012 4681 ex
1035 4620 1162 4683 diversis
1192 4621 1257 4683 aliis
1280 4619 1416 4683 collecta.
1461 4619 1642 4700 luterpolata
1672 4638 1733 4683 non
1762 4624 1858 4686 minus
1882 4641 1970 4702 quarn

606 4718 741 4799 reliquae
765 4717 828 4797 luit,
852 4720 882 4780 in
903 4718 1037 4781 Romana
1060 4720 1201 4798 editione,
1225 4720 1342 4783 duobus
1369 4718 1462 4795 locis,
1493 4738 1601 4800 nempe
1630 4719 1660 4781 in
1688 4719 1782 4782 lorma
1809 4720 1969 4783 verborum

607 4817 729 4894 Christi,
751 4825 781 4880 et
803 4819 833 4880 in
855 4818 1049 4881 luvocatione
1071 4820 1199 4900 Spiritus
1222 4820 1331 4881 sancti:
1363 4837 1465 4880 veram
1487 4818 1647 4882 lectionem
1669 4820 1699 4880 in
1721 4820 1969 4901 interpretatione

604 4917 788 4979 restituimus
811 4936 851 4980 cx
874 4904 1033 4980 Codicihus
1055 4917 1127 4983 ldss.
1156 4919 1284 4999 antiquis
1314 4918 1518 5001 Seguicrianis
1542 4927 1572 4981 ct
1595 4916 1788 4997 colbertinis,
1810 4920 1968 4981 recentio-

603 5014 689 5077 ribus
711 5033 831 5098 quoque
853 5016 1013 5096 nonnullis,
1037 5024 1068 5080 et
1090 5020 1194 5081 nostro
1217 5019 1267 5098 qui
1288 5019 1415 5081 vetustis
1438 5017 1540 5081 sinilis
1563 5024 1619 5080 cst.

706 5248 727 5283 S
