5150 6534
722 866 729 872 “
856 854 886 930 S.
912 853 1079 932 lllOlilSll
1104 856 1340 935 llutuluutt
1364 858 1544 937 liPlSGOPl.
1814 862 1893 941 203

618 1038 781 1131 Populus.
833 1038 1088 1113 Misericordiae
1114 1041 1189 1113 Dei.

622 1152 807 1226 Sacerdos.
862 1152 1003 1237 Caritas.

485 1316 489 1323 -
618 1267 781 1362 Populus.
834 1268 977 1341 Etcum
1005 1266 1122 1366 spiritu
1150 1282 1217 1344 tuo.

618 1383 803 1484 Sacerdos.
857 1384 995 1457 Sursum
1024 1385 1137 1457 corda.

616 1499 778 1593 Populus.
830 1498 1002 1571 Habemus
1030 1500 1072 1571 ad
1098 1502 1286 1572 Dominum.

590 1614 802 1708 Sacerdos,
842 1613 990 1687 Gratias
1016 1636 1155 1707 agamus
1184 1616 1340 1688 Domino.

545 1781 546 1784 ,
616 1728 778 1822 Poptdaa.
830 1730 977 1822 Dignum
1003 1741 1036 1801 et
1058 1735 1182 1823 justum
1209 1741 1270 1802 est.

616 1844 792 1916 Sacerdos
816 1846 1006 1916 inclinatus.
1059 1846 1152 1918 Vere
1184 1849 1271 1918 eninr
1298 1851 1434 1935 mentis,
1468 1851 1648 1936 sermonis,
1682 1858 1716 1920 et
1748 1854 1885 1944 cogita-

512 1962 613 2032 tionis
639 1962 733 2033 vires
761 1960 895 2032 excedit
922 1960 1104 2033 celebratio
1138 1961 1373 2034 beneficiorum
1407 1975 1556 2051 tuorum,
1583 1964 1747 2053 Domine,
1777 1988 1887 2060 neque

512 2076 675 2149 sufficiant
700 2080 810 2148 omnia
838 2098 911 2164 ora,
938 2088 1066 2149 mentes
1094 2099 1231 2164 omnes,
1267 2088 1301 2148 at
1333 2077 1487 2170 linguae,
1520 2080 1563 2150 ad
1597 2090 1647 2167 te,
1682 2091 1718 2150 ut
1749 2078 1883 2170 dignum

513 2200 577 2281 est,
604 2190 864 2283 glorificandum.
916 2191 1032 2264 Verbo
1060 2195 1145 2263 anim
1174 2202 1229 2263 tuo
1256 2192 1337 2269 sacti
1363 2202 1439 2265 sunt
1465 2195 1567 2281 coeli,
1602 2203 1635 2265 et
1661 2194 1785 2288 Spiritu
1814 2196 1883 2266 oris

491 2310 558 2379 ,tui
592 2329 709 2379 omnes
739 2310 879 2378 virtutes
913 2328 1094 2402 supernae:
1128 2307 1301 2379 luminaria
1335 2312 1445 2380 omnia
1484 2331 1571 2403 quae
1609 2312 1644 2379 in
1675 2308 1882 2380 mmamento
1926 2343 1929 2357 ·

512 2431 599 2510 sunt,
627 2422 679 2495 sol
706 2432 740 2493 et
765 2422 854 2510 luna,
881 2444 973 2508 mare
999 2432 1033 2494 et
1059 2422 1152 2494 arida
1180 2432 1214 2493 et
1240 2445 1467 2517 quaecumque
1499 2426 1534 2494 in
1566 2426 1616 2496 eis
1650 2433 1734 2495 sunt.
1787 2424 1883 2510 Quae

511 2558 633 2610 vocem
659 2559 727 2609 non
753 2536 885 2636 babent,
912 2536 1051 2609 silentiis
1079 2541 1164 2611 suis:
1193 2561 1278 2631 quae
1306 2560 1463 2611 sermone
1496 2540 1647 2633 praedita
1683 2549 1776 2627 sunt,
1811 2560 1883 2608 vo-

472 2748 474 2753 ,
513 2651 628 2743 cibus,
673 2650 883 2726 sermonibus
919 2661 954 2723 et
985 2651 1117 2747 hymnis
1155 2664 1317 2749 perpetuo
1350 2653 1409 2725 tibi
1441 2652 1661 2742 benedicunt;
1695 2658 1750 2747 qui
1779 2664 1814 2723 tu
1847 2674 1885 2725 es
1912 2741 1915 2749 ι
1941 2669 1961 2729 4

511 2773 629 2840 natura
655 2768 776 2857 bonus,
810 2778 844 2839 et
870 2790 970 2863 snpra
998 2791 1114 2841 omnes
1141 2768 1277 2857 laudes,
1305 2772 1339 2840 iu
1365 2772 1511 2841 essentia
1528 2771 1594 2841 'tua
1620 2766 1881 2864 incomprehen-

511 2881 652 2956 sibiliter
677 2882 838 2957 existam.

611 2999 762 3069 Eienam
792 3019 917 3070 nocem.
972 2999 1023 3070 Te
1061 2999 1173 3071 laudat
1208 3010 1361 3072 creatura
1401 2999 1486 3072 haec
1527 2999 1669 3073 visibilis
1711 3010 1745 3070 et
1780 3021 1882 3072 sensu

507 3114 671 3209 praedita,
698 3114 852 3201 Domine,
879 3124 915 3185 ut
942 3118 1039 3187 etiam
1067 3115 1122 3186 illa
1150 3114 1390 3202 intellectualis,
1418 3125 1452 3186 et
1478 3139 1578 3211 supra
1605 3137 1761 3187 sensuum
1788 3137 1879 3186 con-

507 3228 665 3301 ditionem
699 3232 818 3325 positu.
874 3228 1014 3302 Caelum
1050 3242 1083 3301 et
1116 3240 1205 3302 terra
1240 3242 1273 3302 te
1311 3231 1518 3320 glorificant,
1550 3253 1643 3301 mare
1678 3240 1711 3300 et
1745 3238 1805 3300 aer
1846 3239 1880 3300 te

505 3342 713 3437 praedicare
741 3344 793 3418 sol
819 3348 852 3415 in
880 3367 980 3417 cursu
1007 3368 1067 3417 suo
1096 3355 1128 3416 te
1154 3344 1279 3417 laudat:
1315 3345 1392 3416 luna
1426 3349 1459 3416 in
1486 3343 1717 3416 mutationibus
1745 3348 1815 3415 suis
1844 3354 1878 3415 te

505 3468 704 3531 venerabar:
736 3470 864 3532 turmae
894 3459 1205 3552 Archangelorum,
1238 3471 1273 3531 et
1306 3463 1438 3553 agmina
1470 3461 1695 3552 Angelorum,
1730 3458 1878 3530 Virtutes

504 3571 584 3646 illae
610 3576 730 3646 mundo
756 3588 791 3647 et
816 3578 936 3647 mentis
963 3574 1120 3647 facultate
1147 3574 1375 3664 sublimiores,
1408 3574 1658 3647 benedictiones
1685 3575 1727 3645 ad
1753 3578 1876 3666 regio-

504 3710 581 3761 nem
608 3700 698 3762 tuam
723 3694 858 3762 mittunt.
911 3690 1010 3763 Radii
1037 3692 1120 3763 lucis
1147 3690 1344 3763 excellentis
1372 3703 1406 3762 et
1426 3689 1655 3777 absconditae,
1683 3689 1877 3762 sanctifica-

503 3807 614 3877 tiones
642 3805 772 3897 gloriae
803 3817 881 3878 tuae
913 3810 1080 3894 emittunt;
1115 3806 1323 3900 Principatus
1358 3814 1392 3876 et
1425 3805 1566 3878 Ordines
1599 3815 1633 3875 ta
1666 3827 1740 3876 cum
1769 3803 1876 3896 jubilo

503 3918 654 4009 laudant,
681 3922 870 3994 Potestates
898 3931 932 3993 et
957 3922 1208 3994 Dominatioucs
1235 3930 1269 3991 te
1303 3931 1524 4007 venerantum
1551 3919 1718 4008 Virtutes,
1750 3918 1876 3990 'l'hroni

505 4045 538 4107 et
563 4035 664 4109 sedes
691 4037 941 4110 inaccessibiles
968 4046 1001 4107 te
1029 4037 1188 4124 exaltant,
1216 4035 1413 4131 splendores
1432 4036 1515 4109 lucis
1543 4047 1711 4124 aeternae,
1738 4034 1875 4129 specula

503 4154 577 4223 sine
607 4151 754 4239 macula,
796 4150 1000 4224 substantiae
1034 4161 1190 4239 sanctae,
1231 4154 1454 4247 susceptrices
1497 4153 1680 4245 sapientiae
1715 4149 1874 4235 sublimis,

503 4286 586 4361 prae
613 4265 766 4339 omnibus
792 4272 1005 4340 scrutatrices
1033 4266 1212 4338 voluntatis
1239 4264 1281 4337 ab
1310 4264 1461 4337 omnibus
1475 4263 1703 4352 absconditae,
1730 4263 1873 4335 motibus

501 4382 685 4476 praeclaris
713 4393 866 4454 tonorum
892 4381 1139 4470 inimitabilium,
1166 4382 1373 4475 vocibusque
1388 4381 1496 4472 dignis
1524 4389 1676 4451 creatura
1702 4379 1873 4451 rationali:

503 4495 681 4569 Cherubim
708 4499 900 4587 multioculi,
928 4521 1067 4592 quorum
1095 4508 1202 4568 motus
1230 4496 1453 4584 subtilissimi,
1489 4505 1522 4566 to
1556 4495 1770 4567 benedicunt:
1801 4494 1872 4566 Se-

500 4610 628 4707 raphim
653 4618 802 4686 instructi
835 4636 900 4685 sex
933 4614 993 4686 alis
1027 4614 1201 4710 implentia,
1234 4614 1390 4708 plenique
1424 4612 1560 4707 plumis,
1593 4623 1625 4682 te
1653 4610 1869 4697 sanctificant,

500 4724 548 4797 illi
562 4729 654 4823 ipsi,
682 4732 736 4824 qui
764 4729 825 4800 alis
853 4733 921 4801 suis
948 4729 1053 4801 iacies
1080 4752 1159 4801 suas
1187 4740 1324 4820 tegunt,
1351 4730 1534 4824 pennisque
1561 4728 1665 4820 pedes
1694 4748 1773 4798 suos
1801 4747 1871 4795 ve-

499 4838 581 4931 lant,
608 4852 642 4914 et
667 4843 887 4938 undequaque
913 4844 1067 4916 volantes
1096 4854 1128 4914 et
1163 4843 1357 4937 plaudentes
1385 4841 1446 4914 alis
1474 4841 1557 4912 alter
1584 4841 1626 4911 ad
1654 4841 1809 4925 alterum,
1835 4850 1872 4909 ut

500 4977 569 5028 non
605 4958 784 5030 adurantur
819 4958 860 5030 ab
893 4964 973 5051 igne
1006 4968 1061 5030 tuo
1096 4959 1300 5045 devorante,
1334 4966 1449 5029 cantus
1476 4979 1617 5044 suaves,
1652 4966 1686 5027 et
1712 4954 1753 5026 ab
1782 4956 1872 5023 omni

499 5076 640 5144 maaria
667 5096 780 5169 purus,
808 5075 937 5168 aequali
965 5078 1108 5145 omnium
1135 5077 1353 5146 consonantia
1375 5082 1525 5159 canunt,
1553 5070 1609 5143 tibi
1636 5071 1776 5162 gloriam
1804 5089 1870 5139 ae-

498 5196 629 5259 ternam
655 5190 853 5278 relerentes,
879 5213 945 5261 uno
972 5189 1095 5285 hymno
1124 5188 1198 5260 Deo
1226 5189 1328 5280 digno
1356 5189 1536 5260 clamantes
1562 5198 1596 5257 et
1622 5186 1782 5257 dicentes.

602 5303 765 5399 Poptdus.
818 5306 972 5396 Sonans,
998 5304 1154 5393 Sanctus,
1180 5305 1332 5377 Sanctus.

536 5442 662 5486 remma.
1616 5418 1667 5489 29
