5150 6534
901 839 948 914 IN
977 837 1234 914 LITURGIAM
1263 836 1414 914 MARGI.
1766 833 1839 909 185

474 1032 507 1088 31
528 1023 558 1086 id
580 1021 700 1104 quidem
721 1020 809 1084 facile
831 1020 887 1084 luit
908 1021 987 1102 apud
1015 1020 1245 1101 Alexandriam,
1276 1020 1381 1084 sedem
1409 1020 1445 1084 D.
1469 1020 1576 1082 Marci:
1599 1021 1630 1082 13
1651 1019 1841 1083 Antiocheno

473 1121 681 1187 Patriarchatu
701 1139 761 1183 non
784 1123 865 1199 item,
887 1121 938 1183 ubi
962 1120 1096 1183 Graecae
1119 1121 1256 1203 alicujus,
1280 1139 1358 1203 quae
1381 1139 1446 1182 cum
1470 1121 1592 1200 Syriaca
1615 1122 1672 1183 ista
1695 1121 1841 1182 conveni-

474 1231 532 1300 ret,
554 1241 627 1284 usus
650 1221 808 1301 aliquando
832 1220 930 1282 nullus
957 1221 1020 1282 luit.
1065 1219 1151 1292 Quod
1181 1238 1257 1282 vero
1288 1221 1345 1282 hoc
1375 1237 1472 1300 usque
1495 1220 1710 1299 incompertum
1732 1217 1840 1296 iuerat,

474 1340 583 1403 nempe
614 1324 798 1402 primaevum
829 1338 899 1381 esse
929 1317 1084 1399 exemplar
1112 1317 1275 1396 Graecum,
1304 1319 1502 1400 liturgiarum
1532 1336 1609 1399 quae
1638 1315 1842 1378 Alexandriae

477 1406 669 1501 usurpantur,
691 1419 788 1498 palam
811 1417 882 1479 lacit
906 1417 1011 1480 Codex
1031 1418 1202 1479 rarissimus
1226 1417 1429 1480 Bibliothecae
1443 1416 1557 1499 Regiae
1580 1417 1610 1478 in
1633 1434 1692 1496 quo
1706 1416 1840 1477 Graecus

475 1527 576 1581 textus
598 1518 801 1598 Liturgiarum
823 1516 924 1578 Basilii
947 1524 977 1578 et
992 1516 1142 1598 Gregorii,
1167 1535 1243 1596 quae
1266 1516 1422 1598 aCoptitis
1445 1534 1499 1577 sua
1522 1515 1625 1596 lingua
1647 1524 1840 1596 usurpantur,

477 1618 646 1698 descriptus
669 1624 716 1679 est
739 1635 804 1677 cum
827 1616 969 1678 versione
983 1614 1130 1677 Arabica:
1155 1614 1191 1677 ab
1214 1634 1251 1676 ea
1273 1635 1361 1696 quam
1384 1614 1502 1695 Coptiei
1515 1614 1644 1677 Codices
1666 1613 1760 1695 vulgo
1783 1613 1840 1674 ad-

472 1720 605 1801 junctam
628 1716 738 1778 habent
761 1717 880 1778 omnino
904 1715 1033 1779 diversa.
1057 1714 1130 1776 Eam
1153 1733 1230 1795 quae
1253 1715 1346 1776 Marci
1368 1715 1476 1776 dicitur
1499 1713 1604 1776 Codex
1625 1714 1677 1775 ille
1698 1730 1759 1775 333
1782 1731 1841 1773 ex-

474 1817 573 1880 hibet:
610 1814 664 1877 sed
699 1814 849 1877 Romanus
885 1832 925 1875 ex
957 1830 1016 1893 quo
1047 1821 1208 1894 procurata
1237 1813 1327 1879 editio
1360 1821 1421 1890 est,
1452 1830 1518 1873 eam
1547 1831 1618 1875 esse
1645 1811 1840 1887 demonstrat,

477 1932 555 1995 quae
584 1915 614 1976 in
645 1913 770 1995 Coptico
799 1911 964 1992 exemplari
996 1911 1101 1993 Cyrilli
1127 1912 1307 1993 appellatur.
1351 1912 1398 1975 De
1426 1912 1483 1973 illis
1512 1911 1648 1974 omnibus
1677 1910 1747 1973 alibi
1770 1911 1841 1971 satis

477 2013 665 2077 dictumest.

561 2112 607 2174 De
630 2113 686 2173 ista
709 2111 780 2174 illud
803 2114 898 2193 primo
921 2109 1141 2174 observandum
1164 2097 1219 2186 est,
1243 2129 1309 2171 eam
1331 2128 1400 2172 esse
1424 2110 1543 2172 omnino
1566 2112 1641 2171 31133
1661 2107 1787 2189 Syriaci,
1810 2114 1842 2170 et

475 2212 513 2273 ab
536 2211 600 2273 aliis
623 2230 700 2291 quac
723 2210 829 2273 eodem
852 2212 971 2273 nomine
994 2211 1206 2291 designantur,
1235 2210 1354 2270 333133
1378 2208 1535 2272 diversam.
1579 2209 1648 2270 11133
1672 2214 1769 2270 33133
1792 2208 1842 2267 13-

474 2311 647 2393 telligimus,
672 2328 748 2390 quae
764 2311 841 2392 apud
855 2311 990 2391 Coptitas
1005 2317 1197 2389 usurpantur,
1221 2316 1271 2370 aut
1286 2308 1354 2369 olim
1370 2317 1533 2388 usurpatae
1551 2307 1680 2385 luerunt,
1697 2307 1841 2369 Graecam

474 2410 590 2472 scilicet
611 2418 761 2472 vetustam
783 2429 859 2490 quae
884 2428 922 2471 ex
946 2408 1018 2472 Cod.
1043 2407 1341 2488 crypta-serratensi
1363 2408 1442 2470 edita
1465 2416 1522 2486 est,
1545 2416 1575 2470 31
1588 2407 1741 2488 Copticam
1764 2421 1841 2484 quae

475 2508 581 2591 CyriMi
604 2526 711 2571 nomen
734 2508 833 2570 habet.
1399 2568 1407 2587 ,

561 2607 678 2670 Dudum
700 2626 795 2687 porro
818 2615 865 2669 est
887 2625 953 2667 cum
976 2624 1012 2668 ea
1036 2624 1123 2686 quam
1146 2604 1321 2667 exhibemus
1335 2604 1489 2668 133311133
1513 2613 1645 2683 3133133,
1669 2622 1735 2667 333
1758 2610 1843 2665 extet

473 2708 505 2769 in
527 2708 600 2772 Mss.
624 2707 822 2784 Colhertinis,
851 2714 880 2767 et
906 2692 1054 2768 nonnullis
1083 2704 1162 2766 aliis:
1192 2706 1257 2785 ejus
1280 2705 1469 2766 meminerint
1491 2705 1657 2767 Maronitae
1680 2702 1843 2766 doctissimi

477 2807 597 2869 Gabriel
628 2807 759 2883 Sionita,
791 2815 821 2868 et
843 2805 993 2866 Abraham
1020 2804 1223 2866 Echellensis:
1254 2803 1433 2883 tandemque
1457 2805 1534 2865 inter
1557 2804 1629 2866 alias
1652 2803 1731 2866 edita
1754 2803 1792 2863 sit
1813 2802 1843 2862 in

475 2904 589 2967 Missali
613 2904 787 2982 Chaldaice,
810 2906 876 2966 sive
898 2903 1110 2965 Maronitarum
1128 2918 1207 2964 anno
1229 2902 1391 2966 tttttxctv.
1415 2902 1526 2966 Romae
1548 2922 1620 2985 pag.
1642 2902 1714 2965 205.
1738 2909 1768 2964 31
1790 2920 1844 2962 33-

479 3003 648 3084 quentlbus.
692 3004 763 3064 Non
787 3010 971 3078 esttamen,
1004 3009 1036 3063 ut
1059 3002 1097 3064 de
1120 3001 1184 3063 aliis
1208 3004 1390 3075 monuimus,
1411 3003 1490 3064 unde
1513 3004 1669 3083 quisquam
1692 3001 1843 3063 existimet

477 3101 515 3163 ad
537 3102 699 3164 Maronitas
722 3120 788 3162 eam
810 3103 904 3183 magis
927 3101 1080 3180 pertinere
1104 3120 1192 3180 quam
1220 3101 1257 3164 ad
1285 3102 1455 3178 Jacobitas,
1484 3101 1626 3182 quidquid
1656 3101 1843 3163 recentiores

477 3221 518 3264 ex
541 3221 576 3263 ea
599 3209 701 3282 gente,
725 3201 762 3262 de
785 3200 844 3262 boc
866 3208 1044 3281 argumento
1066 3200 1253 3279 scripserint.
1300 3199 1403 3262 Omnia
1426 3201 1538 3281 quippe
1562 3200 1663 3262 Ollicia
1684 3217 1788 3276 33333,
1817 3200 1844 3261 si

478 3318 515 3362 ea
537 3302 701 3382 excipimus
726 3318 804 3379 quae
825 3300 1050 3377 recentissime,
1073 3298 1131 3360 boc
1155 3306 1202 3361 est
1224 3318 1241 3361 3
1263 3299 1424 3361 reformata
1447 3319 1503 3380 per
1525 3300 1732 3362 Missionarios
1754 3298 1843 3378 Apo-

478 3388 602 3462 stolicos
625 3399 786 3461 Libanitica
810 3398 957 3475 Ecclesia,
981 3396 1150 3460 introducta
1172 3406 1258 3475 sunt,
1280 3397 1387 3461 Latino
1410 3399 1478 3460 ritui
1502 3400 1598 3480 magis
1622 3417 1709 3478 quam
1731 3396 1844 3458 Orien·

478 3497 529 3559 tali
553 3497 669 3574 similia,
691 3497 836 3559 Jacobitis
859 3497 981 3577 propria
1004 3503 1081 3560 sunt.
1307 3486 1309 3490 ’

564 3596 715 3658 Romanae
738 3597 860 3658 editioni
891 3597 920 3656 in
950 3596 1006 3657 hac
1029 3602 1062 3657 ut
1085 3594 1208 3675 reliquis
1230 3595 1375 3677 Liturgiis
1397 3596 1588 3678 interpolatio
1611 3595 1767 3677 multiplex
1789 3613 1844 3657 ac-

478 3693 551 3755 cidit
570 3709 590 3754 3
613 3695 826 3757 Maronitarum
856 3702 886 3756 et
908 3693 1075 3757 Censorem
1098 3694 1295 3756 obscurorum
1318 3695 1470 3771 manibus,
1501 3696 1551 3776 qui
1574 3713 1641 3757 curn
1663 3697 1694 3757 13
1717 3695 1844 3757 Schola-

479 3792 554 3854 stica
567 3791 730 3875 Theologia
746 3793 882 3855 fortassis
898 3794 1151 3873 perspicacissimi
1164 3792 1273 3868 iurent,
1297 3794 1325 3854 in
1349 3793 1503 3875 disciplina
1520 3795 1734 3857 Ecclesiastiea
1755 3793 1843 3873 plane

477 3889 630 3970 hospites:
653 3908 690 3952 ea
714 3899 917 3970 mutaverunt,
941 3909 1018 3972 quae
1041 3910 1108 3953 cum
1129 3892 1223 3954 altera
1246 3892 1296 3954 illa
1315 3902 1454 3956 constare
1468 3912 1528 3958 333
1548 3912 1639 3975 33333
1653 3893 1841 3968 videbantur,

477 3989 538 4049 imo
560 3988 699 4050 haeresin
712 4008 831 4069 sapere,
856 4009 944 4071 quam
966 3991 995 4051 in
1018 3990 1160 4069 precibus
1181 3990 1272 4071 longe
1296 3992 1455 4054 multorum
1476 3994 1666 4055 saeculorum
1688 4010 1744 4055 usu
1766 4009 1843 4053 con-

480 4088 618 4163 secratis,
640 4088 735 4150 latere
758 4107 818 4150 333
840 4108 931 4170 33333
954 4090 1150 4150 certissimum
1174 4097 1230 4167 est,
1254 4091 1312 4152 nisi
1335 4093 1482 4171 potiorem
1504 4093 1707 4155 existimemus
1731 4090 1844 4172 aliquot

481 4186 713 4267 Theologorum,
739 4206 826 4267 quam
848 4188 1004 4250 Ecclesiae
1027 4189 1225 4259 autoritatem.
1271 4188 1405 4252 Grassati
1428 4200 1497 4253 sunt
1518 4193 1682 4273 praecipue
1705 4192 1843 4253 131333-

480 4286 627 4346 cationem
651 4285 777 4365 Spiritus
800 4289 906 4364 saneti,
930 4305 1017 4367 quam
1040 4304 1095 4348 333
1118 4305 1157 4348 ex
1180 4285 1274 4350 Godd.
1298 4289 1370 4351 Μ33.
1394 4289 1452 4352 fide
1475 4293 1668 4353 restituimus.

568 4383 630 4446 Gur
663 4386 730 4466 Syri
759 4386 913 4448 Jacobitae
940 4386 1103 4468 Liturgiam
1132 4386 1316 4469 airrgularenr
1343 4389 1438 4450 Marci
1466 4393 1585 4453 nomine
1616 4390 1842 4453 131333133113

481 4491 563 4545 33313
585 4485 616 4544 13
638 4502 673 4545 33
695 4483 771 4547 adeo
794 4485 909 4547 incerta
932 4485 995 4547 dari
1018 4484 1222 4564 33113331331,
1246 4488 1842 4570 3333333113333331113133331313331

481 4600 567 4661 quam
590 4583 622 4643 in
644 4601 685 4644 33·
703 4585 909 4647 3333331333
932 4587 1133 4664 33333133133,
1156 4602 1222 4646 333
1236 4584 1406 4648 Ν331331331
1428 4606 1489 4650 333
1510 4590 1584 4651 31133
1605 4589 1762 4650 habuerint
1784 4587 1842 4649 huc

480 4699 592 4762 usque,
623 4682 700 4743 ultra
724 4691 786 4745 tres
811 4685 889 4765 apud
912 4702 966 4746 eos
990 4683 1173 4745 celebratas:
1205 4684 1326 4746 totidem
1348 4684 1547 4749 Alexandrini
1570 4687 1705 4769 ejusdcm
1728 4695 1842 4764 sectae,

482 4780 624 4860 Syrorum
647 4799 796 4855 numerus,
819 4783 857 4844 ad
874 4783 1070 4866 quadraginta
1087 4783 1254 4862 perveniat.
1278 4784 1486 4848 verisimiliter
1509 4787 1646 4850 fortassis
1669 4786 1841 4848 existimare

479 4898 657 4960 possumus,
681 4900 720 4942 ex
742 4882 944 4962 antiquissima
974 4879 1181 4943 Antiochenac
1212 4881 1294 4943 sedis
1324 4882 1510 4949 Jacobiticae
1539 4905 1606 4948 curn
1636 4884 1841 4947 Alexandrina

480 4979 689 5060 conjunctione
711 4980 836 5055 lactum,
863 4989 896 5042 ut
925 4979 954 5044 S.
977 4980 1080 5042 Marco
1104 4980 1247 5060 quaedam
1272 4980 1404 5065 Liturgia
1426 4985 1591 5064 dicaretur,
1621 4985 1653 5046 in
1675 4984 1739 5066 ejus
1762 4983 1840 5046 leste

478 5077 642 5142 recitanda.

846 5249 1476 5299 --aeeeoae--ss
