<?xml version="1.0" encoding="UTF-8"?>
<!DOCTYPE html PUBLIC "-//W3C//DTD XHTML 1.0 Transitional//EN"
    "http://www.w3.org/TR/xhtml1/DTD/xhtml1-transitional.dtd">
<html xmlns="http://www.w3.org/1999/xhtml" xml:lang="en" lang="en">
 <head>
  <title>
</title>
<meta http-equiv="Content-Type" content="text/html;charset=utf-8" />
  <meta name='ocr-system' content='tesseract 3.04.00' />
  <meta name='ocr-capabilities' content='ocr_page ocr_carea ocr_par ocr_line ocrx_word'/>
</head>
<body>
  <div class='ocr_page' id='page_1' title='image "./liturgiarumorie00renagoog_0218.png"; bbox 0 0 5150 6534; ppageno 0'>
   <div class='ocr_carea' id='block_1_1' title="bbox 681 817 1540 925">
    <p class='ocr_par' dir='ltr' id='par_1_1' title="bbox 681 817 1540 925">
     <span class='ocr_line' id='line_1_1' title="bbox 681 817 1540 925; baseline 0.009 -8"><span class='ocrx_word' id='word_1_1' title='bbox 681 841 755 918; x_wconf 74' lang='lat' dir='ltr'>aaa</span> <span class='ocrx_word' id='word_1_2' title='bbox 1164 817 1540 925; x_wconf 75' lang='lat' dir='ltr'>&#39;urracam</span> 
     </span>
    </p>
   </div>
   <div class='ocr_carea' id='block_1_2' title="bbox 591 1031 2076 5297">
    <p class='ocr_par' dir='ltr' id='par_1_2' title="bbox 674 1031 2047 1823">
     <span class='ocr_line' id='line_1_2' title="bbox 677 1031 2047 1122; baseline 0.004 -20"><span class='ocrx_word' id='word_1_3' title='bbox 677 1041 729 1104; x_wconf 92' lang='lat' dir='ltr'>tes</span> <span class='ocrx_word' id='word_1_4' title='bbox 755 1031 875 1120; x_wconf 90' lang='lat' dir='ltr'>reduc,</span> <span class='ocrx_word' id='word_1_5' title='bbox 903 1031 1049 1105; x_wconf 86' lang='lat' dir='ltr'>infirmos</span> <span class='ocrx_word' id='word_1_6' title='bbox 1075 1034 1194 1118; x_wconf 85' lang='lat' dir='ltr'>visita,</span> <span class='ocrx_word' id='word_1_7' title='bbox 1222 1031 1350 1106; x_wconf 85' lang='lat' dir='ltr'><strong>debiles</strong></span> <span class='ocrx_word' id='word_1_8' title='bbox 1376 1034 1552 1122; x_wconf 83' lang='lat' dir='ltr'>confirma,</span> <span class='ocrx_word' id='word_1_9' title='bbox 1584 1033 1773 1107; x_wconf 88' lang='lat' dir='ltr'>valetudine</span> <span class='ocrx_word' id='word_1_10' title='bbox 1806 1035 1953 1108; x_wconf 83' lang='lat' dir='ltr'>adversa</span> <span class='ocrx_word' id='word_1_11' title='bbox 1988 1032 2047 1107; x_wconf 84' lang='lat' dir='ltr'>lu-</span> 
     </span>
     <span class='ocr_line' id='line_1_3' title="bbox 675 1144 2047 1244; baseline 0.004 -27"><span class='ocrx_word' id='word_1_12' title='bbox 675 1144 835 1219; x_wconf 91' lang='lat' dir='ltr'>horantes</span> <span class='ocrx_word' id='word_1_13' title='bbox 862 1146 1005 1237; x_wconf 90' lang='lat' dir='ltr'>rohora,</span> <span class='ocrx_word' id='word_1_14' title='bbox 1033 1158 1067 1219; x_wconf 88' lang='lat' dir='ltr'>et</span> <span class='ocrx_word' id='word_1_15' title='bbox 1093 1171 1154 1221; x_wconf 93' lang='lat' dir='ltr'>eos</span> <span class='ocrx_word' id='word_1_16' title='bbox 1181 1151 1236 1244; x_wconf 89' lang='lat' dir='ltr'>qui</span> <span class='ocrx_word' id='word_1_17' title='bbox 1262 1171 1282 1220; x_wconf 87' lang='lat' dir='ltr'>a</span> <span class='ocrx_word' id='word_1_18' title='bbox 1310 1149 1527 1224; x_wconf 84' lang='lat' dir='ltr'>daemonibus</span> <span class='ocrx_word' id='word_1_19' title='bbox 1555 1159 1738 1242; x_wconf 70' lang='lat' dir='ltr'><strong>tentantur,</strong></span> <span class='ocrx_word' id='word_1_20' title='bbox 1763 1149 1886 1223; x_wconf 80' lang='lat' dir='ltr'><strong>libem:</strong></span> <span class='ocrx_word' id='word_1_21' title='bbox 1913 1154 2047 1240; x_wconf 73' lang='lat' dir='ltr'>rincms</span> 
     </span>
     <span class='ocr_line' id='line_1_4' title="bbox 676 1262 2047 1360; baseline 0.003 -27"><span class='ocrx_word' id='word_1_22' title='bbox 676 1262 783 1352; x_wconf 90' lang='lat' dir='ltr'>educ,</span> <span class='ocrx_word' id='word_1_23' title='bbox 809 1286 993 1360; x_wconf 89' lang='lat' dir='ltr'>oppressos</span> <span class='ocrx_word' id='word_1_24' title='bbox 1021 1263 1164 1356; x_wconf 87' lang='lat' dir='ltr'>adjuva,</span> <span class='ocrx_word' id='word_1_25' title='bbox 1202 1273 1383 1360; x_wconf 78' lang='lat' dir='ltr'>pereuntes</span> <span class='ocrx_word' id='word_1_26' title='bbox 1417 1266 1460 1338; x_wconf 92' lang='lat' dir='ltr'>ad</span> <span class='ocrx_word' id='word_1_27' title='bbox 1495 1268 1646 1338; x_wconf 89' lang='lat' dir='ltr'>timorem</span> <span class='ocrx_word' id='word_1_28' title='bbox 1673 1276 1763 1340; x_wconf 89' lang='lat' dir='ltr'>tuum</span> <span class='ocrx_word' id='word_1_29' title='bbox 1793 1287 1902 1354; x_wconf 81' lang='lat' dir='ltr'>voco,</span> <span class='ocrx_word' id='word_1_30' title='bbox 1935 1273 1972 1338; x_wconf 89' lang='lat' dir='ltr'>et</span> <span class='ocrx_word' id='word_1_31' title='bbox 2003 1263 2047 1337; x_wconf 80' lang='lat' dir='ltr'>ud</span> 
     </span>
     <span class='ocr_line' id='line_1_5' title="bbox 675 1361 2046 1477; baseline 0.004 -29"><span class='ocrx_word' id='word_1_32' title='bbox 675 1383 721 1449; x_wconf 90' lang='lat' dir='ltr'>tui</span> <span class='ocrx_word' id='word_1_33' title='bbox 748 1383 992 1472; x_wconf 72' lang='lat' dir='ltr'>cognitionem,</span> <span class='ocrx_word' id='word_1_34' title='bbox 1020 1390 1053 1451; x_wconf 92' lang='lat' dir='ltr'>et</span> <span class='ocrx_word' id='word_1_35' title='bbox 1080 1380 1231 1452; x_wconf 90' lang='lat' dir='ltr'>omnihus</span> <span class='ocrx_word' id='word_1_36' title='bbox 1258 1384 1300 1452; x_wconf 92' lang='lat' dir='ltr'>iis</span> <span class='ocrx_word' id='word_1_37' title='bbox 1328 1383 1383 1476; x_wconf 85' lang='lat' dir='ltr'>qui</span> <span class='ocrx_word' id='word_1_38' title='bbox 1411 1361 1598 1454; x_wconf 80' lang='lat' dir='ltr'>ohtulemlrt</span> <span class='ocrx_word' id='word_1_39' title='bbox 1626 1380 1823 1471; x_wconf 88' lang='lat' dir='ltr'>oblationes,</span> <span class='ocrx_word' id='word_1_40' title='bbox 1848 1392 1944 1472; x_wconf 85' lang='lat' dir='ltr'>vota,</span> <span class='ocrx_word' id='word_1_41' title='bbox 1970 1382 2046 1477; x_wconf 91' lang='lat' dir='ltr'>pri·</span> 
     </span>
     <span class='ocr_line' id='line_1_6' title="bbox 674 1494 2046 1588; baseline 0.004 -23"><span class='ocrx_word' id='word_1_42' title='bbox 674 1497 802 1584; x_wconf 84' lang='lat' dir='ltr'>mitius,</span> <span class='ocrx_word' id='word_1_43' title='bbox 830 1519 869 1567; x_wconf 92' lang='lat' dir='ltr'>ac</span> <span class='ocrx_word' id='word_1_44' title='bbox 896 1495 1043 1567; x_wconf 89' lang='lat' dir='ltr'>decimas</span> <span class='ocrx_word' id='word_1_45' title='bbox 1069 1497 1102 1567; x_wconf 92' lang='lat' dir='ltr'>in</span> <span class='ocrx_word' id='word_1_46' title='bbox 1127 1494 1282 1568; x_wconf 81' lang='lat' dir='ltr'>Ecclesia</span> <span class='ocrx_word' id='word_1_47' title='bbox 1310 1506 1364 1568; x_wconf 90' lang='lat' dir='ltr'>tua</span> <span class='ocrx_word' id='word_1_48' title='bbox 1393 1506 1527 1588; x_wconf 82' lang='lat' dir='ltr'>sancta3</span> <span class='ocrx_word' id='word_1_49' title='bbox 1561 1508 1596 1569; x_wconf 91' lang='lat' dir='ltr'>tu</span> <span class='ocrx_word' id='word_1_50' title='bbox 1626 1495 1770 1571; x_wconf 89' lang='lat' dir='ltr'>Domine</span> <span class='ocrx_word' id='word_1_51' title='bbox 1801 1497 1949 1571; x_wconf 85' lang='lat' dir='ltr'>rctn&#39;hua</span> <span class='ocrx_word' id='word_1_52' title='bbox 1981 1495 2046 1570; x_wconf 85' lang='lat' dir='ltr'>illis</span> 
     </span>
     <span class='ocr_line' id='line_1_7' title="bbox 675 1606 2046 1706; baseline 0.006 -28"><span class='ocrx_word' id='word_1_53' title='bbox 675 1606 777 1691; x_wconf 86' lang='lat' dir='ltr'>hona,</span> <span class='ocrx_word' id='word_1_54' title='bbox 804 1622 838 1682; x_wconf 88' lang='lat' dir='ltr'>ct</span> <span class='ocrx_word' id='word_1_55' title='bbox 864 1609 1055 1706; x_wconf 89' lang='lat' dir='ltr'>praeclara;</span> <span class='ocrx_word' id='word_1_56' title='bbox 1081 1616 1157 1706; x_wconf 86' lang='lat' dir='ltr'>qnia</span> <span class='ocrx_word' id='word_1_57' title='bbox 1184 1620 1218 1684; x_wconf 92' lang='lat' dir='ltr'>tu</span> <span class='ocrx_word' id='word_1_58' title='bbox 1243 1615 1440 1701; x_wconf 77' lang='lat' dir='ltr'>miserator,</span> <span class='ocrx_word' id='word_1_59' title='bbox 1466 1623 1501 1685; x_wconf 94' lang='lat' dir='ltr'>et</span> <span class='ocrx_word' id='word_1_60' title='bbox 1526 1618 1649 1687; x_wconf 88' lang='lat' dir='ltr'>veniae</span> <span class='ocrx_word' id='word_1_61' title='bbox 1680 1612 1821 1706; x_wconf 84' lang='lat' dir='ltr'>largitor</span> <span class='ocrx_word' id='word_1_62' title='bbox 1854 1636 1910 1686; x_wconf 91' lang='lat' dir='ltr'>es:</span> <span class='ocrx_word' id='word_1_63' title='bbox 1945 1622 1981 1685; x_wconf 92' lang='lat' dir='ltr'>et</span> <span class='ocrx_word' id='word_1_64' title='bbox 2012 1623 2046 1685; x_wconf 85' lang='lat' dir='ltr'>te</span> 
     </span>
     <span class='ocr_line' id='line_1_8' title="bbox 677 1723 1769 1823; baseline 0.007 -30"><span class='ocrx_word' id='word_1_65' title='bbox 677 1723 774 1795; x_wconf 89' lang='lat' dir='ltr'>decet</span> <span class='ocrx_word' id='word_1_66' title='bbox 799 1724 922 1815; x_wconf 91' lang='lat' dir='ltr'>honor,</span> <span class='ocrx_word' id='word_1_67' title='bbox 948 1727 1071 1820; x_wconf 89' lang='lat' dir='ltr'>gloria,</span> <span class='ocrx_word' id='word_1_68' title='bbox 1100 1737 1133 1798; x_wconf 91' lang='lat' dir='ltr'>et</span> <span class='ocrx_word' id='word_1_69' title='bbox 1157 1732 1307 1823; x_wconf 88' lang='lat' dir='ltr'>potentia</span> <span class='ocrx_word' id='word_1_70' title='bbox 1334 1732 1366 1801; x_wconf 92' lang='lat' dir='ltr'>in</span> <span class='ocrx_word' id='word_1_71' title='bbox 1393 1732 1562 1821; x_wconf 91' lang='lat' dir='ltr'>unigenito</span> <span class='ocrx_word' id='word_1_72' title='bbox 1589 1728 1675 1801; x_wconf 85' lang='lat' dir='ltr'>Filio</span> <span class='ocrx_word' id='word_1_73' title='bbox 1701 1740 1769 1802; x_wconf 88' lang='lat' dir='ltr'>tua.</span> 
     </span>
    </p>

    <p class='ocr_par' dir='ltr' id='par_1_3' title="bbox 675 1841 2044 2380">
     <span class='ocr_line' id='line_1_9' title="bbox 780 1841 2044 1941; baseline 0.004 -29"><span class='ocrx_word' id='word_1_74' title='bbox 780 1841 955 1915; x_wconf 75' lang='lat' dir='ltr'>Sacerdos</span> <span class='ocrx_word' id='word_1_75' title='bbox 980 1844 1171 1916; x_wconf 81' lang='lat' dir='ltr'>inclinatas.</span> <span class='ocrx_word' id='word_1_76' title='bbox 1198 1842 1350 1937; x_wconf 85' lang='lat' dir='ltr'>Regibus</span> <span class='ocrx_word' id='word_1_77' title='bbox 1377 1844 1565 1917; x_wconf 89' lang='lat' dir='ltr'>timentibus</span> <span class='ocrx_word' id='word_1_78' title='bbox 1596 1844 1722 1935; x_wconf 70' lang='lat' dir='ltr'>Deum</span> <span class='ocrx_word' id='word_1_79' title='bbox 1754 1868 1872 1941; x_wconf 80' lang='lat' dir='ltr'>pacem</span> <span class='ocrx_word' id='word_1_80' title='bbox 1907 1855 2044 1941; x_wconf 82' lang='lat' dir='ltr'>praesta</span> 
     </span>
     <span class='ocr_line' id='line_1_10' title="bbox 676 1957 2044 2052; baseline 0.002 -23"><span class='ocrx_word' id='word_1_81' title='bbox 676 1957 833 2030; x_wconf 86' lang='lat' dir='ltr'>Domine:</span> <span class='ocrx_word' id='word_1_82' title='bbox 857 1959 986 2050; x_wconf 86' lang='lat' dir='ltr'>judices</span> <span class='ocrx_word' id='word_1_83' title='bbox 1012 1962 1142 2033; x_wconf 91' lang='lat' dir='ltr'>custodi</span> <span class='ocrx_word' id='word_1_84' title='bbox 1167 1965 1201 2032; x_wconf 93' lang='lat' dir='ltr'>in</span> <span class='ocrx_word' id='word_1_85' title='bbox 1227 1964 1348 2033; x_wconf 89' lang='lat' dir='ltr'>timore</span> <span class='ocrx_word' id='word_1_86' title='bbox 1384 1972 1454 2052; x_wconf 90' lang='lat' dir='ltr'>tuo,</span> <span class='ocrx_word' id='word_1_87' title='bbox 1489 1970 1523 2031; x_wconf 90' lang='lat' dir='ltr'>et</span> <span class='ocrx_word' id='word_1_88' title='bbox 1553 1964 1696 2033; x_wconf 89' lang='lat' dir='ltr'>omnium</span> <span class='ocrx_word' id='word_1_89' title='bbox 1729 1959 1872 2034; x_wconf 88' lang='lat' dir='ltr'>fidelium</span> <span class='ocrx_word' id='word_1_90' title='bbox 1903 1959 2044 2033; x_wconf 83' lang='lat' dir='ltr'>liliorum</span> 
     </span>
     <span class='ocr_line' id='line_1_11' title="bbox 675 2072 2042 2173; baseline 0.004 -31"><span class='ocrx_word' id='word_1_91' title='bbox 675 2072 851 2145; x_wconf 87' lang='lat' dir='ltr'>Ecclesiae</span> <span class='ocrx_word' id='word_1_92' title='bbox 870 2087 1006 2148; x_wconf 90' lang='lat' dir='ltr'>sanctae</span> <span class='ocrx_word' id='word_1_93' title='bbox 1020 2076 1213 2165; x_wconf 88' lang='lat' dir='ltr'>recordare,</span> <span class='ocrx_word' id='word_1_94' title='bbox 1240 2076 1371 2173; x_wconf 88' lang='lat' dir='ltr'>depelle</span> <span class='ocrx_word' id='word_1_95' title='bbox 1398 2075 1440 2148; x_wconf 92' lang='lat' dir='ltr'>ah</span> <span class='ocrx_word' id='word_1_96' title='bbox 1467 2081 1517 2148; x_wconf 91' lang='lat' dir='ltr'>eis</span> <span class='ocrx_word' id='word_1_97' title='bbox 1543 2075 1631 2148; x_wconf 87' lang='lat' dir='ltr'>hello</span> <span class='ocrx_word' id='word_1_98' title='bbox 1658 2087 1723 2148; x_wconf 83' lang='lat' dir='ltr'>tarn</span> <span class='ocrx_word' id='word_1_99' title='bbox 1739 2076 1921 2149; x_wconf 86' lang='lat' dir='ltr'>domestica</span> <span class='ocrx_word' id='word_1_100' title='bbox 1945 2097 2042 2171; x_wconf 81' lang='lat' dir='ltr'>quam</span> 
     </span>
     <span class='ocr_line' id='line_1_12' title="bbox 677 2191 2042 2290; baseline 0.002 -30"><span class='ocrx_word' id='word_1_101' title='bbox 677 2199 855 2263; x_wconf 85' lang='lat' dir='ltr'>extranea:</span> <span class='ocrx_word' id='word_1_102' title='bbox 884 2191 1058 2288; x_wconf 89' lang='lat' dir='ltr'>tranquilla</span> <span class='ocrx_word' id='word_1_103' title='bbox 1085 2196 1221 2265; x_wconf 89' lang='lat' dir='ltr'>civitate</span> <span class='ocrx_word' id='word_1_104' title='bbox 1248 2193 1475 2290; x_wconf 80' lang='lat' dir='ltr'>perfruantur,</span> <span class='ocrx_word' id='word_1_105' title='bbox 1502 2202 1536 2264; x_wconf 91' lang='lat' dir='ltr'>et</span> <span class='ocrx_word' id='word_1_106' title='bbox 1561 2192 1690 2266; x_wconf 91' lang='lat' dir='ltr'>custodi</span> <span class='ocrx_word' id='word_1_107' title='bbox 1716 2215 1777 2265; x_wconf 89' lang='lat' dir='ltr'>eos</span> <span class='ocrx_word' id='word_1_108' title='bbox 1804 2195 1903 2285; x_wconf 80' lang='lat' dir='ltr'>siguo</span> <span class='ocrx_word' id='word_1_109' title='bbox 1921 2193 2042 2263; x_wconf 84' lang='lat' dir='ltr'>victri-</span> 
     </span>
     <span class='ocr_line' id='line_1_13' title="bbox 676 2310 973 2380; baseline 0.017 -5"><span class='ocrx_word' id='word_1_110' title='bbox 676 2310 725 2377; x_wconf 91' lang='lat' dir='ltr'>cis</span> <span class='ocrx_word' id='word_1_111' title='bbox 752 2310 860 2378; x_wconf 90' lang='lat' dir='ltr'>crucis</span> <span class='ocrx_word' id='word_1_112' title='bbox 887 2320 973 2380; x_wconf 90' lang='lat' dir='ltr'>tuae.</span> 
     </span>
    </p>

    <p class='ocr_par' dir='ltr' id='par_1_4' title="bbox 674 2423 2076 3208">
     <span class='ocr_line' id='line_1_14' title="bbox 778 2423 2041 2521; baseline 0.002 -28"><span class='ocrx_word' id='word_1_113' title='bbox 778 2423 930 2495; x_wconf 81' lang='lat' dir='ltr'>Elerana</span> <span class='ocrx_word' id='word_1_114' title='bbox 955 2447 1080 2496; x_wconf 82' lang='lat' dir='ltr'>cacam.</span> <span class='ocrx_word' id='word_1_115' title='bbox 1107 2425 1379 2498; x_wconf 90' lang='lat' dir='ltr'>Persecutioncm</span> <span class='ocrx_word' id='word_1_116' title='bbox 1406 2427 1588 2521; x_wconf 91' lang='lat' dir='ltr'>patientes,</span> <span class='ocrx_word' id='word_1_117' title='bbox 1616 2433 1650 2495; x_wconf 95' lang='lat' dir='ltr'>et</span> <span class='ocrx_word' id='word_1_118' title='bbox 1675 2426 1828 2520; x_wconf 85' lang='lat' dir='ltr'>captivos</span> <span class='ocrx_word' id='word_1_119' title='bbox 1842 2426 1960 2516; x_wconf 86' lang='lat' dir='ltr'>gregis</span> <span class='ocrx_word' id='word_1_120' title='bbox 1986 2423 2041 2510; x_wconf 87' lang='lat' dir='ltr'>tui,</span> 
     </span>
     <span class='ocr_line' id='line_1_15' title="bbox 678 2537 2042 2642; baseline 0.001 -34"><span class='ocrx_word' id='word_1_121' title='bbox 678 2539 804 2631; x_wconf 89' lang='lat' dir='ltr'>dirige,</span> <span class='ocrx_word' id='word_1_122' title='bbox 831 2551 865 2610; x_wconf 90' lang='lat' dir='ltr'>et</span> <span class='ocrx_word' id='word_1_123' title='bbox 891 2540 1007 2629; x_wconf 86' lang='lat' dir='ltr'>salva,</span> <span class='ocrx_word' id='word_1_124' title='bbox 1032 2564 1094 2637; x_wconf 96' lang='lat' dir='ltr'>per</span> <span class='ocrx_word' id='word_1_125' title='bbox 1120 2541 1381 2614; x_wconf 88' lang='lat' dir='ltr'>misericordiam</span> <span class='ocrx_word' id='word_1_126' title='bbox 1408 2552 1497 2613; x_wconf 91' lang='lat' dir='ltr'>tuam</span> <span class='ocrx_word' id='word_1_127' title='bbox 1524 2543 1680 2642; x_wconf 82' lang='lat' dir='ltr'>Domine:</span> <span class='ocrx_word' id='word_1_128' title='bbox 1706 2543 1906 2632; x_wconf 87' lang='lat' dir='ltr'>navigantes</span> <span class='ocrx_word' id='word_1_129' title='bbox 1933 2537 2042 2610; x_wconf 87' lang='lat' dir='ltr'>addu-</span> 
     </span>
     <span class='ocr_line' id='line_1_16' title="bbox 675 2655 2041 2752; baseline 0.001 -27"><span class='ocrx_word' id='word_1_130' title='bbox 675 2658 741 2726; x_wconf 89' lang='lat' dir='ltr'>cito</span> <span class='ocrx_word' id='word_1_131' title='bbox 769 2655 811 2725; x_wconf 88' lang='lat' dir='ltr'>ad</span> <span class='ocrx_word' id='word_1_132' title='bbox 843 2665 973 2750; x_wconf 87' lang='lat' dir='ltr'>portum</span> <span class='ocrx_word' id='word_1_133' title='bbox 1005 2661 1209 2743; x_wconf 75' lang='lat' dir='ltr'>securitatis:</span> <span class='ocrx_word' id='word_1_134' title='bbox 1239 2659 1428 2752; x_wconf 82' lang='lat' dir='ltr'>peregrinis</span> <span class='ocrx_word' id='word_1_135' title='bbox 1459 2667 1533 2729; x_wconf 91' lang='lat' dir='ltr'>esto</span> <span class='ocrx_word' id='word_1_136' title='bbox 1566 2656 1683 2729; x_wconf 88' lang='lat' dir='ltr'>domus</span> <span class='ocrx_word' id='word_1_137' title='bbox 1714 2655 1856 2727; x_wconf 73' lang='lat' dir='ltr'>reditus:</span> <span class='ocrx_word' id='word_1_138' title='bbox 1888 2659 1924 2727; x_wconf 90' lang='lat' dir='ltr'>iu</span> <span class='ocrx_word' id='word_1_139' title='bbox 1955 2657 2041 2726; x_wconf 77' lang='lat' dir='ltr'>um</span> 
     </span>
     <span class='ocr_line' id='line_1_17' title="bbox 674 2768 2040 2866; baseline 0.001 -25"><span class='ocrx_word' id='word_1_140' title='bbox 674 2768 834 2865; x_wconf 83' lang='lat' dir='ltr'>profectis</span> <span class='ocrx_word' id='word_1_141' title='bbox 862 2781 935 2842; x_wconf 90' lang='lat' dir='ltr'>esto</span> <span class='ocrx_word' id='word_1_142' title='bbox 962 2775 1087 2844; x_wconf 89' lang='lat' dir='ltr'>itineris</span> <span class='ocrx_word' id='word_1_143' title='bbox 1114 2795 1245 2845; x_wconf 89' lang='lat' dir='ltr'>comes:</span> <span class='ocrx_word' id='word_1_144' title='bbox 1271 2773 1466 2864; x_wconf 88' lang='lat' dir='ltr'>Religiosis,</span> <span class='ocrx_word' id='word_1_145' title='bbox 1493 2783 1526 2844; x_wconf 93' lang='lat' dir='ltr'>et</span> <span class='ocrx_word' id='word_1_146' title='bbox 1541 2769 1728 2860; x_wconf 86' lang='lat' dir='ltr'>hlonachis,</span> <span class='ocrx_word' id='word_1_147' title='bbox 1755 2781 1789 2842; x_wconf 90' lang='lat' dir='ltr'>et</span> <span class='ocrx_word' id='word_1_148' title='bbox 1814 2774 1854 2843; x_wconf 93' lang='lat' dir='ltr'>iis</span> <span class='ocrx_word' id='word_1_149' title='bbox 1877 2774 1934 2865; x_wconf 89' lang='lat' dir='ltr'>qui</span> <span class='ocrx_word' id='word_1_150' title='bbox 1959 2791 2040 2866; x_wconf 82' lang='lat' dir='ltr'>spc-</span> 
     </span>
     <span class='ocr_line' id='line_1_18' title="bbox 674 2884 2040 2982; baseline -0.001 -26"><span class='ocrx_word' id='word_1_151' title='bbox 674 2886 779 2958; x_wconf 91' lang='lat' dir='ltr'>luncis</span> <span class='ocrx_word' id='word_1_152' title='bbox 806 2898 917 2958; x_wconf 90' lang='lat' dir='ltr'>terrae</span> <span class='ocrx_word' id='word_1_153' title='bbox 943 2888 1160 2977; x_wconf 90' lang='lat' dir='ltr'>delitescunt,</span> <span class='ocrx_word' id='word_1_154' title='bbox 1186 2889 1285 2961; x_wconf 85' lang='lat' dir='ltr'>finem</span> <span class='ocrx_word' id='word_1_155' title='bbox 1312 2889 1460 2981; x_wconf 90' lang='lat' dir='ltr'>religiosi</span> <span class='ocrx_word' id='word_1_156' title='bbox 1487 2887 1582 2981; x_wconf 86' lang='lat' dir='ltr'>hujus</span> <span class='ocrx_word' id='word_1_157' title='bbox 1607 2889 1772 2982; x_wconf 90' lang='lat' dir='ltr'>propositi</span> <span class='ocrx_word' id='word_1_158' title='bbox 1805 2884 1975 2973; x_wconf 86' lang='lat' dir='ltr'>concede,</span> <span class='ocrx_word' id='word_1_159' title='bbox 2009 2893 2040 2955; x_wconf 87' lang='lat' dir='ltr'>et</span> 
     </span>
     <span class='ocr_line' id='line_1_19' title="bbox 674 2999 2038 3097; baseline 0.002 -27"><span class='ocrx_word' id='word_1_160' title='bbox 674 3005 751 3095; x_wconf 89' lang='lat' dir='ltr'>quia</span> <span class='ocrx_word' id='word_1_161' title='bbox 779 3023 895 3074; x_wconf 90' lang='lat' dir='ltr'>omnes</span> <span class='ocrx_word' id='word_1_162' title='bbox 922 3026 996 3076; x_wconf 91' lang='lat' dir='ltr'>cum</span> <span class='ocrx_word' id='word_1_163' title='bbox 1023 3027 1150 3076; x_wconf 90' lang='lat' dir='ltr'>summa</span> <span class='ocrx_word' id='word_1_164' title='bbox 1177 3028 1257 3077; x_wconf 90' lang='lat' dir='ltr'>cura</span> <span class='ocrx_word' id='word_1_165' title='bbox 1272 3004 1414 3095; x_wconf 88' lang='lat' dir='ltr'>adjuvas</span> <span class='ocrx_word' id='word_1_166' title='bbox 1427 3003 1583 3093; x_wconf 89' lang='lat' dir='ltr'>Domine,</span> <span class='ocrx_word' id='word_1_167' title='bbox 1609 3026 1655 3074; x_wconf 84' lang='lat' dir='ltr'>ex</span> <span class='ocrx_word' id='word_1_168' title='bbox 1682 3000 1833 3075; x_wconf 90' lang='lat' dir='ltr'>omnihus</span> <span class='ocrx_word' id='word_1_169' title='bbox 1857 2999 2038 3097; x_wconf 70' lang='lat' dir='ltr'>refermus</span> 
     </span>
     <span class='ocr_line' id='line_1_20' title="bbox 674 3114 2076 3208; baseline 0.005 -21"><span class='ocrx_word' id='word_1_170' title='bbox 674 3114 734 3187; x_wconf 89' lang='lat' dir='ltr'>tihi</span> <span class='ocrx_word' id='word_1_171' title='bbox 760 3117 911 3208; x_wconf 81' lang='lat' dir='ltr'>gloriani.</span> <span class='ocrx_word' id='word_1_172' title='bbox 2072 3197 2076 3204; x_wconf 72' lang='grc'>,</span> 
     </span>
    </p>

    <p class='ocr_par' dir='ltr' id='par_1_5' title="bbox 674 3231 2039 3559">
     <span class='ocr_line' id='line_1_21' title="bbox 778 3231 2038 3308; baseline 0.001 -5"><span class='ocrx_word' id='word_1_173' title='bbox 778 3233 953 3305; x_wconf 83' lang='lat' dir='ltr'>Sacerdos</span> <span class='ocrx_word' id='word_1_174' title='bbox 978 3234 1169 3307; x_wconf 83' lang='lat' dir='ltr'>inclinatas.</span> <span class='ocrx_word' id='word_1_175' title='bbox 1194 3235 1251 3307; x_wconf 87' lang='lat' dir='ltr'>Ad</span> <span class='ocrx_word' id='word_1_176' title='bbox 1278 3236 1384 3308; x_wconf 89' lang='lat' dir='ltr'>altare</span> <span class='ocrx_word' id='word_1_177' title='bbox 1409 3247 1499 3308; x_wconf 87' lang='lat' dir='ltr'>tuum</span> <span class='ocrx_word' id='word_1_178' title='bbox 1532 3233 1682 3308; x_wconf 93' lang='lat' dir='ltr'>coeleste</span> <span class='ocrx_word' id='word_1_179' title='bbox 1717 3240 1752 3305; x_wconf 91' lang='lat' dir='ltr'>et</span> <span class='ocrx_word' id='word_1_180' title='bbox 1777 3232 1819 3305; x_wconf 90' lang='lat' dir='ltr'>ad</span> <span class='ocrx_word' id='word_1_181' title='bbox 1852 3231 1939 3306; x_wconf 92' lang='lat' dir='ltr'>istud</span> <span class='ocrx_word' id='word_1_182' title='bbox 1964 3232 2038 3304; x_wconf 92' lang='lat' dir='ltr'>Do-</span> 
     </span>
     <span class='ocr_line' id='line_1_22' title="bbox 674 3343 2039 3448; baseline 0.002 -31"><span class='ocrx_word' id='word_1_183' title='bbox 674 3351 783 3438; x_wconf 90' lang='lat' dir='ltr'>mine,</span> <span class='ocrx_word' id='word_1_184' title='bbox 810 3361 976 3423; x_wconf 89' lang='lat' dir='ltr'>memento</span> <span class='ocrx_word' id='word_1_185' title='bbox 1002 3373 1089 3423; x_wconf 91' lang='lat' dir='ltr'>nunc</span> <span class='ocrx_word' id='word_1_186' title='bbox 1111 3351 1361 3448; x_wconf 84' lang='lat' dir='ltr'>Prophetarum,</span> <span class='ocrx_word' id='word_1_187' title='bbox 1388 3352 1640 3448; x_wconf 85' lang='lat' dir='ltr'>Apostolorum,</span> <span class='ocrx_word' id='word_1_188' title='bbox 1666 3350 1864 3446; x_wconf 65' lang='lat' dir='ltr'>Martyrum,</span> <span class='ocrx_word' id='word_1_189' title='bbox 1891 3343 2039 3422; x_wconf 78' lang='lat' dir='ltr'>Confes-</span> 
     </span>
     <span class='ocr_line' id='line_1_23' title="bbox 674 3464 2039 3559; baseline -0.001 -25"><span class='ocrx_word' id='word_1_190' title='bbox 674 3486 807 3551; x_wconf 86' lang='lat' dir='ltr'>sorum,</span> <span class='ocrx_word' id='word_1_191' title='bbox 833 3466 1134 3554; x_wconf 89' lang='lat' dir='ltr'>Annunciatorum,</span> <span class='ocrx_word' id='word_1_192' title='bbox 1161 3467 1452 3551; x_wconf 87' lang='lat' dir='ltr'>Praedicatorum,</span> <span class='ocrx_word' id='word_1_193' title='bbox 1480 3478 1513 3540; x_wconf 91' lang='lat' dir='ltr'>et</span> <span class='ocrx_word' id='word_1_194' title='bbox 1531 3464 1835 3558; x_wconf 84' lang='lat' dir='ltr'>Evangelistarum:</span> <span class='ocrx_word' id='word_1_195' title='bbox 1863 3466 2039 3559; x_wconf 86' lang='lat' dir='ltr'>praecipuo</span> 
     </span>
    </p>

    <p class='ocr_par' dir='ltr' id='par_1_6' title="bbox 591 3530 2039 3907">
     <span class='ocr_line' id='line_1_24' title="bbox 591 3530 2039 3676; baseline -0.001 -26"><span class='ocrx_word' id='word_1_196' title='bbox 591 3530 649 3633; x_wconf 66' lang='lat'>(⁴1</span> <span class='ocrx_word' id='word_1_197' title='bbox 675 3588 812 3650; x_wconf 90' lang='lat' dir='ltr'>sanctae</span> <span class='ocrx_word' id='word_1_198' title='bbox 838 3580 954 3653; x_wconf 90' lang='lat' dir='ltr'>lllatris</span> <span class='ocrx_word' id='word_1_199' title='bbox 989 3581 1054 3652; x_wconf 92' lang='lat' dir='ltr'>Dei</span> <span class='ocrx_word' id='word_1_200' title='bbox 1088 3605 1286 3676; x_wconf 87' lang='lat' dir='ltr'>semperque</span> <span class='ocrx_word' id='word_1_201' title='bbox 1318 3583 1467 3676; x_wconf 89' lang='lat' dir='ltr'>Virginis</span> <span class='ocrx_word' id='word_1_202' title='bbox 1500 3583 1626 3654; x_wconf 88' lang='lat' dir='ltr'>Beatae</span> <span class='ocrx_word' id='word_1_203' title='bbox 1660 3580 1805 3668; x_wconf 87' lang='lat' dir='ltr'>hlariae,</span> <span class='ocrx_word' id='word_1_204' title='bbox 1839 3587 1874 3651; x_wconf 90' lang='lat' dir='ltr'>et</span> <span class='ocrx_word' id='word_1_205' title='bbox 1903 3577 2039 3649; x_wconf 77' lang='lat' dir='ltr'>tornois</span> 
     </span>
     <span class='ocr_line' id='line_1_25' title="bbox 673 3692 2039 3794; baseline 0.002 -32"><span class='ocrx_word' id='word_1_206' title='bbox 673 3699 905 3787; x_wconf 88' lang='lat' dir='ltr'>praecursoris</span> <span class='ocrx_word' id='word_1_207' title='bbox 931 3697 1114 3792; x_wconf 90' lang='lat' dir='ltr'>Baptistae,</span> <span class='ocrx_word' id='word_1_208' title='bbox 1142 3709 1175 3768; x_wconf 90' lang='lat' dir='ltr'>ct</span> <span class='ocrx_word' id='word_1_209' title='bbox 1201 3696 1360 3793; x_wconf 89' lang='lat' dir='ltr'>Stephani</span> <span class='ocrx_word' id='word_1_210' title='bbox 1386 3702 1482 3794; x_wconf 90' lang='lat' dir='ltr'>primi</span> <span class='ocrx_word' id='word_1_211' title='bbox 1508 3698 1746 3784; x_wconf 90' lang='lat' dir='ltr'>Diaconorum,</span> <span class='ocrx_word' id='word_1_212' title='bbox 1772 3702 1807 3765; x_wconf 90' lang='lat' dir='ltr'>et</span> <span class='ocrx_word' id='word_1_213' title='bbox 1832 3694 1929 3790; x_wconf 90' lang='lat' dir='ltr'>primi</span> <span class='ocrx_word' id='word_1_214' title='bbox 1944 3692 2039 3765; x_wconf 78' lang='lat' dir='ltr'>hiar-</span> 
     </span>
     <span class='ocr_line' id='line_1_26' title="bbox 676 3810 1480 3907; baseline 0.006 -28"><span class='ocrx_word' id='word_1_215' title='bbox 676 3819 787 3904; x_wconf 68' lang='lat' dir='ltr'>tyrunr</span> <span class='ocrx_word' id='word_1_216' title='bbox 814 3810 1083 3907; x_wconf 87' lang='lat' dir='ltr'>reliquorumque</span> <span class='ocrx_word' id='word_1_217' title='bbox 1110 3822 1298 3885; x_wconf 87' lang='lat' dir='ltr'>sanctorum</span> <span class='ocrx_word' id='word_1_218' title='bbox 1327 3817 1480 3886; x_wconf 89' lang='lat' dir='ltr'>omnium.</span> 
     </span>
    </p>

    <p class='ocr_par' dir='ltr' id='par_1_7' title="bbox 675 3923 2045 4827">
     <span class='ocr_line' id='line_1_27' title="bbox 779 3923 2039 4023; baseline 0.002 -28"><span class='ocrx_word' id='word_1_219' title='bbox 779 3926 927 3997; x_wconf 72' lang='lat' dir='ltr'>hlasana</span> <span class='ocrx_word' id='word_1_220' title='bbox 953 3950 1076 3998; x_wconf 81' lang='lat' dir='ltr'>rocam.</span> <span class='ocrx_word' id='word_1_221' title='bbox 1104 3927 1148 4000; x_wconf 83' lang='lat' dir='ltr'>Et</span> <span class='ocrx_word' id='word_1_222' title='bbox 1174 3940 1327 4023; x_wconf 89' lang='lat' dir='ltr'>tanquam</span> <span class='ocrx_word' id='word_1_223' title='bbox 1354 3928 1481 4018; x_wconf 91' lang='lat' dir='ltr'>honus,</span> <span class='ocrx_word' id='word_1_224' title='bbox 1507 3942 1541 4001; x_wconf 90' lang='lat' dir='ltr'>et</span> <span class='ocrx_word' id='word_1_225' title='bbox 1566 3932 1686 4000; x_wconf 90' lang='lat' dir='ltr'>veniae</span> <span class='ocrx_word' id='word_1_226' title='bbox 1718 3926 1859 4018; x_wconf 91' lang='lat' dir='ltr'>largitor</span> <span class='ocrx_word' id='word_1_227' title='bbox 1884 3923 2039 4011; x_wconf 81' lang='lat' dir='ltr'>Domine,</span> 
     </span>
     <span class='ocr_line' id='line_1_28' title="bbox 677 4042 2041 4137; baseline 0.004 -29"><span class='ocrx_word' id='word_1_228' title='bbox 677 4063 797 4131; x_wconf 89' lang='lat' dir='ltr'>agmen</span> <span class='ocrx_word' id='word_1_229' title='bbox 832 4043 1103 4137; x_wconf 88' lang='lat' dir='ltr'>triumphatorum</span> <span class='ocrx_word' id='word_1_230' title='bbox 1130 4045 1431 4137; x_wconf 78' lang='lat' dir='ltr'>illorumadjuuge</span> <span class='ocrx_word' id='word_1_231' title='bbox 1452 4046 1494 4117; x_wconf 92' lang='lat' dir='ltr'>ad</span> <span class='ocrx_word' id='word_1_232' title='bbox 1510 4045 1665 4117; x_wconf 86' lang='lat' dir='ltr'>auxilium</span> <span class='ocrx_word' id='word_1_233' title='bbox 1682 4042 1874 4115; x_wconf 88' lang='lat' dir='ltr'>infirmitatis</span> <span class='ocrx_word' id='word_1_234' title='bbox 1893 4052 2041 4128; x_wconf 81' lang='lat' dir='ltr'>nostras,</span> 
     </span>
     <span class='ocr_line' id='line_1_29' title="bbox 676 4155 2043 4248; baseline -0.001 -21"><span class='ocrx_word' id='word_1_235' title='bbox 676 4155 811 4227; x_wconf 89' lang='lat' dir='ltr'>ordines</span> <span class='ocrx_word' id='word_1_236' title='bbox 838 4158 966 4231; x_wconf 87' lang='lat' dir='ltr'>illorum</span> <span class='ocrx_word' id='word_1_237' title='bbox 993 4156 1131 4248; x_wconf 88' lang='lat' dir='ltr'>heatus,</span> <span class='ocrx_word' id='word_1_238' title='bbox 1160 4171 1282 4233; x_wconf 90' lang='lat' dir='ltr'>turmas</span> <span class='ocrx_word' id='word_1_239' title='bbox 1311 4184 1425 4234; x_wconf 88' lang='lat' dir='ltr'>eorum</span> <span class='ocrx_word' id='word_1_240' title='bbox 1454 4159 1682 4247; x_wconf 88' lang='lat' dir='ltr'>admirabiles,</span> <span class='ocrx_word' id='word_1_241' title='bbox 1716 4180 1891 4231; x_wconf 90' lang='lat' dir='ltr'>occursum</span> <span class='ocrx_word' id='word_1_242' title='bbox 1926 4176 2043 4228; x_wconf 88' lang='lat' dir='ltr'>eornm</span> 
     </span>
     <span class='ocr_line' id='line_1_30' title="bbox 675 4269 2043 4366; baseline 0.001 -27"><span class='ocrx_word' id='word_1_243' title='bbox 675 4272 902 4366; x_wconf 87' lang='lat' dir='ltr'>praeclarum,</span> <span class='ocrx_word' id='word_1_244' title='bbox 936 4273 1058 4346; x_wconf 84' lang='lat' dir='ltr'>festum</span> <span class='ocrx_word' id='word_1_245' title='bbox 1093 4298 1209 4348; x_wconf 89' lang='lat' dir='ltr'>eornm</span> <span class='ocrx_word' id='word_1_246' title='bbox 1240 4276 1491 4362; x_wconf 88' lang='lat' dir='ltr'>laetabundum,</span> <span class='ocrx_word' id='word_1_247' title='bbox 1526 4287 1646 4349; x_wconf 88' lang='lat' dir='ltr'>statum</span> <span class='ocrx_word' id='word_1_248' title='bbox 1679 4297 1793 4347; x_wconf 84' lang='lat' dir='ltr'>eorum</span> <span class='ocrx_word' id='word_1_249' title='bbox 1824 4272 1964 4359; x_wconf 88' lang='lat' dir='ltr'>laetum,</span> <span class='ocrx_word' id='word_1_250' title='bbox 2001 4269 2043 4341; x_wconf 84' lang='lat' dir='ltr'>ad</span> 
     </span>
     <span class='ocr_line' id='line_1_31' title="bbox 676 4387 2043 4488; baseline 0.001 -31"><span class='ocrx_word' id='word_1_251' title='bbox 676 4387 824 4458; x_wconf 91' lang='lat' dir='ltr'>ordinem</span> <span class='ocrx_word' id='word_1_252' title='bbox 853 4388 1056 4481; x_wconf 81' lang='lat' dir='ltr'>doxologiac</span> <span class='ocrx_word' id='word_1_253' title='bbox 1083 4413 1198 4462; x_wconf 90' lang='lat' dir='ltr'>eorum</span> <span class='ocrx_word' id='word_1_254' title='bbox 1230 4393 1440 4487; x_wconf 86' lang='lat' dir='ltr'>praeclarae,</span> <span class='ocrx_word' id='word_1_255' title='bbox 1474 4404 1508 4464; x_wconf 88' lang='lat' dir='ltr'>et</span> <span class='ocrx_word' id='word_1_256' title='bbox 1546 4415 1607 4488; x_wconf 91' lang='lat' dir='ltr'>per</span> <span class='ocrx_word' id='word_1_257' title='bbox 1641 4392 1900 4463; x_wconf 90' lang='lat' dir='ltr'>intercessiones</span> <span class='ocrx_word' id='word_1_258' title='bbox 1926 4409 2043 4461; x_wconf 88' lang='lat' dir='ltr'>eorum</span> 
     </span>
     <span class='ocr_line' id='line_1_32' title="bbox 676 4502 2043 4600; baseline 0.003 -29"><span class='ocrx_word' id='word_1_259' title='bbox 676 4504 896 4597; x_wconf 90' lang='lat' dir='ltr'>suscipiantur</span> <span class='ocrx_word' id='word_1_260' title='bbox 923 4505 1129 4595; x_wconf 75' lang='lat' dir='ltr'>oblationeS,</span> <span class='ocrx_word' id='word_1_261' title='bbox 1157 4507 1324 4600; x_wconf 89' lang='lat' dir='ltr'>decimae,</span> <span class='ocrx_word' id='word_1_262' title='bbox 1352 4519 1386 4579; x_wconf 91' lang='lat' dir='ltr'>et</span> <span class='ocrx_word' id='word_1_263' title='bbox 1411 4512 1580 4580; x_wconf 90' lang='lat' dir='ltr'>orationes</span> <span class='ocrx_word' id='word_1_264' title='bbox 1608 4518 1755 4594; x_wconf 82' lang='lat' dir='ltr'>nostrae,</span> <span class='ocrx_word' id='word_1_265' title='bbox 1782 4526 1896 4578; x_wconf 84' lang='lat' dir='ltr'>coram</span> <span class='ocrx_word' id='word_1_266' title='bbox 1923 4502 2043 4576; x_wconf 58' lang='lat' dir='ltr'>hono</span> 
     </span>
     <span class='ocr_line' id='line_1_33' title="bbox 675 4617 2045 4713; baseline 0.003 -27"><span class='ocrx_word' id='word_1_267' title='bbox 675 4617 872 4712; x_wconf 86' lang='lat' dir='ltr'>praeclarae</span> <span class='ocrx_word' id='word_1_268' title='bbox 899 4625 1081 4713; x_wconf 88' lang='lat' dir='ltr'>majestatis</span> <span class='ocrx_word' id='word_1_269' title='bbox 1110 4632 1204 4710; x_wconf 90' lang='lat' dir='ltr'>tuae,</span> <span class='ocrx_word' id='word_1_270' title='bbox 1237 4634 1272 4694; x_wconf 91' lang='lat' dir='ltr'>et</span> <span class='ocrx_word' id='word_1_271' title='bbox 1302 4648 1374 4695; x_wconf 90' lang='lat' dir='ltr'>cum</span> <span class='ocrx_word' id='word_1_272' title='bbox 1402 4627 1462 4713; x_wconf 88' lang='lat' dir='ltr'>iis,</span> <span class='ocrx_word' id='word_1_273' title='bbox 1495 4634 1529 4695; x_wconf 89' lang='lat' dir='ltr'>et</span> <span class='ocrx_word' id='word_1_274' title='bbox 1564 4628 1736 4695; x_wconf 89' lang='lat' dir='ltr'>intereos</span> <span class='ocrx_word' id='word_1_275' title='bbox 1768 4620 1953 4693; x_wconf 84' lang='lat' dir='ltr'>referemus</span> <span class='ocrx_word' id='word_1_276' title='bbox 1986 4618 2045 4691; x_wconf 93' lang='lat' dir='ltr'>tihi</span> 
     </span>
     <span class='ocr_line' id='line_1_34' title="bbox 675 4731 1304 4827; baseline 0.013 -25"><span class='ocrx_word' id='word_1_277' title='bbox 675 4731 834 4823; x_wconf 89' lang='lat' dir='ltr'>gloriam,</span> <span class='ocrx_word' id='word_1_278' title='bbox 862 4746 896 4806; x_wconf 90' lang='lat' dir='ltr'>et</span> <span class='ocrx_word' id='word_1_279' title='bbox 922 4741 1101 4827; x_wconf 89' lang='lat' dir='ltr'>gratiarum</span> <span class='ocrx_word' id='word_1_280' title='bbox 1130 4741 1304 4810; x_wconf 92' lang='lat' dir='ltr'>actionem.</span> 
     </span>
    </p>

    <p class='ocr_par' dir='ltr' id='par_1_8' title="bbox 676 4849 2050 5297">
     <span class='ocr_line' id='line_1_35' title="bbox 780 4849 2047 4949; baseline 0.007 -33"><span class='ocrx_word' id='word_1_281' title='bbox 780 4849 955 4921; x_wconf 82' lang='lat' dir='ltr'>Sacerdos</span> <span class='ocrx_word' id='word_1_282' title='bbox 980 4854 1171 4925; x_wconf 77' lang='lat' dir='ltr'>irretiantur.</span> <span class='ocrx_word' id='word_1_283' title='bbox 1197 4852 1382 4927; x_wconf 90' lang='lat' dir='ltr'>Doctorum</span> <span class='ocrx_word' id='word_1_284' title='bbox 1406 4854 1621 4949; x_wconf 87' lang='lat' dir='ltr'>probatarum</span> <span class='ocrx_word' id='word_1_285' title='bbox 1649 4862 1683 4925; x_wconf 91' lang='lat' dir='ltr'>et</span> <span class='ocrx_word' id='word_1_286' title='bbox 1709 4871 1865 4924; x_wconf 83' lang='lat' dir='ltr'>verorum</span> <span class='ocrx_word' id='word_1_287' title='bbox 1891 4849 2047 4949; x_wconf 80' lang='lat' dir='ltr'>Episco-</span> 
     </span>
     <span class='ocr_line' id='line_1_36' title="bbox 676 4967 2050 5066; baseline 0.006 -32"><span class='ocrx_word' id='word_1_288' title='bbox 676 4986 815 5058; x_wconf 88' lang='lat' dir='ltr'>porum,</span> <span class='ocrx_word' id='word_1_289' title='bbox 843 4978 1031 5039; x_wconf 84' lang='lat' dir='ltr'>sanctorum</span> <span class='ocrx_word' id='word_1_290' title='bbox 1057 4973 1290 5065; x_wconf 90' lang='lat' dir='ltr'>inspiratorum</span> <span class='ocrx_word' id='word_1_291' title='bbox 1319 4995 1338 5042; x_wconf 90' lang='lat' dir='ltr'>a</span> <span class='ocrx_word' id='word_1_292' title='bbox 1366 4971 1489 5066; x_wconf 88' lang='lat' dir='ltr'>Spiritu</span> <span class='ocrx_word' id='word_1_293' title='bbox 1522 4981 1635 5044; x_wconf 90' lang='lat' dir='ltr'>sancto</span> <span class='ocrx_word' id='word_1_294' title='bbox 1672 4973 1727 5064; x_wconf 91' lang='lat' dir='ltr'>qui</span> <span class='ocrx_word' id='word_1_295' title='bbox 1760 4967 1880 5041; x_wconf 90' lang='lat' dir='ltr'>dudum</span> <span class='ocrx_word' id='word_1_296' title='bbox 1912 4970 1948 5039; x_wconf 92' lang='lat' dir='ltr'>in</span> <span class='ocrx_word' id='word_1_297' title='bbox 1980 4967 2050 5042; x_wconf 85' lang='lat' dir='ltr'>lide</span> 
     </span>
     <span class='ocr_line' id='line_1_37' title="bbox 678 5077 2049 5181; baseline 0.007 -33"><span class='ocrx_word' id='word_1_298' title='bbox 678 5077 865 5152; x_wconf 84' lang='lat' dir='ltr'>orthodoxa</span> <span class='ocrx_word' id='word_1_299' title='bbox 894 5083 1064 5172; x_wconf 88' lang='lat' dir='ltr'>obierunt,</span> <span class='ocrx_word' id='word_1_300' title='bbox 1091 5094 1255 5156; x_wconf 89' lang='lat' dir='ltr'>memento</span> <span class='ocrx_word' id='word_1_301' title='bbox 1282 5085 1424 5157; x_wconf 88' lang='lat' dir='ltr'>Domine</span> <span class='ocrx_word' id='word_1_302' title='bbox 1446 5108 1507 5181; x_wconf 93' lang='lat' dir='ltr'>per</span> <span class='ocrx_word' id='word_1_303' title='bbox 1521 5085 1782 5157; x_wconf 87' lang='lat' dir='ltr'>misericordiam</span> <span class='ocrx_word' id='word_1_304' title='bbox 1800 5093 1907 5157; x_wconf 90' lang='lat' dir='ltr'>tuam:</span> <span class='ocrx_word' id='word_1_305' title='bbox 1934 5104 2049 5180; x_wconf 78' lang='lat' dir='ltr'>prae-</span> 
     </span>
     <span class='ocr_line' id='line_1_38' title="bbox 677 5195 2050 5297; baseline 0.009 -35"><span class='ocrx_word' id='word_1_306' title='bbox 677 5195 773 5288; x_wconf 91' lang='lat' dir='ltr'>cipue</span> <span class='ocrx_word' id='word_1_307' title='bbox 801 5218 903 5286; x_wconf 87' lang='lat' dir='ltr'>vero,</span> <span class='ocrx_word' id='word_1_308' title='bbox 934 5208 967 5269; x_wconf 88' lang='lat' dir='ltr'>ct</span> <span class='ocrx_word' id='word_1_309' title='bbox 992 5203 1194 5288; x_wconf 89' lang='lat' dir='ltr'>nominatim,</span> <span class='ocrx_word' id='word_1_310' title='bbox 1221 5202 1350 5292; x_wconf 88' lang='lat' dir='ltr'>lgnatii,</span> <span class='ocrx_word' id='word_1_311' title='bbox 1378 5202 1549 5297; x_wconf 72' lang='lat' dir='ltr'>Dionysii,</span> <span class='ocrx_word' id='word_1_312' title='bbox 1569 5200 1761 5289; x_wconf 90' lang='lat' dir='ltr'>Clementis,</span> <span class='ocrx_word' id='word_1_313' title='bbox 1787 5201 1906 5289; x_wconf 86' lang='lat' dir='ltr'>Marci,</span> <span class='ocrx_word' id='word_1_314' title='bbox 1928 5199 2050 5274; x_wconf 86' lang='lat' dir='ltr'>Pauli:</span> 
     </span>
    </p>
   </div>
   <div class='ocr_carea' id='block_1_3' title="bbox 0 0 2580 6534">
    <p class='ocr_par' dir='ltr' id='par_1_9' title="bbox 0 0 2580 6534">
     <span class='ocr_line' id='line_1_39' title="bbox 0 0 2580 6534; baseline 0 0"><span class='ocrx_word' id='word_1_315' title='bbox 0 0 2580 6534; x_wconf 95' lang='lat' dir='ltr'> </span> 
     </span>
    </p>
   </div>
  </div>
 </body>
</html>
