5150 6534
594 773 671 849 256
853 777 855 781 ’
1096 774 1528 852 tttttadtn-

592 959 819 1049 †benedixit,
845 969 866 1044 †
893 960 1119 1046 sanctificavit,
1145 968 1166 1043 †
1192 959 1306 1053 fregit,
1334 960 1488 1055 deditque
1515 960 1682 1056 discipulis
1709 963 1791 1048 suis,
1827 960 1955 1035 dicens:

593 1076 760 1171 Accipite,
788 1077 964 1150 comedite:
996 1075 1111 1149 2Ηοο
1138 1085 1189 1148 ast
1215 1099 1338 1173 corpus
1364 1099 1493 1163 meum,
1527 1076 1615 1171 quod
1642 1077 1737 1150 datur
1763 1076 1806 1147 ad
1831 1080 1955 1150 remia-

593 1195 722 1265 sionem
748 1204 974 1286 peccatorum,
1001 1205 1035 1266 et
1060 1196 1163 1265 vitam
1189 1214 1323 1279 novam,
1352 1214 1438 1287 quae
1463 1201 1516 1264 est
1541 1195 1572 1262 in
1600 1201 1781 1265 aeternum.

523 1295 526 1302 ’
695 1307 878 1380 Sacerdos.
931 1308 1087 1380 Similiter
1113 1319 1223 1380 autem
1250 1319 1284 1379 et
1317 1307 1455 1380 calicem
1491 1312 1621 1403 accepit
1653 1317 1674 1392 †
1709 1320 1743 1381 et
1775 1307 1958 1399 benedixit,

592 1432 613 1507 †
640 1424 794 1518 deditque
826 1424 994 1521 discipulis
1025 1428 1111 1513 suis,
1146 1436 1180 1497 et
1204 1432 1225 1507 †
1252 1423 1352 1498 dixit:
1386 1426 1560 1520 Accipite,
1595 1422 1698 1498 bibite
1737 1449 1784 1497 ex
1815 1448 1860 1497 eo
1893 1448 1957 1498 vos

594 1561 726 1613 omnes:
753 1538 815 1611 Hic
842 1550 894 1612 est
919 1542 1055 1631 sanguis
1081 1562 1187 1631 meus,
1216 1542 1270 1635 qui
1297 1562 1360 1635 pro
1387 1539 1487 1612 vobis
1513 1539 1656 1612 funditur
1678 1541 1720 1612 ad
1734 1543 1958 1637 expiationem

583 1654 806 1743 delictorum,
839 1658 1070 1728 remissionem
1101 1666 1335 1751 peccatorum,
1369 1666 1403 1727 et
1434 1659 1537 1728 vitam
1570 1677 1692 1728 novam
1725 1679 1812 1752 quae
1843 1666 1896 1727 est
1926 1659 1959 1729 in

595 1780 775 1842 aeternum.
827 1771 989 1865 Priusque
1015 1775 1186 1868 praecepit
1211 1776 1272 1860 eis,
1300 1771 1431 1843 dicens:
1459 1772 1740 1864 Quotiescumque
1765 1774 1959 1867 mysterium

594 1884 659 1957 hoc
692 1885 837 1959 laetitiae
872 1885 1098 1973 celebrabitis,
1134 1890 1249 1959 mortis
1284 1898 1318 1959 et
1349 1891 1603 1960 resurrectionis
1637 1910 1733 1960 meae
1765 1892 1960 1960 memoriam

597 2005 716 2093 agetis,
743 2002 849 2072 donec
876 2006 1018 2074 veniam.

698 2117 858 2210 Papulas.
911 2118 1029 2190 Mortis
1056 2127 1134 2189 tuae
1160 2117 1312 2191 Domine.

698 2232 880 2305 Sacerdos.
915 2232 988 2305 Nos
1009 2234 1150 2305 Domine
1168 2238 1271 2321 seryi,
1284 2245 1482 2330 peccatores
1496 2244 1529 2305 et
1545 2237 1749 2329 insipientes,
1767 2238 1959 2306 memoriam

582 2351 724 2439 -egimus
751 2353 857 2421 omnis
888 2349 1017 2445 periodi
1049 2349 1304 2445 dispensationis
1339 2360 1416 2421 tuae
1449 2350 1622 2438 salutaria,
1654 2337 1883 2445 adventusque
1915 2353 1960 2422 toi

595 2463 743 2553 secundi,
770 2463 925 2538 terribilis
953 2476 987 2536 et
1012 2465 1163 2557 gloriosi,
1191 2487 1290 2559 quem
1316 2475 1496 2536 trementes
1522 2468 1790 2560 expavescimus.
1819 2465 1958 2540 Oratio-

594 2601 670 2650 nem
699 2588 732 2649 et
757 2578 1026 2674 deprecationem
1053 2581 1111 2653 tibi
1139 2578 1325 2668 oderimus,
1361 2591 1396 2652 et
1428 2591 1461 2653 te
1487 2581 1672 2669 mediante,
1703 2583 1837 2652 Patrem
1863 2583 1959 2653 etiam

595 2705 685 2765 arum
711 2694 968 2790 interpellamus,
996 2695 1160 2767 dicentes:
1951 2680 1953 2683 Α

698 2809 885 2883 macanos.
933 2810 1106 2883 Miserere.

699 2925 858 3019 Papulas.
911 2925 982 3000 Nos
1010 2949 1151 3022 quoque.
1822 2990 1825 2997 .

699 3042 872 3114 Sacerdos
898 3042 1088 3112 inclinatas.
1140 3041 1298 3136 Spiritum
1327 3054 1475 3115 sanctum
1503 3047 1592 3114 mitte
1619 3045 1762 3116 Domine
1788 3067 1836 3116 ex
1859 3042 1959 3117 habi-

595 3158 704 3231 tsculo
730 3171 787 3231 tuo
815 3171 947 3248 sancto,
981 3156 1200 3252 illabaturque
1235 3167 1269 3229 et
1300 3163 1491 3254 requiescat
1525 3182 1627 3254 super
1660 3181 1779 3255 panem
1814 3159 1901 3231 hunc
1926 3171 1959 3232 et

596 3278 726 3347 mistum
752 3279 966 3372 propositum,
993 3273 1113 3367 illaque
1140 3272 1332 3361 sanctificet,
1360 3263 1479 3370 meque
1506 3278 1604 3348 etiam
1620 3275 1772 3348 mundum
1793 3285 1827 3347 et
1843 3298 1959 3370 purum

598 3390 724 3461 efficiat.
777 3391 918 3462 &cadi
943 3413 1003 3461 me.
1056 3388 1099 3460 Et
1124 3411 1242 3484 panem
1268 3393 1382 3475 istum,
1415 3390 1572 3463 exhibeat
1597 3414 1720 3487 corpus
1748 3391 1871 3465 Christi
1897 3392 1959 3463 Dei

597 3509 712 3577 nostri.

701 3621 860 3714 Populos.
913 3625 1032 3696 Amen.

701 3736 884 3810 Sacerdos.
919 3737 962 3809 Et
987 3740 1116 3810 mistum
1145 3734 1232 3829 quod
1259 3745 1312 3807 est
1337 3738 1370 3806 in
1397 3736 1459 3809 hoc
1478 3737 1584 3811 calice
1602 3738 1751 3835 perficiat
1766 3745 1961 3833 sanguinem

598 3853 747 3944 ejusdem
774 3853 896 3925 Christi
922 3854 985 3925 Dei
1012 3856 1126 3925 nostri.

701 3968 861 4062 Populos.
914 3972 1033 4041 Amen.

702 4085 886 4159 Sacerdos.
919 4087 964 4158 Ut
989 4090 1183 4180 quicumque
1209 4084 1272 4156 illis
1301 4085 1565 4173 communicabit,
1592 4084 1712 4157 haeres
1737 4089 1779 4159 sit
1798 4091 1831 4157 in
1854 4111 1962 4181 reguo

601 4201 780 4289 coelorum,
805 4211 837 4273 et
863 4207 897 4274 in
923 4206 992 4273 vita
1018 4226 1108 4275 nova
1136 4226 1209 4273 cum
1236 4204 1359 4272 sanctis
1386 4204 1448 4271 tuis
1477 4199 1625 4272 laetetur.

706 4317 865 4411 Populos.
916 4320 1035 4390 Amen.

704 4433 878 4505 Sacerdos
903 4435 1092 4504 inclinatas.
1127 4435 1301 4505 Pastorum
1329 4441 1361 4502 et
1377 4431 1555 4503 Rectorum
1574 4429 1761 4523 Ecclesiae,
1788 4438 1967 4531 omnisque

600 4560 704 4622 status
732 4550 960 4638 sacerdotalia,
987 4558 1151 4623 memento
1179 4551 1330 4623 Domine.

703 4667 852 4738 Eleoans
877 4688 1001 4737 secem.
1054 4666 1182 4738 illustra
1215 4687 1277 4735 nos
1304 4663 1445 4735 Domine
1478 4662 1552 4733 luce
1586 4661 1806 4735 doctrinarum
1832 4675 1969 4740 tuarum

599 4782 798 4856 divinarum:
826 4783 914 4856 bona
941 4794 1109 4878 tempora,
1141 4785 1244 4852 vitam
1271 4790 1454 4866 strenuam,
1491 4788 1525 4850 et
1550 4801 1634 4874 pace
1661 4780 1844 4852 affluentem
1873 4806 1970 4856 cou-

601 4897 684 4970 cede
710 4900 827 4987 nobis,
855 4910 888 4970 et
914 4900 1098 4972 referemus
1125 4896 1199 4987 tibi,
1227 4906 1290 4967 etc.

703 5015 863 5107 Populos.
916 5019 1035 5090 Amen.
1263 5087 1265 5094 ,

702 5129 877 5201 Sacerdos
902 5132 1092 5203 inclinatas.
1145 5130 1262 5226 Populi
1291 5134 1336 5203 tui
1368 5129 1473 5203 fidelis
1506 5141 1540 5202 et
1573 5129 1768 5221 orthodoxi,
1799 5130 1899 5226 hujus
1934 5145 1973 5207 et

601 5249 834 5342 cujuscumque
859 5247 938 5340 loci,
964 5258 1128 5319 memento
1155 5249 1309 5321 Domine.
