5150 6534
962 846 1032 925 llll
1059 846 1312 925 titoldlhll
1343 846 1594 925 PHILOXENL
1893 847 1969 923 307

604 1030 643 1094 de
666 1028 725 1094 lide
746 1027 882 1108 Petrum,
913 1037 946 1093 et
968 1048 985 1092 a
1006 1030 1160 1112 plerisque
1182 1030 1247 1093 aliis
1269 1030 1430 1094 Jacobitis:
1457 1031 1548 1095 multa
1570 1032 1648 1094 onim
1671 1031 1792 1113 scripsit
1815 1030 1893 1114 Syra
1914 1051 1970 1096 sua

602 1130 717 1214 lingua.
760 1129 851 1193 Extat
878 1130 950 1192 satis
972 1130 1102 1213 spissum
1124 1129 1264 1193 volumen
1286 1131 1352 1212 ejus
1375 1129 1549 1193 Orationum
1570 1131 1710 1212 Syriacus
1733 1132 1764 1193 in
1785 1130 1970 1195 Bibliotheca

605 1227 817 1311 Seguieriana,
847 1230 984 1309 antiquus
1007 1236 1038 1291 et
1060 1229 1157 1291 bonae
1178 1235 1284 1308 notae,
1308 1229 1363 1292 sed
1386 1228 1469 1291 lacer
1498 1237 1529 1291 et
1554 1230 1633 1293 male
1659 1229 1794 1309 habitus,
1823 1231 1855 1291 in
1884 1233 1970 1313 cujus

604 1327 698 1390 titulis
720 1327 834 1390 Xenaia
857 1345 979 1408 quoque
1001 1328 1179 1408 appellatur.
1223 1327 1340 1390 Nomen
1361 1328 1440 1389 istud
1463 1328 1615 1392 Persicum
1637 1348 1698 1391 uon
1721 1337 1783 1405 est,
1805 1337 1839 1392 ut
1860 1332 1970 1393 existi-

603 1428 696 1489 mavit
715 1425 918 1507 Nicephorus,
942 1426 996 1488 sed
1020 1426 1175 1509 Syriacum
1198 1445 1237 1489 ex
1260 1425 1378 1490 Graeco
1400 1421 1500 1500 Ξένος
1521 1427 1695 1506 formatum,
1719 1430 1798 1510 quod
1820 1428 1969 1511 hospitem

603 1533 636 1589 et
658 1533 834 1588 extraneum
856 1525 1006 1609 significat
1027 1528 1124 1608 magis
1146 1534 1261 1604 tamen,
1291 1526 1370 1588 hunc
1392 1535 1422 1588 et
1444 1529 1655 1610 peregrinum,
1679 1546 1767 1610 quam
1790 1529 1839 1608 qui
1860 1527 1969 1609 hospi-

602 1624 746 1687 talitatem
759 1634 900 1688 exercet:
924 1626 1058 1705 quamvis
1071 1625 1177 1687 Petrus
1189 1625 1352 1707 Gnapheus
1373 1625 1490 1689 Graece
1504 1626 1698 1689 Philoxenum
1720 1627 1802 1689 illum
1824 1625 1969 1709 appellari

602 1724 747 1787 maluerit
791 1725 859 1786 Fuit
888 1732 986 1787 autem
1014 1724 1186 1805 Episcopus
1217 1725 1430 1805 llierapoleos,
1462 1744 1550 1806 quam
1581 1725 1686 1788 urbem
1715 1725 1784 1807 Syri
1812 1726 1969 1805 llcbouqe,

600 1822 723 1887 Arabes
747 1823 884 1905 dlmbiqe
911 1834 1030 1888 vocant.
1074 1824 1119 1887 lle
1153 1824 1258 1887 eadem
1286 1824 1362 1886 urbe
1392 1823 1483 1887 multa
1504 1826 1646 1909 leguntur
1667 1824 1747 1906 apud
1768 1824 1969 1908 Geographos

602 1920 733 2001 Arabes,
747 1921 936 2001 Abulledam,
948 1924 1092 1987 locutum
1105 1922 1233 2002 etalios,
1249 1943 1289 1985 ex
1310 1923 1417 2005 quibus
1440 1924 1667 1987 observationes
1690 1924 1823 1987 eruditas
1845 1923 1969 2006 collegit

601 2020 651 2083 vir
672 2020 861 2085 doctissimus
883 2021 1015 2086 lacobus
1039 2021 1142 2085 Golius
1165 2024 1197 2084 in
1219 2021 1439 2085 Commentario
1463 2023 1499 2085 ad
1522 2022 1730 2105 llllraganum,
1753 2040 1828 2103 quas
1851 2038 1968 2084 consu-
2014 2011 2045 2065 Ρ·
2062 2013 2125 2065 2⁶⁰·

602 2118 668 2181 lere
691 2118 818 2200 quisque
842 2129 952 2202 potest.

690 2217 728 2281 Ut
757 2236 851 2299 porro
881 2238 945 2281 rem
975 2229 1109 2282 nostram
1139 2238 1262 2303 agamus
1297 2220 1372 2281 baec
1393 2220 1527 2302 Liturgia
1551 2227 1634 2281 extat
1655 2221 1685 2281 in
1708 2220 1821 2301 aliquot
1841 2220 1967 2282 vetustis

602 2316 839 2397 exemplaribus,
862 2318 1026 2399 praecipue
1048 2320 1079 2381 in
1102 2318 1276 2382 colbertino
1289 2318 1399 2384 39220.
1443 2318 1476 2380 lu
1498 2318 1598 2381 multis
1621 2319 1696 2397 aliis,
1719 2338 1779 2382 uno
1792 2318 1966 2381 colbertino

602 2412 713 2479 39210.
736 2416 953 2500 Seguiarianis,
976 2425 1007 2479 et
1024 2418 1100 2493 aliis,
1123 2420 1274 2501 reperitur
1288 2418 1423 2499 ejusdem
1445 2418 1521 2480 tituli
1543 2436 1612 2494 uua,
1634 2418 1688 2480 sed
1701 2420 1821 2499 penitus
1832 2418 1967 2479 diversa:

603 2530 690 2593 quam
712 2515 913 2595 subjiciemus.
959 2516 1059 2579 Tertia
1082 2535 1202 2598 quoque
1223 2518 1355 2580 occurrit
1380 2518 1410 2579 iu
1433 2515 1546 2605 Codice
1569 2517 1783 2599 Seguieriano,
1812 2516 1967 2580 Philoxeni

600 2612 745 2695 Episcopi
765 2613 982 2698 Bagdadensis,
1005 2616 1043 2679 de
1065 2633 1123 2697 qua
1145 2634 1201 2678 suo
1224 2616 1293 2680 loco
1317 2615 1441 2678 dicetur.

931 2926 966 2997 2.
1015 2925 1137 2998 Volcae
1159 2930 1331 3020 perficere
1357 2925 1497 2998 Pooebu
1522 2924 1641 3021 lepcle.

712 3114 790 3192 lucu
812 3127 923 3209 legitur
945 3129 975 3190 in
998 3129 1110 3209 aliquot
1133 3129 1198 3191 aliis
1221 3131 1461 3206 recentioribus,
1489 3135 1522 3190 ut
1544 3129 1574 3190 in
1596 3128 1791 3209 praecedenti
1813 3147 1853 3190 ex
1875 3146 1966 3191 com-

602 3232 683 3292 muni
694 3229 863 3309 traditione,
885 3250 962 3312 quae
977 3240 1075 3295 mmeu
1096 3233 1259 3314 plerasque
1280 3235 1414 3296 rationes
1430 3231 1616 3295 Graecorum
1630 3230 1667 3291 ad
1689 3228 1857 3292 fermentati
1879 3232 1965 3310 panis

602 3331 812 3393 necessitatem
835 3331 1040 3394 stabiliendam
1062 3334 1181 3395 omnino
1205 3332 1394 3396 conturbant.
1435 3332 1508 3394 Nam
1531 3332 1557 3392 si
1580 3332 1609 3392 iu
1632 3329 1736 3392 Coena
1758 3327 1892 3390 Paschali
1916 3338 1967 3391 aut

603 3436 672 3510 post
694 3447 758 3491 eam
780 3428 876 3490 statim
899 3428 1103 3492 Eucharistiae
1127 3429 1349 3494 Sacramentum
1372 3432 1536 3492 institutum
1559 3437 1622 3506 cst,
1650 3447 1688 3491 eo
1718 3445 1795 3508 panc
1819 3426 1966 3489 Christum

603 3546 690 3592 usum
712 3527 804 3591 luisse
827 3530 878 3609 qui
899 3529 929 3590 in
951 3549 1054 3592 mensa
1075 3529 1163 3606 foret,
1186 3539 1217 3592 et
1239 3531 1334 3610 quiin
1354 3549 1390 3592 ea
1409 3529 1681 3607 adbibitusluerat,
1703 3527 1866 3589 verisimile
1885 3544 1966 3600 esse,

602 3626 700 3690 Latini
727 3643 787 3688 non
815 3630 918 3709 pauci,
953 3631 1078 3691 maxime
1106 3636 1228 3691 veteres
1256 3647 1354 3710 prope
1384 3645 1489 3691 omnes
1519 3646 1586 3690 cum
1621 3626 1745 3689 Graecis
1779 3625 1965 3706 disputantes

603 3712 779 3788 statuerunt.
824 3727 896 3790 lude
927 3728 1035 3790 lactum
1065 3736 1097 3789 ut
1127 3748 1166 3790 ex
1196 3729 1260 3810 istis
1291 3729 1426 3790 nonnulli
1458 3726 1606 3789 Christum
1635 3725 1748 3788 Pascha
1777 3724 1876 3807 legale
1906 3744 1966 3787 uon

603 3824 777 3888 celebrasse
807 3826 1031 3889 contenderint:
1061 3846 1188 3908 quorum
1216 3826 1292 3888 duos
1322 3834 1463 3889 recenset
1490 3827 1611 3889 Photius
1639 3828 1669 3888 in
1689 3824 1873 3887 Bibliotheca
1895 3842 1965 3886 sua:
2014 3846 2072 3899 ceu.
2101 3848 2161 3900 115.
2187 3858 2210 3899 α
2227 3848 2289 3902 116.

604 3930 635 3986 et
656 3931 761 3987 extant
782 3924 895 4005 aliquot
917 3924 1083 4008 fragmenta
1106 3926 1319 4007 opusculorum
1346 3926 1384 3987 dc
1414 3926 1519 3988 eudem
1543 3933 1719 4007 argumento
1743 3927 1773 3986 in
1795 3925 1886 3985 variis
1910 3942 1966 3986 co-
2012 3929 2127 3982 lamlee.
2145 3935 2200 3988 Bel.
2216 3934 2288 3988 caes.

603 4021 719 4086 dicibua
741 4024 811 4087 blss.
849 4025 929 4088 luter
951 4025 1120 4089 Orientales
1145 4025 1336 4105 Theoloqos,
1364 4026 1414 4105 qui
1443 4027 1473 4087 iu
1495 4044 1530 4087 ea
1554 4025 1701 4087 sententia
1723 4023 1849 4098 luerint,
1879 4021 1968 4103 pauci
1992 4016 2051 4069 Μ·
2067 4036 2093 4088 l’·
2109 4020 2153 4072 37.

602 4122 803 4201 reperiuntur.

735 4414 770 4485 3.
811 4414 899 4499 Ouio
927 4414 1080 4488 curtem
1108 4424 1198 4487 lcum
1222 4424 1374 4488 cunctum
1398 4374 1566 4512 aiqoalum
1591 4420 1627 4487 io
1652 4417 1752 4490 nobie
1778 4424 1837 4490 eat.

693 4604 810 4683 Maron
830 4638 894 4682 vox
916 4619 1031 4684 Graeca
1056 4629 1102 4683 est
1124 4639 1196 4683 usus
1218 4620 1435 4697 Ecclesiastici‚
1459 4638 1546 4700 quam
1568 4620 1646 4702 Syri,
1669 4621 1786 4683 Arabes
1809 4628 1839 4683 et
1855 4619 1967 4683 Orien-

602 4720 680 4785 tales
702 4720 810 4801 reliqui
830 4741 914 4785 suam
935 4723 1083 4802 lecerunt,
1107 4725 1144 4787 ad
1167 4723 1392 4806 significandum
1415 4723 1563 4801 Obrisma,
1586 4740 1645 4804 quo
1662 4724 1801 4805 baptisati
1813 4723 1844 4784 iu
1866 4720 1965 4785 fronte

602 4820 768 4901 signantur.
813 4822 978 4904 Praecipue
999 4842 1073 4887 vero
1098 4824 1176 4904 apud
1200 4823 1330 4887 Orientis
1352 4823 1505 4886 Ecclesias
1528 4841 1564 4884 ea
1593 4841 1671 4885 voce
1700 4822 1885 4905 significatur
1907 4821 1967 4886 Sa-

544 4918 550 4925 '
603 4926 786 4982 crementum
809 4920 1065 5001 Consumationis,
1097 4924 1189 5007 utin
1216 4922 1321 4984 Latina
1344 4922 1521 5003 aprpellatur.
1567 4921 1642 4985 Cum
1664 4940 1739 4986 vero
1761 4923 1849 4985 simul
1870 4926 1966 4987 admi-

602 5016 725 5081 nistrari
747 5036 814 5082 cum
835 5019 1015 5101 Baptismate
1038 5021 1150 5098 soleat,
1181 5039 1237 5101 per
1267 5028 1360 5083 totum
1389 5019 1558 5097 Orientem,
1587 5028 1620 5082 ut
1649 5021 1720 5084 olim
1748 5024 1779 5083 in
1801 5020 1966 5088 Occidente

603 5135 669 5179 mos
693 5114 757 5196 luit,
781 5119 898 5198 quando
920 5120 1089 5201 Episcopus
1112 5119 1225 5197 aderat,
1249 5121 1331 5182 multi
1353 5128 1467 5184 temere
1491 5119 1625 5183 Graecos
1648 5126 1679 5182 et
1700 5120 1833 5202 reliquos
1853 5121 1966 5186 Orien-

602 5214 887 5297 talcsOhristiauos,
912 5219 1172 5282 consumationem
1187 5235 1356 5299 agnoscere
1376 5227 1516 5301 unquam
1530 5238 1628 5285 novae
1642 5219 1719 5303 legis
1731 5219 1964 5300 Sacramentum,

602 5323 807 5395 negaverunt,
831 5336 869 5380 co
891 5320 1001 5401 magis,
1030 5316 1111 5399 quod
1132 5336 1151 5379 a
1172 5317 1361 5399 Presbyteris
1385 5319 1465 5400 apud
1485 5320 1553 5382 illos
1576 5318 1813 5400 administratur,
1843 5338 1904 5383 non
1933 5328 1965 5382 ut

641 5438 763 5482 ronuau.
1707 5422 1758 5497 42
