5150 6534
690 838 813 932 .er
1009 804 1665 937 Ὗιιιεειιιιιιιιο

734 1059 768 1120 'et
794 1053 1008 1122 instrumenta
1034 1046 1291 1134 Patriarchalia,
1318 1044 1397 1116 nihil
1423 1048 1456 1115 in
1483 1067 1523 1115 ea
1551 1043 1761 1117 scriberetur.
1797 1047 1895 1142 Spris
1922 1051 2024 1140 igitur
2049 1049 2109 1121 ia-

734 1161 881 1236 cile'luit
908 1163 1022 1236 Officia
1048 1183 1138 1233 nova
1166 1160 1331 1247 scribere,
1365 1163 1516 1255 patavis
1549 1160 1663 1252 lingua
1698 1161 1846 1253 vulgaris
1883 1185 1961 1235 esse
1988 1165 2108 1238 dudum

734 1280 932 1351 desivisset:
960 1278 1033 1348 aliis
1060 1298 1130 1347 nun
1155 1279 1242 1347 item.
1297 1275 1377 1347 lnde
1402 1276 1526 1347 factum
1552 1284 1588 1346 ut
1612 1275 1742 1348 illoium
1768 1277 1870 1350 multo
1885 1279 1992 1373 plura,
2011 1303 2110 1373 quam

733 1395 934 1489 reliquorum
962 1391 1223 1464 Christianorum
1251 1391 1465 1464 Orientalium
1481 1392 1595 1464 Officia
1612 1392 1805 1465 habeantur.
1832 1393 1994 1466 Extitisse
2011 1398 2110 1467 etiam

735 1511 911 1603 antiquitus
937 1510 970 1578 in
997 1506 1052 1579 illa
1078 1505 1265 1579 Jacobitica
1292 1505 1446 1580 Ecclesia
1482 1509 1678 1602 multiplices
1704 1508 1875 1602 Liturgias
1912 1522 2109 1601 argumento

736 1633 805 1711 est,
833 1646 874 1693 ea
902 1645 999 1717 qnam
1025 1623 1174 1693 loannes
1208 1643 1306 1715 quem
1339 1622 1498 1714 Magnum
1534 1624 1701 1719 appellant
1732 1625 1925 1698 Patriarcha
1961 1625 2109 1717 collegit,

593 1804 599 1817 ‚
731 1741 881 1826 'servatis
909 1738 1045 1807 aliarum
1071 1737 1186 1808 verbis
1213 1746 1247 1808 et
1273 1742 1456 1810 sententiis.
1485 1741 1646 1825 Quamvis
1673 1750 1783 1811 autem
1808 1740 1893 1811 ilhus
1922 1749 2016 1812 aetas
2041 1762 2109 1812 nun

446 2324 578 2392 liturgiae
593 2341 724 2377 commen-

735 1857 816 1927 satis
843 1862 1022 1949 perspecta
1049 1856 1108 1939 sit,
1142 1862 1176 1923 at
1209 1851 1377 1924 scribebat
1410 1864 1565 1948 quantum
1600 1856 1768 1945 conjicere
1800 1876 1997 1949 possumuS,
2032 1866 2109 1928 ante

735 1991 841 2040 annos
867 1980 902 2040 ut
928 1972 1034 2040 minus
1061 1977 1254 2041 sexcentos.
1306 1969 1418 2063 Atque
1450 1967 1534 2040 baec
1565 1980 1641 2041 sunt
1667 1992 1753 2063 quae
1781 1970 1823 2041 de
1849 1973 1921 2043 istis
1947 1968 2108 2062 Liturgiis

735 2083 940 2178 probabilius
968 2083 1033 2153 diei
1059 2104 1162 2177 posse
1190 2083 1366 2173 videntur,
1393 2084 1501 2155 donee
1526 2085 1665 2155 meliora
1694 2096 1727 2156 et
1754 2089 1898 2157 certiora
1918 2108 1963 2156 ex
1980 2085 2108 2157 Orien-

735 2198 856 2270 talibus
882 2197 973 2270 libris
1001 2201 1056 2292 qui
1083 2198 1126 2268 ud
1151 2221 1268 2271 manus
1295 2208 1429 2272 nostras
1455 2219 1522 2269 non
1548 2211 1790 2294 pervenerunt,
1824 2200 2029 2292 detegantur.

840 2313 963 2385 XXIV.
988 2313 1096 2384 Unum
1123 2312 1288 2405 adjicere,
1317 2318 1610 2410 operaepretium
1637 2318 1717 2386 erit:
1744 2337 1863 2409 nempe
1891 2314 2046 2409 quidquid
2066 2316 2109 2388 de

414 2408 505 2461 ΜΨ·
532 2426 547 2459 ¹¹
574 2412 722 2462 ⁸⁵⁰⁰⁰f¹l¹¹⁰
735 2428 798 2500 illis
827 2429 947 2501 Ollieiis
974 2439 1133 2501 stauretur
1159 2430 1214 2500 illa
1241 2429 1363 2524 duplici
1388 2433 1519 2501 ratione
1546 2429 1792 2519 commendari,
1820 2432 2018 2503 sinceritatis
2032 2436 2107 2504 sei-

412 2501 439 2545 et
456 2502 591 2547 vetustate.

443 4525 559 4582 Omnium
576 4530 657 4584 forma
673 4550 720 4585 ea-

408 4612 466 4665 dem
485 4622 532 4666 est.

733 2542 830 2634 licet,
866 2553 964 2636 atque
989 2548 1176 2616 vetustatis.
1214 2544 1301 2615 Nam
1328 2547 1457 2634 omnia,
1491 2567 1629 2638 quorum
1664 2547 1855 2616 versionem
1892 2545 2026 2638 damus,
2060 2571 2106 2618 ex

732 2662 864 2752 optimis
896 2681 961 2730 nec
995 2659 1203 2753 interpolatis
1236 2658 1407 2731 codicibus
1439 2683 1604 2755 expressa
1641 2670 1737 2749 sunt,
1776 2663 1882 2753 iisqne
1915 2682 1984 2732 non
2015 2664 2106 2735 unis:

733 2782 832 2869 atque
860 2773 944 2845 adeo
965 2774 1105 2870 plurium
1132 2795 1318 2847 consensus
1345 2779 1379 2845 in
1405 2779 1550 2868 genuina
1577 2776 1720 2847 lectione
1734 2774 1958 2846 confirmanda
1974 2775 2107 2869 plenam

733 2892 942 2961 autoritatem
969 2889 1085 2978 habet,
1113 2913 1211 2984 quam
1238 2890 1478 2986 exemplarium
1506 2894 1680 2986 antiquitas
1717 2890 1758 2962 ab
1793 2892 1882 2961 omni
1917 2892 2110 2984 suspicione

732 3006 887 3078 vindicat.
940 3005 1019 3101 Ipsa
1045 3027 1129 3077 vero
1157 3008 1191 3077 in
1215 3028 1278 3077 usu
1304 3006 1427 3096 luisse,
1454 3005 1528 3077 libri
1556 3027 1688 3101 quoquc
1714 3007 1778 3099 ipsi
1805 3012 1987 3093 testantur,
2020 3005 2107 3075 adeo

730 3125 797 3193 triti
823 3129 986 3216 apparent
1011 3121 1220 3194 sacerdotum
1246 3122 1416 3194 manibus:
1443 3121 1594 3192 etmulti
1621 3129 1736 3191 extant
1762 3123 1795 3189 in
1824 3140 1962 3214 quorum
1988 3120 2107 3190 vacuis

729 3236 818 3309 iuliis
847 3237 1030 3331 aliquorum
1056 3240 1210 3327 nomina,
1236 3247 1305 3309 turn
1333 3258 1448 3309 eorum
1475 3257 1558 3328 quos
1576 3233 1848 3329 baptisaverunt,
1876 3235 1947 3304 dies
1964 3232 2106 3305 ordina-

731 3356 847 3441 tionis,
876 3352 985 3425 obitus
1012 3351 1254 3445 Episcopomm
1283 3360 1339 3421 ant
1364 3348 1651 3437 Patriarcharum,
1685 3358 1741 3419 aut
1772 3348 1990 3420 Sacerdotum
2024 3368 2106 3418 suae

730 3464 918 3552 Ecclesiae,
935 3464 1173 3537 adscribuntur.
1200 3463 1363 3535 Eumdem
1382 3485 1477 3535 usum
1503 3463 1647 3558 probant
1661 3465 1849 3535 recentiora
1875 3460 2105 3533 nonnullarum

733 3576 950 3672 exemplaria,
978 3600 1063 3670 quae
1089 3580 1230 3650 vetustis
1257 3577 1420 3651 simillima
1447 3586 1536 3650 sunt:
1564 3579 1706 3672 sparsim
1728 3580 1815 3648 enim
1832 3576 2004 3667 Liturgiae
2030 3576 2107 3647 illae

731 3696 958 3788 reperiuntur,
990 3714 1100 3785 neque
1126 3716 1172 3764 ex
1198 3693 1308 3764 multis
1335 3691 1506 3764 codicibus
1534 3713 1617 3788 quos
1644 3690 1837 3782 habuimus,
1869 3691 1967 3763 nobis
1994 3714 2107 3786 appa-

731 3812 808 3899 ruit,
834 3830 934 3879 unum
961 3806 1102 3901 aliquem
1119 3806 1302 3902 fuisseque
1321 3828 1437 3879 omnes
1464 3810 1722 3896 continerentur,
1750 3807 1836 3878 adeo
1862 3816 1898 3877 ut
1923 3807 2043 3900 nullus,
2071 3815 2105 3878 ut

733 3924 819 4019 apud
848 3920 1009 4019 Ooptitas,
1037 3923 1148 3995 codex
1175 3930 1268 3994 extet
1301 3925 1356 4016 qui
1389 3921 1612 4013 liturgiarum
1647 3943 1770 4017 corpus
1804 3924 1970 4013 integrum
2004 3944 2106 3994 com-

730 4038 903 4134 plectatur.
930 4038 1015 4109 Hinc
1049 4047 1203 4133 quantum
1237 4040 1418 4130 conjectari
1449 4036 1526 4108 licet
1560 4037 1789 4126 confirmatur,
1822 4037 1856 4107 id
1882 4035 1971 4131 quod
1997 4057 2105 4129 supe-

731 4156 800 4223 rius
827 4156 1007 4245 tetigimus,
1034 4158 1068 4224 in
1094 4155 1288 4227 vastissima
1315 4152 1371 4224 illa
1397 4150 1606 4223 Antiocheno
1632 4150 1802 4239 Dioecesi,
1832 4150 2043 4240 Catholicos,
2072 4161 2106 4221 et

732 4270 826 4362 ipsos
853 4272 950 4339 etiam
977 4267 1180 4363 Episcopus,
1205 4266 1326 4339 multas
1353 4270 1541 4361 scripsisse,
1567 4266 1625 4338 vel
1651 4266 1830 4363 probasse,
1857 4288 1943 4360 quae
1969 4269 2002 4336 in
2028 4264 2104 4337 Ec-

734 4382 837 4454 clesia
863 4382 1071 4456 Antiocheno
1098 4406 1193 4456 usum
1219 4406 1288 4455 non
1313 4380 1485 4453 haberent.

836 4497 944 4570 XXV.
973 4499 1123 4570 Omnium
1150 4521 1251 4594 porro
1279 4496 1517 4591 exemplarium
1546 4520 1631 4589 quae
1657 4498 1690 4566 in
1715 4496 1851 4567 Oriente
1870 4495 1911 4566 ab
1939 4494 2105 4587 indigenis

733 4612 901 4708 descripta
929 4624 1004 4686 sunt
1028 4613 1137 4685 forma
1165 4614 1282 4685 eadem
1317 4622 1370 4684 est
1409 4635 1495 4705 quae
1529 4615 1844 4706 antiquissimorum:
1878 4634 1898 4681 a
1932 4633 1996 4704 qua
2023 4611 2104 4681 lon-

733 4730 808 4820 gius
836 4727 968 4818 abeunt,
996 4751 1222 4823 quaecumque
1249 4750 1295 4799 ex
1320 4727 1452 4798 illorum
1475 4726 1627 4846 qnanibus
1654 4725 1848 4821 prodierunt
1874 4729 1929 4819 qui
1964 4728 1999 4796 in
2024 4723 2101 4794 Eu-

668 4850 673 4858 '
732 4867 851 4940 ropam
876 4847 1065 4934 venientes,
1093 4843 1169 4913 dum
1194 4842 1270 4913 lidei
1297 4865 1379 4915 suae
1415 4846 1637 4914 sinceritatem
1669 4842 1900 4915 demonstrare
1934 4851 2101 4931 satagunt,

731 4971 943 5033 mutaverunt
969 4981 1196 5055 quaecumque
1223 4982 1243 5029 a
1268 4958 1504 5049 Missionariis,
1530 4957 1717 5054 improbata
1745 4980 1822 5030 esse
1850 4957 2040 5045 audierant,
2068 4966 2102 5027 et

731 5077 849 5149 similia
876 5099 980 5171 saepe
1006 5075 1158 5162 vidimus,
1187 5096 1273 5168 quae
1300 5084 1335 5145 ut
1360 5072 1482 5145 inutilia
1507 5074 1618 5169 plane,
1646 5096 1692 5145 ex
1718 5072 1781 5143 hac
1814 5070 2012 5142 collectione
2038 5093 2101 5141 re-

727 5191 873 5282 jicienda
903 5192 1137 5284 judicavimus,
1173 5213 1247 5261 eum
1277 5191 1366 5261 nulla
1407 5195 1450 5263 sit
1490 5189 1619 5261 illorum
1659 5190 1832 5258 autoritas:
1867 5206 1975 5278 neque
2014 5186 2100 5253 enim

732 5309 930 5398 quaerimus,
957 5329 1043 5401 quae
1070 5303 1192 5378 debeat
1217 5328 1263 5376 ex
1290 5304 1402 5376 talium
1429 5327 1605 5378 censorum
1633 5304 1796 5377 sententia
1823 5320 1902 5373 esse
1938 5299 2101 5371 Orienta-
