5150 6534
581 800 662 880 288
1083 800 1444 879 llltuutl

683 987 845 1080 Populos.
897 988 1019 1060 Arnen
1629 1073 1633 1085 .
1871 1052 1875 1062 .

684 1102 870 1175 Sacerdos.
922 1103 1082 1175 Similiter
1116 1113 1151 1174 et
1189 1123 1292 1197 super
1330 1102 1469 1173 calicem
1502 1104 1614 1188 vitae,
1648 1109 1825 1195 postquam
1860 1102 1950 1176 illum

583 1223 663 1291 vino
691 1229 726 1290 et
753 1241 839 1313 aqua
866 1226 1049 1312 temperate
1073 1220 1224 1305 miscuit,
1251 1227 1285 1289 et
1311 1221 1486 1290 sanctitate
1512 1239 1573 1290 sua
1605 1221 1838 1305 consecravit,
1863 1241 1950 1314 per-

582 1336 739 1428 fecitque,
766 1346 800 1406 et
825 1333 957 1407 tradidit
981 1333 1156 1428 Apostolis
1182 1337 1324 1406 sanctis:
1352 1333 1451 1406 dixit:
1481 1335 1658 1429 Accipite,
1697 1331 1801 1406 bibite
1834 1358 1883 1406 ex
1908 1357 1950 1406 eo

583 1473 648 1523 vos
680 1472 815 1522 omnes:
842 1450 934 1521 Vere
968 1452 1055 1522 enim
1085 1448 1140 1522 bic
1174 1460 1227 1522 est
1253 1452 1390 1541 sanguis
1423 1472 1518 1523 mens
1554 1453 1610 1544 qni
1643 1470 1707 1545 pro
1739 1450 1851 1524 mundi
1883 1455 1951 1523 'rita
1985 1505 1991 1514 .

586 1566 769 1656 effimditur,
796 1574 830 1636 et
854 1564 1022 1655 dividitur,
1047 1568 1326 1639 inremissionem
1342 1576 1555 1661 peccatorum
1581 1574 1616 1637 et
1640 1569 1744 1637 vitam
1770 1575 1951 1638 semmam.

690 1682 852 1774 Popoloe.
903 1682 1024 1755 Amen.

688 1797 873 1868 Sacerdos.
925 1796 1022 1868 llenc
1048 1796 1228 1868 salutarem
1252 1798 1487 1868 institutionem
1514 1796 1745 1890 suscipientes,
1770 1818 1894 1891 panem
1921 1806 1954 1869 et

586 1916 697 1985 vinum
723 1914 914 2000 statuimus,
945 1922 984 2016 et
1016 1914 1213 2008 imponimus
1239 1933 1342 2007 super
1368 1911 1474 1984 altare
1498 1911 1584 2001 boc,
1613 1914 1711 2003 juxta
1737 1924 1952 2009 praeceptum

586 2031 659 2120 ejus
685 2028 866 2116 vivificum,
892 2039 928 2100 ut
954 2031 1148 2101 memoriam
1175 2050 1334 2121 agamus,
1364 2028 1544 2100 secuudum
1571 2026 1742 2100 oraculum
1765 2027 1833 2100 boc
1859 2030 1952 2127 divi7

472 2197 480 2218 .
586 2167 663 2216 num
677 2143 767 2238 quod
781 2146 843 2217 ait:
871 2146 1001 2237 quoties
1022 2147 1193 2241 mysteriis
1210 2146 1282 2216 istis
1307 2145 1431 2217 sanctis
1447 2143 1743 2234 communicabitis,
1761 2148 1953 2218 memoriam

587 2261 651 2330 mei
676 2258 825 2348 iacietis,
852 2268 886 2330 et
912 2263 1122 2353 passionem,
1153 2270 1292 2331 mortem
1319 2269 1353 2330 et
1378 2263 1657 2332 resurrectionem
1683 2282 1792 2333 meam
1818 2284 1952 2334 munn-

586 2375 720 2464 dabitis,
749 2374 856 2452 donec
882 2377 1025 2446 veniam.

691 2489 854 2584 Populos.
905 2489 1025 2581 llortis
1052 2501 1128 2562 tuae
1154 2490 1297 2563 Domine
1324 2495 1517 2574 memoriam
1542 2494 1681 2583 agimus.

689 2603 873 2678 Sacerdos.
912 2603 1271 2679 Commemorationcm
1298 2610 1397 2696 igitur
1423 2606 1681 2700 dispensationis
1707 2618 1785 2680 tuae
1802 2608 1953 2680 smntasis

588 2724 737 2812 agimus,
768 2743 1065 2803 commemoramus
1101 2725 1200 2794 etiam
1232 2724 1491 2793 exinanitionem
1524 2734 1613 2793 tuam
1644 2724 1866 2797 voluntariam
1893 2746 1953 2819 pro

587 2835 697 2925 nobis,
723 2841 914 2932 passionem
941 2847 1027 2908 tuam
1054 2837 1234 2927 vivificam,
1261 2836 1464 2932 sepulturam
1489 2848 1579 2908 tuam
1603 2860 1690 2930 quae
1707 2843 1955 2934 corruptionem

588 2952 808 3049 sepulcralem
834 2952 948 3025 solvit:
985 2954 1192 3049 praeclaram
1219 2963 1309 3026 tuam
1335 2964 1412 3047 post
1438 2952 1578 3024 triduum
1604 2976 1625 3024 e
1651 2954 1807 3048 sepulcro
1835 2978 1955 3028 resur-

587 3074 787 3142 rectionem:
815 3073 1046 3141 ascensionem
1072 3078 1162 3140 tuam
1189 3067 1371 3139 mirabilem
1398 3078 1526 3153 eterra
1543 3068 1740 3142 incoelum:
1767 3076 1954 3145 sessionem

587 3196 676 3257 tuam
702 3188 830 3278 regiam
857 3195 892 3257 et
919 3185 1125 3279 praeclaram
1153 3184 1196 3256 ad
1217 3185 1390 3257 dexteram
1407 3189 1589 3278 majestatis
1608 3184 1727 3273 Patris,
1755 3185 1957 3260 adveutum-

589 3323 654 3394 que
691 3311 779 3372 mum
812 3301 993 3375 secundum
1028 3311 1157 3373 terrore
1187 3301 1339 3395 plenum,
1375 3301 1507 3395 quando
1540 3304 1777 3375 excitationem
1812 3311 1957 3378 omnium

588 3414 754 3488 bominum
781 3416 902 3503 facies,
934 3428 968 3489 et
996 3438 1099 3511 opera
1127 3418 1364 3509 cujuscumque
1390 3417 1499 3512 palam
1527 3418 1622 3491 fient:
1656 3418 1788 3513 mando
1817 3419 1956 3493 tbrouos

588 3529 671 3603 lucis
697 3533 873 3628 Apostolis
900 3537 965 3605 tuis
984 3542 1143 3618 statuens,
1172 3531 1349 3603 vindictam
1362 3533 1474 3627 populi
1490 3533 1663 3605 Israelitici
1676 3534 1740 3606 illis
1757 3540 1957 3626 committes,

552 3678 556 3684 ·
590 3657 723 3718 etcum
749 3651 799 3718 ira
826 3651 971 3743 aspicies
997 3656 1176 3743 operantes
1203 3651 1419 3740 iniquitatem,
1445 3651 1564 3743 impios
1582 3660 1615 3721 et
1629 3653 1772 3744 iniquos,
1798 3655 1856 3746 qui
1873 3675 1959 3723 crn-

590 3763 695 3833 ciatus
713 3766 904 3857 suscipient,
923 3761 1050 3857 absque
1064 3763 1304 3848 misericordia,
1328 3764 1507 3835 secundum
1521 3768 1720 3859 aequitatem
1741 3776 1776 3836 et
1785 3767 1957 3856 justitiam:

591 3879 781 3971 orieturque
809 3878 879 3950 dies
906 3881 992 3969 ignis
1018 3879 1104 3951 illius
1132 3878 1266 3951 obscuri
1296 3901 1406 3973 neque
1438 3879 1594 3953 lucentis:
1627 3889 1661 3951 et
1692 3903 1807 3954 coram
1838 3881 1959 3955 tbrono

590 3996 773 4085 majestatis
797 4002 873 4065 tuae
894 3995 937 4066 ad
957 4018 1100 4067 examen
1121 3995 1338 4083 occultorum,
1366 4005 1400 4065 et
1413 3994 1571 4086 judicium
1588 3996 1748 4084 decisum,
1776 4008 1809 4068 et
1828 3998 1960 4092 abbre-

590 4112 714 4182 viatum
742 4110 924 4182 ascendent
950 4134 1067 4184 omnes
1094 4111 1215 4182 tribus:
1243 4111 1431 4205 stridorque
1458 4110 1613 4201 dentium,
1640 4123 1673 4182 et
1688 4110 1840 4207 planctus
1859 4135 1961 4184 ema-

591 4247 660 4312 rus,
688 4236 721 4295 et
746 4226 996 4299 inconsolabilis
1023 4230 1099 4298 erit:
1127 4227 1243 4300 domus
1266 4226 1382 4318 judicii
1410 4229 1593 4321 aperietur,
1628 4238 1662 4299 et
1684 4228 1791 4319 Judex
1818 4228 1962 4318 sedebit,

593 4352 626 4412 et
651 4346 875 4436 unnsquisque
901 4342 1066 4414 bominum
1093 4342 1231 4415 flammis
1259 4343 1509 4414 examinabitur.
1550 4346 1692 4415 Domine
1718 4348 1902 4439 propitiare
1929 4355 1965 4417 et

592 4478 695 4551 parce
720 4460 754 4527 in
784 4458 849 4529 boc
875 4467 1025 4554 ternpore
1051 4459 1206 4543 timendo,
1235 4459 1358 4553 populo
1386 4470 1441 4530 tuo
1468 4458 1649 4554 fideli-qui
1675 4470 1708 4530 tc
1734 4461 1911 4532 confitetur
1931 4473 1966 4532 et

592 4595 712 4652 nomen
740 4584 827 4644 tuum
855 4572 976 4646 laudat.
1021 4575 1098 4647 Non
1116 4597 1222 4646 voces
1245 4574 1342 4646 iletus
1361 4599 1434 4646 cum
1456 4573 1599 4646 Diabolo
1618 4598 1637 4645 a
1654 4576 1749 4647 uobis
1771 4577 1965 4649 audiantur:

593 4713 636 4761 ne
669 4690 828 4785 plangant
853 4690 978 4782 Angeli
1009 4696 1054 4762 tui
1088 4695 1212 4782 sancti,
1249 4691 1337 4784 quod
1371 4715 1391 4761 a
1425 4701 1606 4785 conspectu
1639 4701 1693 4761 tuo
1728 4695 1965 4786 projiciamur:

595 4806 655 4878 sed
689 4815 890 4877 convertere
925 4806 1084 4894 Domine,
1118 4818 1151 4878 et
1186 4806 1261 4878 audi
1297 4809 1438 4901 suspiria
1474 4818 1508 4877 et
1542 4810 1685 4897 gemitus
1718 4829 1903 4895 servorum,
1931 4820 1969 4882 et

596 4921 785 4993 ancillarum
821 4932 957 4993 tuarum.
1018 4924 1164 5012 Ignosce
1198 4926 1365 5017 peccatis,
1397 4920 1566 4994 sanctifica
1601 4927 1826 5016 poenitenteS,
1859 4948 1969 5019 parce

596 5038 748 5110 omnibus
774 5060 836 5131 per
862 5043 1003 5130 gratiam
1031 5050 1135 5125 tuam,
1170 5048 1204 5109 et
1229 5038 1478 5111 misericordiae
1512 5049 1588 5109 tuae
1620 5036 1826 5109 effundantur
1861 5062 1969 5135 super

595 5165 706 5226 reatus
738 5164 890 5245 nostros,
924 5158 1043 5227 etenim
1076 5166 1215 5251 propter
1247 5156 1330 5228 haec
1363 5157 1489 5241 omnia,
1525 5151 1680 5226 Ecclesia
1714 5166 1830 5227 sancta
1865 5181 1971 5253 quam
