5150 6534
1019 862 1050 940 S.
1078 862 1335 941 utinensis
1361 860 1546 940 RObllllll.
1890 859 1964 936 las

600 1050 792 1141 talionibus,
820 1050 936 1146 quibus
962 1073 1024 1146 per
1057 1050 1275 1123 infirmitatem
1309 1050 1511 1123 succumbat.
1564 1047 1687 1123 Libera
1719 1069 1793 1121 eam
1829 1047 1964 1121 afame

601 1189 732 1254 antara,
766 1190 785 1238 a
821 1170 1029 1263 captivitate,
1064 1177 1098 1237 et
1129 1165 1337 1237 mortalitate.
1392 1166 1442 1237 Da
1477 1170 1575 1239 etiam
1608 1164 1656 1237 illi
1689 1174 1838 1260 tempora
1865 1174 1963 1236 tran-

602 1282 713 1378 quilla,
739 1294 773 1355 et
799 1281 1011 1370 abundantia,
1037 1283 1309 1378 praeclaramque
1343 1285 1432 1353 aeris
1459 1286 1672 1377 temperiem,
1709 1292 1860 1373 segetum
1886 1280 1964 1352 fnu-

602 1408 777 1492 ctuumque
802 1410 1012 1494 proventum,
1040 1421 1113 1469 eum
1141 1397 1402 1469 accumulatione
1438 1402 1581 1469 omnium
1606 1395 1788 1486 bonorum;
1821 1400 1897 1491 quia
1931 1407 1965 1468 tu

601 1512 708 1587 bonus
737 1537 787 1603 es,
814 1524 848 1585 et
875 1536 975 1609 super
1002 1536 1119 1587 omnes
1145 1513 1284 1604 largiter
1310 1513 1479 1585 effundens
1508 1536 1643 1586 munera
1663 1523 1731 1601 tua,
1758 1516 1966 1606 gratiamque

600 1638 690 1701 mam
716 1630 924 1725 dispensans,
952 1629 1076 1724 tibique
1102 1629 1244 1721 gloriam
1272 1638 1306 1700 et
1331 1634 1511 1721 gratiaram
1539 1633 1702 1702 actionem
1729 1629 1906 1703 offerimus.

704 1746 865 1837 Populea.
918 1748 1038 1818 Amen.

706 1861 881 1933 Sacerdos
907 1862 1097 1934 lacliaalaa.
1149 1862 1318 1934 Memento
1352 1863 1494 1934 Domine
1527 1884 1642 1933 eorum
1679 1865 1793 1956 quiin
1821 1862 1966 1953 virgini-

601 1985 672 2048 tate
697 2000 781 2071 pure
807 1982 939 2066 vivunt,
967 1982 1221 2072 conjugatorum
1248 1988 1431 2064 castorum,
1459 1977 1681 2072 orphanorum
1714 1986 1748 2047 et
1781 1977 1968 2064 viduarum,

563 2161 567 2174 ,
601 2114 784 2189 pauperum
812 2103 845 2164 et
871 2115 1067 2186 egenorum,
1094 2104 1128 2165 et
1153 2116 1268 2166 eorum
1292 2095 1350 2187 uui
1369 2092 1525 2185 adjuvant
1543 2091 1729 2164 Ecclesiam
1756 2103 1854 2163 tuam.
1881 2092 1966 2164 lllo-

601 2228 676 2279 rum
701 2211 800 2280 etiam
837 2212 890 2303 qui
926 2209 1046 2281 addicti
1074 2219 1149 2281 sunt
1182 2211 1364 2281 ministerio
1399 2215 1606 2296 sanctorum,
1643 2217 1676 2279 et
1709 2208 1868 2301 adjuvant
1899 2231 1966 2279 ne-

602 2325 792 2395 cessitatem
818 2329 997 2420 patientes:
1025 2328 1079 2420 qui
1107 2324 1247 2397 offerunt
1274 2323 1477 2411 ablationes,
1514 2334 1548 2395 ot
1578 2324 1751 2419 praeclare
1779 2335 1966 2419 operantur.

705 2438 866 2532 Papulas.
917 2442 1023 2537 Kyrie
1050 2441 1187 2513 eleison.

707 2555 882 2629 Sacerdos
909 2558 1045 2629 elcooas
1076 2581 1200 2629 uocem.
1253 2556 1297 2628 Et
1323 2556 1444 2648 adjuva
1474 2578 1537 2651 per
1570 2557 1742 2627 dexteram
1777 2563 1865 2625 tuam
1897 2577 1967 2650 pa-

603 2678 746 2759 tentem,
780 2672 1005 2768 confirmamre
1038 2671 1173 2745 brachio
1209 2684 1265 2746 tuo
1293 2671 1387 2759 forti,
1421 2694 1537 2744 omnes
1569 2676 1625 2767 qui
1657 2674 1691 2743 in
1723 2671 1877 2743 Ecclesia
1912 2681 1968 2742 tua

596 2795 720 2858 sancta
766 2785 937 2861 Catholica
986 2799 1020 2860 et
1061 2789 1258 2884 Apostolica
1301 2796 1464 2883 perpetuo
1510 2785 1697 2860 oblationes
1739 2788 1897 2874 oderunt,
1937 2796 1971 2857 et

602 2905 785 2973 memoriae
812 2915 1002 2976 sanctorum
1029 2916 1157 2977 tuarum
1184 2906 1443 2989 communicaat3
1482 2907 1536 2998 qui
1572 2904 1862 2999 eleemosynarum
1888 2901 1967 2973 fru-

603 3018 711 3091 ctibus
738 3041 865 3111 egenos
894 3020 1098 3092 abundanter
1125 3030 1321 3107 sustentant,
1356 3030 1390 3090 et
1422 3018 1634 3111 indigentiam
1663 3021 1800 3115 explent
1834 3042 1968 3116 paupe-

604 3155 686 3205 rum.
740 3135 792 3207 Da
819 3135 882 3209 illis
911 3136 1142 3209 abundantiam
1169 3135 1352 3223 bonarum,
1378 3155 1440 3229 pro
1477 3134 1694 3228 dispositione
1727 3136 1874 3207 cordium
1901 3158 1968 3207 eo-

606 3272 693 3322 rum:
722 3262 761 3322 et
781 3273 843 3347 pro
872 3252 967 3324 donis
1003 3251 1256 3348 temporalibus,
1298 3251 1339 3322 da
1372 3249 1435 3321 illis
1471 3248 1671 3322 affluentiam
1704 3249 1969 3324 benedictionum

606 3365 837 3439 ditissimarum
866 3380 899 3440 et
924 3368 1201 3442 inamissibilium:
1230 3378 1263 3440 et
1289 3389 1352 3462 pro
1370 3367 1642 3461 possessionibus
1669 3389 1736 3438 non
1762 3390 1969 3463 permanea-

605 3481 714 3570 tibus,
747 3504 914 3577 praepara
950 3483 1013 3555 illis
1041 3484 1177 3555 delicias
1204 3485 1342 3568 beatas,
1374 3491 1407 3554 et
1439 3480 1627 3554 mercedem
1659 3482 1969 3569 inconsumtibilem,

607 3607 640 3667 at
664 3619 802 3669 munera
829 3603 952 3670 amoris
980 3622 1062 3691 erga
1089 3599 1239 3672 homines
1267 3600 1330 3685 tui,
1366 3599 1522 3693 bonaque
1554 3597 1721 3670 uberrima
1755 3597 1968 3670 baereditatis

605 3721 702 3785 tuae:
729 3715 804 3806 quia
831 3724 863 3784 tu
891 3712 998 3786 bonus
1026 3736 1076 3803 es,
1103 3726 1137 3787 et
1163 3715 1258 3787 dives
1290 3718 1323 3785 in
1351 3714 1560 3802 muneribus,
1596 3714 1777 3808 largusque
1808 3713 1969 3785 donorum

606 3837 752 3899 tuarum:
780 3839 814 3899 et
838 3827 896 3899 tibi
922 3829 1064 3921 gloriam
1092 3841 1125 3903 et
1150 3835 1332 3922 gratiarum
1359 3833 1522 3902 actionem
1550 3830 1725 3902 alierimus.

618 3950 620 3955 ’
709 3944 869 4036 Papulas.
922 3947 1040 4030 Amen.

642 4137 644 4141 ,
710 4058 885 4131 Sacerdos
911 4063 1102 4135 lacliaalas.
1138 4063 1307 4136 Memento
1323 4064 1466 4135 Domine
1488 4056 1503 4098 ³
1529 4063 1658 4154 Regum
1687 4061 1970 4149 Ortbodoxomm,

608 4173 650 4247 da
677 4173 742 4249 illis
769 4178 943 4248 victoriam
971 4177 1012 4248 dc
1039 4181 1178 4250 inimicis
1205 4182 1285 4266 suis,
1314 4188 1348 4249 et
1373 4181 1494 4250 virtute
1520 4182 1737 4274 omnipotenti
1764 4191 1820 4251 tua
1846 4177 1971 4251 robora

607 4290 697 4381 illos,
726 4301 760 4361 et
786 4314 876 4363 arma
904 4292 988 4365 illos.

712 4408 860 4479 Elcaaas
892 4430 1016 4480 aecem.
1070 4408 1211 4480 Ordines
1249 4414 1347 4480 etlam
1380 4409 1532 4494 militiae,
1568 4413 1684 4505 copias
1719 4409 1875 4496 bellicas,
1910 4412 1971 4478 vi-

608 4532 731 4618 resque
756 4546 947 4615 regnorum,
975 4547 1060 4619 qaae
1086 4525 1146 4598 sub
1170 4527 1253 4616 juga
1282 4527 1461 4613 servitutis,
1490 4530 1597 4597 crucis
1634 4536 1708 4596 tuae
1740 4528 1887 4597 victricis
1914 4528 1971 4595 in-

609 4639 782 4725 clinantur,
810 4651 843 4711 et
869 4644 999 4732 signnm
1026 4644 1183 4733 unigeniti
1209 4642 1284 4712 Filii
1310 4645 1356 4712 tui
1383 4648 1511 4728 tenent,
1546 4651 1699 4735 tanquam
1727 4663 1817 4712 arma
1846 4639 1971 4726 salutis,

610 4755 733 4847 adjuva
760 4767 793 4827 et
819 4756 914 4827 salva
941 4758 1090 4828 Domine.
1132 4757 1387 4849 Canjurationes
1414 4759 1559 4847 gentium
1586 4759 1788 4828 inimicarum
1816 4757 1972 4852 disperge
2106 4816 2109 4819 ⁴

610 4880 646 4942 et
669 4870 808 4966 dissipa:
841 4894 946 4963 regna
980 4871 1139 4967 profana,
1181 4883 1215 4943 et
1254 4872 1414 4945 haereses
1455 4876 1572 4968 impias
1611 4876 1792 4967 comprima
1832 4871 1972 4943 dextera

610 4997 665 5058 tua
692 4990 835 5082 potenti:
862 4986 981 5060 bobeta
1007 4988 1151 5080 gladium
1178 4998 1326 5076 acutum,
1362 5009 1405 5059 ae
1436 4991 1604 5059 immineat
1637 4988 1824 5060 cervicibus
1857 4991 1972 5079 gregis

610 5104 672 5174 tui:
699 5124 877 5197 compesce
905 5108 1125 5198 captivitates
1153 5105 1295 5192 caedes,
1323 5114 1355 5175 et
1380 5103 1467 5176 bella
1501 5104 1674 5200 apopulis
1710 5112 1744 5173 et
1770 5102 1973 5175 haereditate

611 5227 682 5290 tua:
715 5241 824 5313 neque
857 5223 1001 5314 aspicias
1035 5223 1237 5314 iniquitatem
1264 5243 1379 5292 eorum
1415 5224 1469 5315 qui
1503 5223 1703 5312 unigenitum
1736 5212 1852 5291 Filium
1872 5209 1972 5292 'tuum

611 5332 773 5407 dividunt:
807 5337 866 5410 sed
899 5336 1098 5431 reliquorum
1131 5348 1318 5426 memento,
1354 5340 1409 5431 qui
1440 5339 1582 5409 retinent
1610 5333 1707 5411 fidem
1740 5332 1972 5425 orthodoxam,
