5150 6534
593 829 671 904 too
1103 831 1463 909 iltutttttn

592 1027 624 1086 tu
652 1017 768 1089 librum
797 1021 946 1113 aperies,
973 1040 1147 1114 operaque
1172 1017 1378 1110 singulorum
1405 1030 1540 1110 nostra,
1572 1033 1604 1093 et
1641 1021 1748 1093 rerba
1780 1023 1963 1091 examina-

592 1146 699 1206 turus:
726 1139 888 1229 propitius
915 1148 990 1207 esto
1016 1134 1131 1224 nobis,
1158 1135 1306 1207 clemens
1333 1135 1496 1224 Domine,
1522 1160 1632 1232 neque
1653 1135 1861 1229 inJudicium
1879 1139 1963 1208 stri-

592 1254 674 1321 ctius
701 1255 804 1322 intres
832 1251 1024 1332 nobiscum;
1051 1250 1146 1322 auter
1171 1249 1315 1322 Domine
1340 1262 1479 1344 peccata
1505 1262 1633 1340 nostra,
1658 1275 1720 1348 per
1744 1255 1962 1324 mrcmise-
2046 1321 2050 1330 .

592 1367 755 1438 ricordiae
782 1378 877 1452 tuae.
904 1378 939 1437 et
964 1366 1143 1461 multiplica
1170 1388 1252 1457 erga
1278 1389 1342 1437 nos
1370 1367 1577 1440 clementiam
1601 1379 1699 1439 tuam.
1750 1365 1866 1440 Ablue
1884 1367 1962 1440 Do·

592 1491 679 1555 uriae
706 1481 855 1554 delectus
881 1494 1017 1555 nostros
1032 1506 1094 1577 per
1110 1481 1331 1555 abundantem
1351 1488 1492 1575 gratiam
1514 1495 1614 1570 tuam
1640 1482 1801 1556 contrabe
1820 1485 1962 1556 Domine

588 1604 745 1690 justitiam
773 1609 881 1688 tuam,
908 1609 941 1669 et
968 1599 1130 1691 affulgere
1155 1598 1211 1670 iac
1237 1621 1339 1694 super
1355 1621 1419 1671 nos
1431 1600 1639 1672 clementiam
1657 1610 1761 1671 mam:
1790 1621 1962 1672 neumare

591 1717 771 1787 defleamus
798 1739 873 1786 cum
900 1714 1087 1786 errantibus
1115 1718 1169 1809 qui
1195 1738 1263 1786 non
1288 1725 1456 1786 noverunt
1481 1738 1602 1787 nomen
1629 1724 1733 1798 tuum,
1760 1737 1872 1808 neque
1904 1713 1961 1788 lu-

590 1843 720 1903 nestam
746 1844 887 1902 mortem
915 1832 1099 1920 obeamus,
1124 1854 1199 1904 cum
1226 1831 1290 1902 illis
1317 1836 1373 1925 qui
1394 1842 1663 1926 contempserunt
1685 1834 1865 1926 passiones
1880 1840 1960 1904 tuas.

592 1948 645 2018 Ne
679 1948 887 2018 dissecentur
920 1948 1070 2019 membra
1103 1956 1218 2018 nostra
1251 1958 1388 2042 propter
1420 1947 1569 2019 odiosam
1603 1969 1741 2042 operum
1774 1957 1961 2020 nostrorum

591 2069 785 2158 nequitiam:
812 2086 855 2135 ne
887 2064 1070 2133 incidamus
1104 2065 1274 2154 inignem
1308 2073 1456 2134 urentem
1488 2073 1521 2134 et
1556 2061 1883 2134 tenebrosissimum:
1920 2084 1961 2133 ns

592 2179 777 2250 dominetur
805 2185 837 2250 in
865 2202 927 2251 nos
952 2183 1095 2266 remiis,
1122 2189 1156 2249 et
1183 2178 1341 2251 corrodat
1364 2177 1627 2251 abominationes
1644 2186 1795 2249 nostras:
1821 2200 1866 2248 ne
1883 2201 1961 2273 prae

592 2305 830 2367 tormentorum
862 2293 1087 2386 magnitudine
1127 2294 1303 2386 ejulemus.
1341 2317 1384 2365 ne
1416 2294 1594 2366 clamemus
1631 2317 1711 2389 prae
1746 2291 1884 2364 dolore:
1921 2316 1961 2364 ne

592 2413 763 2500 ejiciamur
790 2435 863 2481 eum
891 2416 931 2482 iis
959 2416 1014 2505 qui
1041 2414 1232 2501 ejiciuntur:
1263 2433 1307 2481 ne
1340 2414 1606 2502 constringamur
1640 2408 1783 2480 vinculis
1817 2408 1960 2480 durissi-

593 2531 675 2610 mis,
703 2527 764 2598 sed
791 2539 899 2598 statue
926 2549 989 2597 nos
1016 2528 1057 2597 ad
1085 2528 1195 2598 lumen
1222 2527 1332 2598 uultus
1360 2530 1424 2597 tui:
1451 2526 1609 2598 confitere
1635 2548 1700 2632 nos
1727 2527 1782 2618 qui
1815 2524 1960 2598 confessi

594 2666 707 2713 sumus
735 2654 778 2712 te.
831 2643 989 2733 Adjunge
1015 2665 1079 2714 nos
1113 2643 1300 2734 agminibus
1333 2646 1413 2713 tuis:
1446 2666 1582 2714 numera
1614 2665 1677 2713 nos
1709 2644 1794 2711 iuter
1829 2641 1960 2713 ordines

595 2767 681 2828 mos.
708 2781 874 2853 praepara
901 2757 998 2830 nobis
1026 2756 1211 2828 habitacula
1238 2767 1310 2828 tua:
1343 2759 1486 2829 illumina
1520 2782 1582 2830 nos
1613 2758 1734 2829 lumine
1769 2756 1882 2827 multus
1908 2759 1959 2827 tui.

596 2873 682 2956 Ouia
709 2875 856 2945 confessi
884 2897 997 2946 sumus
1025 2885 1075 2962 te.
1103 2874 1263 2945 confitere
1290 2896 1370 2944 nos:
1398 2879 1532 2969 etquis
1560 2896 1627 2944 non
1649 2873 1894 2963 abnegavimus
1919 2881 1961 2956 te,

594 3012 696 3082 parca
723 2989 830 3060 nobis
882 2989 933 3061 Ea
960 3000 1097 3085 propter
1123 2988 1277 3060 Ecclesia
1305 3001 1359 3061 tua
1386 2988 1556 3085 redempta
1589 2993 1751 3080 sangiune
1786 2996 1865 3077 tuo,
1897 2988 1959 3059 do-

594 3118 749 3198 preeatur
776 3116 828 3190 te.¹
856 3116 889 3176 et
916 3128 975 3199 per
1001 3115 1036 3175 te
1062 3116 1095 3176 et
1122 3115 1230 3176 tecmn
1256 3105 1390 3177 Patrem
1417 3116 1524 3192 tuum.
1552 3105 1676 3177 dicens.

698 3221 857 3313 Populus.
910 3222 1083 3292 Miserere.

698 3337 881 3408 Sacerdos.
934 3337 1008 3408 Nos
1035 3359 1177 3431 quoque.

696 3453 883 3524 Diaconos.
939 3453 1045 3539 Quam
1073 3453 1217 3523 timenda
1244 3462 1295 3523 cst
1323 3450 1406 3522 baec
1431 3451 1525 3522 hora.

697 3568 857 3660 Populus.
912 3569 1025 3640 Orate.

732 3927 913 4000 Sacerdos
939 3931 1023 4000 dicit
1051 3932 1247 4000 Orationem
1275 3929 1508 3998 Inrocationis
1534 3927 1685 4019 Spiritus
1709 3931 1832 3997 sancti.

698 4144 863 4216 Miserere
889 4146 987 4218 nobis
1014 4146 1107 4217 Deus
1134 4148 1234 4218 Pater
1261 4151 1488 4241 omnipotens.
1523 4155 1555 4216 et
1589 4150 1681 4216 mitte
1714 4169 1815 4240 super
1841 4167 1903 4218 nos
1927 4154 1958 4215 et

597 4283 697 4355 snper
730 4261 916 4334 oblationes
949 4267 1030 4334 istas
1061 4268 1266 4357 propositas.
1303 4264 1456 4357 Spiritum
1494 4274 1580 4332 tuum
1613 4271 1780 4338 sanctum.
1815 4266 1871 4357 qui
1905 4260 1957 4332 tibi

598 4378 747 4469 :nequalis
775 4390 826 4447 est
853 4378 960 4468 gloria
988 4388 1022 4449 ct
1046 4388 1233 4473 potestate,
1269 4378 1484 4472 aequalisque
1520 4378 1698 4449 secundum
1727 4379 1957 4468 ,substantiam

596 4501 757 4580 naturam,
785 4506 819 4564 ct
845 4494 1054 4585 dignitatem:
1083 4499 1136 4589 qui
1163 4500 1195 4565 in
1211 4493 1387 4588 Prophetis
1415 4498 1536 4566 sanctis
1563 4494 1692 4566 locutus
1718 4506 1782 4578 est,
1810 4505 1843 4565 et
1861 4494 1957 4587 Apo-

597 4605 703 4676 stolos
730 4607 862 4681 divinos
889 4610 1037 4682 doctrina
1065 4614 1234 4696 instruxit,
1268 4613 1342 4705 ipse
1374 4614 1488 4681 ueniat
1520 4620 1553 4681 et
1584 4610 1736 4681 illabatur
1768 4631 1871 4704 super
1903 4607 1959 4679 bas

598 4719 799 4797 oblationes:
828 4736 861 4797 et
881 4725 1008 4798 custodi
1029 4730 1062 4796 in
1082 4724 1180 4799 nohis
1198 4725 1431 4822 plenitudinem
1450 4726 1705 4821 praedicationis
1722 4724 1961 4817 Evangelicac.

701 4839 861 4931 Populus.
916 4842 1036 4930 Orate,
1063 4853 1126 4914 etc.

700 4955 883 5027 Sacerdos.
936 4956 1067 5028 Exaudi
1093 4979 1156 5028 me.

701 5070 860 5162 Populus.
913 5072 1018 5167 lipsio
1045 5072 1192 5161 eleison,
1218 5073 1325 5167 llyrie
1352 5072 1499 5156 eleison,
1525 5071 1631 5167 llpm'e
1657 5070 1795 5144 eleison.

701 5184 875 5258 Sacerdos
907 5189 1043 5259 elerans
1076 5212 1199 5259 rocam.
1252 5188 1297 5260 m
1324 5186 1476 5259 illabatur
1503 5198 1536 5258 at
1562 5188 1680 5260 officiat
1705 5211 1826 5283 panem
1856 5193 1965 5280 istum,

596 5303 704 5393 ipsum
733 5306 861 5396 inquam
889 5301 985 5391 bunc,
1013 5325 1134 5400 corpus
1163 5301 1283 5374 Cluisti
1310 5302 1373 5374 Dei
1400 5308 1514 5376 nostri.
