<?xml version="1.0" encoding="UTF-8"?>
<!DOCTYPE html PUBLIC "-//W3C//DTD XHTML 1.0 Transitional//EN"
    "http://www.w3.org/TR/xhtml1/DTD/xhtml1-transitional.dtd">
<html xmlns="http://www.w3.org/1999/xhtml" xml:lang="en" lang="en">
 <head>
  <title>
</title>
<meta http-equiv="Content-Type" content="text/html;charset=utf-8" />
  <meta name='ocr-system' content='tesseract 3.04.00' />
  <meta name='ocr-capabilities' content='ocr_page ocr_carea ocr_par ocr_line ocrx_word'/>
</head>
<body>
  <div class='ocr_page' id='page_1' title='image "./liturgiarumorie00renagoog_0482.png"; bbox 0 0 5150 6534; ppageno 0'>
   <div class='ocr_carea' id='block_1_1' title="bbox 627 829 1495 926">
    <p class='ocr_par' dir='ltr' id='par_1_1' title="bbox 627 829 1495 926">
     <span class='ocr_line' id='line_1_1' title="bbox 627 829 1495 926; baseline -0.002 -19"><span class='ocrx_word' id='word_1_1' title='bbox 627 831 705 907; x_wconf 78' lang='lat'><strong>444</strong></span> <span class='ocrx_word' id='word_1_2' title='bbox 838 899 848 926; x_wconf 51' lang='lat' dir='ltr'><em>s</em></span> <span class='ocrx_word' id='word_1_3' title='bbox 1132 829 1495 910; x_wconf 75' lang='lat' dir='ltr'><strong>tttotott</strong></span> 
     </span>
    </p>
   </div>
   <div class='ocr_carea' id='block_1_2' title="bbox 579 1008 2018 1923">
    <p class='ocr_par' dir='ltr' id='par_1_2' title="bbox 579 1008 2018 1923">
     <span class='ocr_line' id='line_1_2' title="bbox 627 1008 1998 1113; baseline -0.003 -25"><span class='ocrx_word' id='word_1_4' title='bbox 627 1017 692 1090; x_wconf 92' lang='lat' dir='ltr'><strong>hoe</strong></span> <span class='ocrx_word' id='word_1_5' title='bbox 719 1020 894 1113; x_wconf 78' lang='lat' dir='ltr'><strong>mysticum</strong></span> <span class='ocrx_word' id='word_1_6' title='bbox 921 1027 956 1090; x_wconf 90' lang='lat' dir='ltr'><strong>et</strong></span> <span class='ocrx_word' id='word_1_7' title='bbox 982 1019 1072 1091; x_wconf 93' lang='lat' dir='ltr'><strong>omni</strong></span> <span class='ocrx_word' id='word_1_8' title='bbox 1104 1039 1166 1113; x_wconf 90' lang='lat' dir='ltr'><strong>spe</strong></span> <span class='ocrx_word' id='word_1_9' title='bbox 1195 1015 1297 1091; x_wconf 87' lang='lat' dir='ltr'><strong>beata</strong></span> <span class='ocrx_word' id='word_1_10' title='bbox 1329 1015 1472 1113; x_wconf 89' lang='lat' dir='ltr'><strong>plenum.</strong></span> <span class='ocrx_word' id='word_1_11' title='bbox 1523 1015 1690 1104; x_wconf 78' lang='lat' dir='ltr'><strong>Domine,</strong></span> <span class='ocrx_word' id='word_1_12' title='bbox 1723 1016 1863 1109; x_wconf 66' lang='lat' dir='ltr'><strong>stampe</strong></span> <span class='ocrx_word' id='word_1_13' title='bbox 1893 1008 1998 1085; x_wconf 84' lang='lat' dir='ltr'><strong>obse-</strong></span> 
     </span>
     <span class='ocr_line' id='line_1_3' title="bbox 628 1128 2000 1229; baseline -0.001 -26"><span class='ocrx_word' id='word_1_14' title='bbox 628 1137 811 1205; x_wconf 88' lang='lat' dir='ltr'><strong>crationem</strong></span> <span class='ocrx_word' id='word_1_15' title='bbox 837 1142 987 1206; x_wconf 75' lang='lat' dir='ltr'><strong>noemam</strong></span> <span class='ocrx_word' id='word_1_16' title='bbox 1011 1143 1149 1229; x_wconf 87' lang='lat' dir='ltr'><strong>propter</strong></span> <span class='ocrx_word' id='word_1_17' title='bbox 1175 1154 1251 1222; x_wconf 80' lang='lat' dir='ltr'><strong>eos,</strong></span> <span class='ocrx_word' id='word_1_18' title='bbox 1278 1143 1313 1205; x_wconf 94' lang='lat' dir='ltr'><strong>et</strong></span> <span class='ocrx_word' id='word_1_19' title='bbox 1338 1131 1415 1205; x_wconf 90' lang='lat' dir='ltr'><strong>dele</strong></span> <span class='ocrx_word' id='word_1_20' title='bbox 1429 1142 1571 1226; x_wconf 87' lang='lat' dir='ltr'><strong>peccata</strong></span> <span class='ocrx_word' id='word_1_21' title='bbox 1587 1142 1687 1225; x_wconf 80' lang='lat' dir='ltr'><strong>etque</strong></span> <span class='ocrx_word' id='word_1_22' title='bbox 1700 1128 1857 1203; x_wconf 86' lang='lat' dir='ltr'><strong>deiectus</strong></span> <span class='ocrx_word' id='word_1_23' title='bbox 1875 1149 2000 1219; x_wconf 69' lang='lat' dir='ltr'><strong>com</strong></span> 
     </span>
     <span class='ocr_line' id='line_1_4' title="bbox 630 1246 2001 1342; baseline -0.002 -22"><span class='ocrx_word' id='word_1_24' title='bbox 630 1248 750 1321; x_wconf 78' lang='lat' dir='ltr'><strong>dealba</strong></span> <span class='ocrx_word' id='word_1_25' title='bbox 775 1248 925 1323; x_wconf 88' lang='lat' dir='ltr'><strong>maculas</strong></span> <span class='ocrx_word' id='word_1_26' title='bbox 952 1271 1085 1322; x_wconf 87' lang='lat' dir='ltr'><strong>eorum:</strong></span> <span class='ocrx_word' id='word_1_27' title='bbox 1112 1250 1188 1342; x_wconf 81' lang='lat' dir='ltr'><strong>qma</strong></span> <span class='ocrx_word' id='word_1_28' title='bbox 1214 1271 1283 1322; x_wconf 89' lang='lat' dir='ltr'><strong>non</strong></span> <span class='ocrx_word' id='word_1_29' title='bbox 1311 1258 1365 1320; x_wconf 90' lang='lat' dir='ltr'><strong>est</strong></span> <span class='ocrx_word' id='word_1_30' title='bbox 1395 1269 1505 1341; x_wconf 83' lang='lat' dir='ltr'><strong>neque</strong></span> <span class='ocrx_word' id='word_1_31' title='bbox 1537 1246 1616 1338; x_wconf 84' lang='lat' dir='ltr'><strong>init,</strong></span> <span class='ocrx_word' id='word_1_32' title='bbox 1644 1249 1732 1319; x_wconf 88' lang='lat' dir='ltr'><strong>inter</strong></span> <span class='ocrx_word' id='word_1_33' title='bbox 1764 1267 1887 1320; x_wconf 89' lang='lat' dir='ltr'><strong>omncs</strong></span> <span class='ocrx_word' id='word_1_34' title='bbox 1912 1246 2001 1317; x_wconf 77' lang='lat' dir='ltr'><strong>canni</strong></span> 
     </span>
     <span class='ocr_line' id='line_1_5' title="bbox 579 1344 2018 1462; baseline 0.001 -27"><span class='ocrx_word' id='word_1_35' title='bbox 579 1445 587 1462; x_wconf 24' lang='lat' dir='ltr'>x</span> <span class='ocrx_word' id='word_1_36' title='bbox 628 1362 806 1455; x_wconf 83' lang='lat' dir='ltr'><strong>alligatos,</strong></span> <span class='ocrx_word' id='word_1_37' title='bbox 832 1369 888 1461; x_wconf 81' lang='lat' dir='ltr'><strong>qui</strong></span> <span class='ocrx_word' id='word_1_38' title='bbox 913 1387 1016 1461; x_wconf 89' lang='lat' dir='ltr'><strong>pums</strong></span> <span class='ocrx_word' id='word_1_39' title='bbox 1043 1369 1177 1439; x_wconf 91' lang='lat' dir='ltr'><strong>omuino</strong></span> <span class='ocrx_word' id='word_1_40' title='bbox 1204 1369 1249 1439; x_wconf 90' lang='lat' dir='ltr'><strong>sit</strong></span> <span class='ocrx_word' id='word_1_41' title='bbox 1267 1373 1308 1436; x_wconf 87' lang='lat' dir='ltr'><strong>et</strong></span> <span class='ocrx_word' id='word_1_42' title='bbox 1333 1367 1496 1436; x_wconf 80' lang='lat' dir='ltr'><strong>innocens</strong></span> <span class='ocrx_word' id='word_1_43' title='bbox 1521 1384 1638 1436; x_wconf 84' lang='lat' dir='ltr'><strong>coram</strong></span> <span class='ocrx_word' id='word_1_44' title='bbox 1652 1373 1699 1450; x_wconf 87' lang='lat' dir='ltr'><strong>te,</strong></span> <span class='ocrx_word' id='word_1_45' title='bbox 1724 1344 1790 1435; x_wconf 79' lang='lat' dir='ltr'><strong>nisi</strong></span> <span class='ocrx_word' id='word_1_46' title='bbox 1807 1384 1895 1435; x_wconf 81' lang='lat' dir='ltr'><strong>unus</strong></span> <span class='ocrx_word' id='word_1_47' title='bbox 1911 1359 2018 1436; x_wconf 79' lang='lat' dir='ltr'><strong>solm-</strong></span> 
     </span>
     <span class='ocr_line' id='line_1_6' title="bbox 627 1475 1999 1576; baseline 0.001 -25"><span class='ocrx_word' id='word_1_48' title='bbox 627 1480 789 1553; x_wconf 90' lang='lat' dir='ltr'><strong>Dominus</strong></span> <span class='ocrx_word' id='word_1_49' title='bbox 814 1490 930 1553; x_wconf 91' lang='lat' dir='ltr'><strong>noster</strong></span> <span class='ocrx_word' id='word_1_50' title='bbox 956 1492 990 1554; x_wconf 92' lang='lat' dir='ltr'><strong>et</strong></span> <span class='ocrx_word' id='word_1_51' title='bbox 1019 1481 1124 1553; x_wconf 82' lang='lat' dir='ltr'><strong>Filius</strong></span> <span class='ocrx_word' id='word_1_52' title='bbox 1155 1490 1247 1568; x_wconf 87' lang='lat' dir='ltr'><strong>tuus,</strong></span> <span class='ocrx_word' id='word_1_53' title='bbox 1278 1502 1343 1576; x_wconf 91' lang='lat' dir='ltr'><strong>per</strong></span> <span class='ocrx_word' id='word_1_54' title='bbox 1377 1502 1476 1575; x_wconf 86' lang='lat' dir='ltr'><strong>quem</strong></span> <span class='ocrx_word' id='word_1_55' title='bbox 1509 1501 1573 1553; x_wconf 85' lang='lat' dir='ltr'><strong>nos</strong></span> <span class='ocrx_word' id='word_1_56' title='bbox 1607 1481 1706 1552; x_wconf 86' lang='lat' dir='ltr'><strong>etiam</strong></span> <span class='ocrx_word' id='word_1_57' title='bbox 1737 1475 1999 1568; x_wconf 72' lang='lat' dir='ltr'><strong>misericordiam</strong></span> 
     </span>
     <span class='ocr_line' id='line_1_7' title="bbox 629 1598 2001 1692; baseline 0.002 -26"><span class='ocrx_word' id='word_1_58' title='bbox 629 1598 790 1691; x_wconf 82' lang='lat' dir='ltr'><strong>consequi</strong></span> <span class='ocrx_word' id='word_1_59' title='bbox 818 1619 1010 1692; x_wconf 73' lang='lat' dir='ltr'><strong>speramus,</strong></span> <span class='ocrx_word' id='word_1_60' title='bbox 1037 1607 1071 1669; x_wconf 92' lang='lat' dir='ltr'><strong>et</strong></span> <span class='ocrx_word' id='word_1_61' title='bbox 1102 1600 1336 1670; x_wconf 89' lang='lat' dir='ltr'><strong>remissionem</strong></span> <span class='ocrx_word' id='word_1_62' title='bbox 1368 1605 1603 1691; x_wconf 82' lang='lat' dir='ltr'><strong>peccatorum,</strong></span> <span class='ocrx_word' id='word_1_63' title='bbox 1638 1617 1725 1691; x_wconf 84' lang='lat' dir='ltr'><strong>quac</strong></span> <span class='ocrx_word' id='word_1_64' title='bbox 1754 1600 1899 1690; x_wconf 87' lang='lat' dir='ltr'><strong>propter</strong></span> <span class='ocrx_word' id='word_1_65' title='bbox 1928 1613 2001 1669; x_wconf 71' lang='lat' dir='ltr'><strong>em</strong></span> 
     </span>
     <span class='ocr_line' id='line_1_8' title="bbox 629 1711 1141 1808; baseline 0.004 -27"><span class='ocrx_word' id='word_1_66' title='bbox 629 1721 697 1796; x_wconf 88' lang='lat' dir='ltr'><strong>est,</strong></span> <span class='ocrx_word' id='word_1_67' title='bbox 725 1722 793 1785; x_wconf 84' lang='lat' dir='ltr'><strong>tam</strong></span> <span class='ocrx_word' id='word_1_68' title='bbox 807 1711 916 1799; x_wconf 14' lang='lat' dir='ltr'><strong>&#39;nobis</strong></span> <span class='ocrx_word' id='word_1_69' title='bbox 943 1736 1043 1808; x_wconf 84' lang='lat' dir='ltr'><strong>quam</strong></span> <span class='ocrx_word' id='word_1_70' title='bbox 1067 1712 1141 1785; x_wconf 90' lang='lat' dir='ltr'><strong>illis.</strong></span> 
     </span>
     <span class='ocr_line' id='line_1_9' title="bbox 732 1827 1271 1923; baseline 0.004 -25"><span class='ocrx_word' id='word_1_71' title='bbox 732 1827 894 1920; x_wconf 77' lang='lat' dir='ltr'><strong>Populus.</strong></span> <span class='ocrx_word' id='word_1_72' title='bbox 948 1828 1099 1914; x_wconf 80' lang='lat' dir='ltr'><strong>Quietem</strong></span> <span class='ocrx_word' id='word_1_73' title='bbox 1124 1838 1271 1923; x_wconf 87' lang='lat' dir='ltr'><strong>praesta.</strong></span> 
     </span>
    </p>
   </div>
   <div class='ocr_carea' id='block_1_3' title="bbox 628 1938 1999 2502">
    <p class='ocr_par' dir='ltr' id='par_1_3' title="bbox 628 1938 1999 2502">
     <span class='ocr_line' id='line_1_10' title="bbox 732 1938 1999 2039; baseline 0.002 -27"><span class='ocrx_word' id='word_1_74' title='bbox 732 1941 917 2016; x_wconf 74' lang='lat' dir='ltr'><strong><em>Sacerdos.</em></strong></span> <span class='ocrx_word' id='word_1_75' title='bbox 969 1943 1094 2017; x_wconf 86' lang='lat' dir='ltr'><strong>Libere</strong></span> <span class='ocrx_word' id='word_1_76' title='bbox 1121 1947 1222 2016; x_wconf 87' lang='lat' dir='ltr'><strong>etiam</strong></span> <span class='ocrx_word' id='word_1_77' title='bbox 1249 1953 1283 2016; x_wconf 88' lang='lat' dir='ltr'><strong>et</strong></span> <span class='ocrx_word' id='word_1_78' title='bbox 1308 1965 1494 2039; x_wconf 84' lang='lat' dir='ltr'><strong>praeserva</strong></span> <span class='ocrx_word' id='word_1_79' title='bbox 1519 1964 1605 2030; x_wconf 84' lang='lat' dir='ltr'><strong>nos,</strong></span> <span class='ocrx_word' id='word_1_80' title='bbox 1629 1941 1794 2031; x_wconf 79' lang='lat' dir='ltr'><strong>Domine,</strong></span> <span class='ocrx_word' id='word_1_81' title='bbox 1820 1938 1864 2014; x_wconf 78' lang='lat' dir='ltr'><strong>ab</strong></span> <span class='ocrx_word' id='word_1_82' title='bbox 1889 1940 1999 2029; x_wconf 87' lang='lat' dir='ltr'><strong>omoi-</strong></span> 
     </span>
     <span class='ocr_line' id='line_1_11' title="bbox 628 2046 1999 2153; baseline 0 -25"><span class='ocrx_word' id='word_1_83' title='bbox 628 2055 691 2128; x_wconf 91' lang='lat' dir='ltr'><strong>bus</strong></span> <span class='ocrx_word' id='word_1_84' title='bbox 717 2046 845 2132; x_wconf 87' lang='lat' dir='ltr'><strong>insidiis</strong></span> <span class='ocrx_word' id='word_1_85' title='bbox 877 2060 973 2132; x_wconf 89' lang='lat' dir='ltr'><strong>malis</strong></span> <span class='ocrx_word' id='word_1_86' title='bbox 1004 2059 1139 2153; x_wconf 81' lang='lat' dir='ltr'><strong>maligni</strong></span> <span class='ocrx_word' id='word_1_87' title='bbox 1173 2060 1359 2133; x_wconf 86' lang='lat' dir='ltr'><strong>adversarii</strong></span> <span class='ocrx_word' id='word_1_88' title='bbox 1391 2062 1516 2132; x_wconf 91' lang='lat' dir='ltr'><strong>nostri:</strong></span> <span class='ocrx_word' id='word_1_89' title='bbox 1550 2057 1705 2153; x_wconf 85' lang='lat' dir='ltr'><strong>quamdiu</strong></span> <span class='ocrx_word' id='word_1_90' title='bbox 1739 2064 1853 2130; x_wconf 59' lang='lat' dir='ltr'><strong>anum</strong></span> <span class='ocrx_word' id='word_1_91' title='bbox 1877 2058 1914 2128; x_wconf 92' lang='lat' dir='ltr'><strong>in</strong></span> <span class='ocrx_word' id='word_1_92' title='bbox 1938 2054 1999 2150; x_wconf 72' lang='lat' dir='ltr'><strong>hoc</strong></span> 
     </span>
     <span class='ocr_line' id='line_1_12' title="bbox 629 2170 1999 2268; baseline 0.003 -26"><span class='ocrx_word' id='word_1_93' title='bbox 629 2172 751 2246; x_wconf 82' lang='lat' dir='ltr'><strong>mumdo</strong></span> <span class='ocrx_word' id='word_1_94' title='bbox 779 2173 955 2268; x_wconf 79' lang='lat' dir='ltr'>degemus,</span> <span class='ocrx_word' id='word_1_95' title='bbox 989 2178 1078 2247; x_wconf 92' lang='lat' dir='ltr'><strong>muni</strong></span> <span class='ocrx_word' id='word_1_96' title='bbox 1103 2175 1202 2249; x_wconf 88' lang='lat' dir='ltr'><strong>nobis</strong></span> <span class='ocrx_word' id='word_1_97' title='bbox 1234 2178 1310 2247; x_wconf 88' lang='lat' dir='ltr'><strong>vias</strong></span> <span class='ocrx_word' id='word_1_98' title='bbox 1345 2174 1506 2249; x_wconf 89' lang='lat' dir='ltr'><strong>decursus</strong></span> <span class='ocrx_word' id='word_1_99' title='bbox 1538 2178 1662 2248; x_wconf 79' lang='lat' dir='ltr'><strong>nostri:</strong></span> <span class='ocrx_word' id='word_1_100' title='bbox 1695 2172 1757 2246; x_wconf 86' lang='lat' dir='ltr'><strong>iac</strong></span> <span class='ocrx_word' id='word_1_101' title='bbox 1782 2194 1850 2246; x_wconf 87' lang='lat' dir='ltr'><strong>nos</strong></span> <span class='ocrx_word' id='word_1_102' title='bbox 1883 2170 1999 2265; x_wconf 60' lang='lat' dir='ltr'><strong>danos</strong></span> 
     </span>
     <span class='ocr_line' id='line_1_13' title="bbox 630 2287 1999 2387; baseline 0.001 -28"><span class='ocrx_word' id='word_1_103' title='bbox 630 2288 695 2359; x_wconf 88' lang='lat' dir='ltr'><strong>fine</strong></span> <span class='ocrx_word' id='word_1_104' title='bbox 720 2287 825 2379; x_wconf 82' lang='lat' dir='ltr'><strong>bono,</strong></span> <span class='ocrx_word' id='word_1_105' title='bbox 852 2301 887 2362; x_wconf 91' lang='lat' dir='ltr'><strong>ct</strong></span> <span class='ocrx_word' id='word_1_106' title='bbox 912 2294 1004 2363; x_wconf 82' lang='lat' dir='ltr'><strong>exitu</strong></span> <span class='ocrx_word' id='word_1_107' title='bbox 1029 2313 1092 2387; x_wconf 91' lang='lat' dir='ltr'><strong>per</strong></span> <span class='ocrx_word' id='word_1_108' title='bbox 1118 2291 1380 2365; x_wconf 89' lang='lat' dir='ltr'><strong>misericordiam</strong></span> <span class='ocrx_word' id='word_1_109' title='bbox 1407 2290 1508 2364; x_wconf 81' lang='lat' dir='ltr'><strong>felici.</strong></span> <span class='ocrx_word' id='word_1_110' title='bbox 1553 2288 1695 2386; x_wconf 77' lang='lat' dir='ltr'>Depelle</span> <span class='ocrx_word' id='word_1_111' title='bbox 1720 2313 1742 2361; x_wconf 90' lang='lat' dir='ltr'><strong>a</strong></span> <span class='ocrx_word' id='word_1_112' title='bbox 1767 2289 1869 2362; x_wconf 90' lang='lat' dir='ltr'><strong>nobis</strong></span> <span class='ocrx_word' id='word_1_113' title='bbox 1895 2309 1999 2360; x_wconf 83' lang='lat' dir='ltr'><strong>exer-</strong></span> 
     </span>
     <span class='ocr_line' id='line_1_14' title="bbox 629 2401 1999 2502; baseline 0 -28"><span class='ocrx_word' id='word_1_114' title='bbox 629 2407 728 2475; x_wconf 91' lang='lat' dir='ltr'><strong>citum</strong></span> <span class='ocrx_word' id='word_1_115' title='bbox 755 2427 897 2500; x_wconf 88' lang='lat' dir='ltr'><strong>nequam</strong></span> <span class='ocrx_word' id='word_1_116' title='bbox 923 2405 1089 2479; x_wconf 84' lang='lat' dir='ltr'><strong>latrotmm</strong></span> <span class='ocrx_word' id='word_1_117' title='bbox 1114 2410 1147 2478; x_wconf 91' lang='lat' dir='ltr'><strong>in</strong></span> <span class='ocrx_word' id='word_1_118' title='bbox 1175 2416 1255 2480; x_wconf 79' lang='lat' dir='ltr'><strong>aere</strong></span> <span class='ocrx_word' id='word_1_119' title='bbox 1281 2406 1476 2496; x_wconf 89' lang='lat' dir='ltr'><strong>volantium,</strong></span> <span class='ocrx_word' id='word_1_120' title='bbox 1504 2416 1537 2479; x_wconf 91' lang='lat' dir='ltr'><strong>et</strong></span> <span class='ocrx_word' id='word_1_121' title='bbox 1558 2417 1691 2502; x_wconf 86' lang='lat' dir='ltr'><strong>praesta</strong></span> <span class='ocrx_word' id='word_1_122' title='bbox 1710 2405 1812 2479; x_wconf 90' lang='lat' dir='ltr'><strong>nobis</strong></span> <span class='ocrx_word' id='word_1_123' title='bbox 1826 2415 1863 2478; x_wconf 92' lang='lat' dir='ltr'><strong>ut</strong></span> <span class='ocrx_word' id='word_1_124' title='bbox 1882 2401 1999 2475; x_wconf 83' lang='lat' dir='ltr'><strong>audia-</strong></span> 
     </span>
    </p>
   </div>
   <div class='ocr_carea' id='block_1_4' title="bbox 603 2519 2032 3869">
    <p class='ocr_par' dir='ltr' id='par_1_4' title="bbox 603 2519 2032 3081">
     <span class='ocr_line' id='line_1_15' title="bbox 630 2519 2032 2617; baseline 0.001 -27"><span class='ocrx_word' id='word_1_125' title='bbox 630 2541 703 2592; x_wconf 89' lang='lat' dir='ltr'><strong>mus</strong></span> <span class='ocrx_word' id='word_1_126' title='bbox 729 2542 849 2593; x_wconf 88' lang='lat' dir='ltr'><strong>vocem</strong></span> <span class='ocrx_word' id='word_1_127' title='bbox 883 2520 970 2593; x_wconf 86' lang='lat' dir='ltr'><strong>illam</strong></span> <span class='ocrx_word' id='word_1_128' title='bbox 1006 2521 1128 2595; x_wconf 89' lang='lat' dir='ltr'><strong>laetam</strong></span> <span class='ocrx_word' id='word_1_129' title='bbox 1164 2522 1328 2595; x_wconf 82' lang='lat' dir='ltr'><strong>dicentem</strong></span> <span class='ocrx_word' id='word_1_130' title='bbox 1361 2522 1404 2595; x_wconf 90' lang='lat' dir='ltr'><strong>ad</strong></span> <span class='ocrx_word' id='word_1_131' title='bbox 1438 2545 1521 2612; x_wconf 84' lang='lat' dir='ltr'><strong>nos,</strong></span> <span class='ocrx_word' id='word_1_132' title='bbox 1554 2526 1668 2595; x_wconf 86' lang='lat' dir='ltr'><strong>venite</strong></span> <span class='ocrx_word' id='word_1_133' title='bbox 1699 2519 1869 2594; x_wconf 86' lang='lat' dir='ltr'><strong>benedicti</strong></span> <span class='ocrx_word' id='word_1_134' title='bbox 1902 2522 2032 2617; x_wconf 83' lang='lat' dir='ltr'><strong>patris·</strong></span> 
     </span>
     <span class='ocr_line' id='line_1_16' title="bbox 629 2635 2000 2735; baseline 0.001 -30"><span class='ocrx_word' id='word_1_135' title='bbox 629 2640 713 2724; x_wconf 78' lang='lat' dir='ltr'><strong>mei,</strong></span> <span class='ocrx_word' id='word_1_136' title='bbox 739 2636 910 2732; x_wconf 89' lang='lat' dir='ltr'><strong>possidete</strong></span> <span class='ocrx_word' id='word_1_137' title='bbox 936 2635 1195 2728; x_wconf 84' lang='lat' dir='ltr'><strong>haereditatem,</strong></span> <span class='ocrx_word' id='word_1_138' title='bbox 1222 2661 1310 2734; x_wconf 90' lang='lat' dir='ltr'><strong>quae</strong></span> <span class='ocrx_word' id='word_1_139' title='bbox 1335 2650 1453 2735; x_wconf 85' lang='lat' dir='ltr'><strong>parata</strong></span> <span class='ocrx_word' id='word_1_140' title='bbox 1479 2650 1531 2713; x_wconf 90' lang='lat' dir='ltr'><strong>est</strong></span> <span class='ocrx_word' id='word_1_141' title='bbox 1556 2637 1671 2712; x_wconf 86' lang='lat' dir='ltr'><strong>vohis:</strong></span> <span class='ocrx_word' id='word_1_142' title='bbox 1704 2641 1801 2710; x_wconf 90' lang='lat' dir='ltr'><strong>utin</strong></span> <span class='ocrx_word' id='word_1_143' title='bbox 1825 2635 1894 2709; x_wconf 87' lang='lat' dir='ltr'><strong>hoc</strong></span> <span class='ocrx_word' id='word_1_144' title='bbox 1920 2641 2000 2711; x_wconf 88' lang='lat' dir='ltr'><strong>sicut</strong></span> 
     </span>
     <span class='ocr_line' id='line_1_17' title="bbox 630 2749 1999 2846; baseline 0.001 -25"><span class='ocrx_word' id='word_1_145' title='bbox 630 2761 664 2822; x_wconf 92' lang='lat' dir='ltr'><strong>et</strong></span> <span class='ocrx_word' id='word_1_146' title='bbox 690 2754 723 2822; x_wconf 92' lang='lat' dir='ltr'><strong>in</strong></span> <span class='ocrx_word' id='word_1_147' title='bbox 750 2752 919 2842; x_wconf 89' lang='lat' dir='ltr'><strong>omnihus,</strong></span> <span class='ocrx_word' id='word_1_148' title='bbox 951 2754 1157 2846; x_wconf 84' lang='lat' dir='ltr'><strong>glorificetur</strong></span> <span class='ocrx_word' id='word_1_149' title='bbox 1182 2764 1217 2826; x_wconf 93' lang='lat' dir='ltr'><strong>et</strong></span> <span class='ocrx_word' id='word_1_150' title='bbox 1240 2754 1393 2827; x_wconf 90' lang='lat' dir='ltr'><strong>laudetur</strong></span> <span class='ocrx_word' id='word_1_151' title='bbox 1419 2754 1463 2828; x_wconf 86' lang='lat' dir='ltr'><strong>ab</strong></span> <span class='ocrx_word' id='word_1_152' title='bbox 1489 2753 1642 2827; x_wconf 87' lang='lat' dir='ltr'><strong>omnihus</strong></span> <span class='ocrx_word' id='word_1_153' title='bbox 1669 2776 1792 2827; x_wconf 90' lang='lat' dir='ltr'><strong>nomen</strong></span> <span class='ocrx_word' id='word_1_154' title='bbox 1818 2762 1911 2825; x_wconf 86' lang='lat' dir='ltr'><strong>tunm</strong></span> <span class='ocrx_word' id='word_1_155' title='bbox 1936 2749 1999 2823; x_wconf 80' lang='lat' dir='ltr'><strong>ho-</strong></span> 
     </span>
     <span class='ocr_line' id='line_1_18' title="bbox 603 2867 2000 2966; baseline 0.004 -29"><span class='ocrx_word' id='word_1_156' title='bbox 603 2867 811 2954; x_wconf 84' lang='lat' dir='ltr'><strong>norandum</strong></span> <span class='ocrx_word' id='word_1_157' title='bbox 848 2868 1000 2942; x_wconf 90' lang='lat' dir='ltr'><strong>omnihus</strong></span> <span class='ocrx_word' id='word_1_158' title='bbox 1035 2870 1160 2959; x_wconf 91' lang='lat' dir='ltr'><strong>modis,</strong></span> <span class='ocrx_word' id='word_1_159' title='bbox 1201 2881 1234 2943; x_wconf 93' lang='lat' dir='ltr'><strong>et</strong></span> <span class='ocrx_word' id='word_1_160' title='bbox 1266 2868 1496 2961; x_wconf 81' lang='lat' dir='ltr'><strong>benedictum,</strong></span> <span class='ocrx_word' id='word_1_161' title='bbox 1531 2870 1693 2966; x_wconf 79' lang='lat' dir='ltr'><strong>simulque</strong></span> <span class='ocrx_word' id='word_1_162' title='bbox 1725 2871 1865 2943; x_wconf 87' lang='lat' dir='ltr'><strong>Domini</strong></span> <span class='ocrx_word' id='word_1_163' title='bbox 1900 2868 2000 2942; x_wconf 71' lang='lat' dir='ltr'><strong>nosti</strong></span> 
     </span>
     <span class='ocr_line' id='line_1_19' title="bbox 628 2982 1245 3081; baseline 0.008 -28"><span class='ocrx_word' id='word_1_164' title='bbox 628 2982 710 3054; x_wconf 86' lang='lat' dir='ltr'><strong>Jesu</strong></span> <span class='ocrx_word' id='word_1_165' title='bbox 738 2983 873 3073; x_wconf 76' lang='lat' dir='ltr'><strong>Christi,</strong></span> <span class='ocrx_word' id='word_1_166' title='bbox 898 2995 934 3056; x_wconf 91' lang='lat' dir='ltr'><strong>et</strong></span> <span class='ocrx_word' id='word_1_167' title='bbox 959 2985 1103 3081; x_wconf 84' lang='lat' dir='ltr'><strong>Spiritus</strong></span> <span class='ocrx_word' id='word_1_168' title='bbox 1130 2989 1245 3059; x_wconf 85' lang='lat' dir='ltr'><strong>sancti.</strong></span> 
     </span>
    </p>

    <p class='ocr_par' dir='ltr' id='par_1_5' title="bbox 733 3099 1000 3192">
     <span class='ocr_line' id='line_1_20' title="bbox 733 3099 1000 3192; baseline 0.015 -23"><span class='ocrx_word' id='word_1_169' title='bbox 733 3099 894 3192; x_wconf 76' lang='lat' dir='ltr'><strong>Populus.</strong></span> <span class='ocrx_word' id='word_1_170' title='bbox 948 3100 1000 3173; x_wconf 88' lang='lat' dir='ltr'><strong>Ut</strong></span> 
     </span>
    </p>

    <p class='ocr_par' dir='ltr' id='par_1_6' title="bbox 733 3213 1055 3289">
     <span class='ocr_line' id='line_1_21' title="bbox 733 3213 1055 3289; baseline 0.009 -3"><span class='ocrx_word' id='word_1_171' title='bbox 733 3213 918 3289; x_wconf 77' lang='lat' dir='ltr'><strong>Sacerdos.</strong></span> <span class='ocrx_word' id='word_1_172' title='bbox 970 3216 1055 3289; x_wconf 89' lang='lat' dir='ltr'><strong>Pax.</strong></span> 
     </span>
    </p>

    <p class='ocr_par' dir='ltr' id='par_1_7' title="bbox 732 3331 1329 3428">
     <span class='ocr_line' id='line_1_22' title="bbox 732 3331 1329 3428; baseline 0.002 -26"><span class='ocrx_word' id='word_1_173' title='bbox 732 3331 895 3426; x_wconf 75' lang='lat' dir='ltr'><strong>Papam.</strong></span> <span class='ocrx_word' id='word_1_174' title='bbox 947 3331 1091 3405; x_wconf 85' lang='lat' dir='ltr'><strong>Etcum</strong></span> <span class='ocrx_word' id='word_1_175' title='bbox 1120 3335 1236 3428; x_wconf 88' lang='lat' dir='ltr'><strong>spiritu</strong></span> <span class='ocrx_word' id='word_1_176' title='bbox 1262 3344 1329 3405; x_wconf 87' lang='lat' dir='ltr'><strong>tuo.</strong></span> 
     </span>
    </p>

    <p class='ocr_par' dir='ltr' id='par_1_8' title="bbox 732 3445 1515 3538">
     <span class='ocr_line' id='line_1_23' title="bbox 732 3445 1515 3538; baseline 0.004 -21"><span class='ocrx_word' id='word_1_177' title='bbox 732 3445 918 3520; x_wconf 79' lang='lat' dir='ltr'><strong>Sacerdos.</strong></span> <span class='ocrx_word' id='word_1_178' title='bbox 970 3447 1224 3521; x_wconf 81' lang='lat' dir='ltr'><strong>Misericordiae</strong></span> <span class='ocrx_word' id='word_1_179' title='bbox 1249 3448 1316 3520; x_wconf 93' lang='lat' dir='ltr'><strong>Dei</strong></span> <span class='ocrx_word' id='word_1_180' title='bbox 1342 3450 1424 3538; x_wconf 73' lang='lat' dir='ltr'><strong>sint,</strong></span> <span class='ocrx_word' id='word_1_181' title='bbox 1451 3457 1515 3520; x_wconf 90' lang='lat' dir='ltr'><strong>etc.</strong></span> 
     </span>
    </p>

    <p class='ocr_par' dir='ltr' id='par_1_9' title="bbox 732 3561 1329 3659">
     <span class='ocr_line' id='line_1_24' title="bbox 732 3561 1329 3659; baseline 0.003 -26"><span class='ocrx_word' id='word_1_182' title='bbox 732 3563 896 3656; x_wconf 72' lang='lat' dir='ltr'><strong>Papulas.</strong></span> <span class='ocrx_word' id='word_1_183' title='bbox 947 3561 992 3636; x_wconf 84' lang='lat' dir='ltr'><strong>Et</strong></span> <span class='ocrx_word' id='word_1_184' title='bbox 1018 3587 1094 3636; x_wconf 91' lang='lat' dir='ltr'><strong>cum</strong></span> <span class='ocrx_word' id='word_1_185' title='bbox 1120 3568 1235 3659; x_wconf 88' lang='lat' dir='ltr'><strong>spiritu</strong></span> <span class='ocrx_word' id='word_1_186' title='bbox 1262 3575 1329 3637; x_wconf 92' lang='lat' dir='ltr'><strong>tuo.</strong></span> 
     </span>
    </p>

    <p class='ocr_par' dir='ltr' id='par_1_10' title="bbox 737 3678 1281 3775">
     <span class='ocr_line' id='line_1_25' title="bbox 737 3678 1281 3775; baseline 0.004 -25"><span class='ocrx_word' id='word_1_187' title='bbox 737 3678 915 3751; x_wconf 76' lang='lat' dir='ltr'><strong>Sacerdos</strong></span> <span class='ocrx_word' id='word_1_188' title='bbox 937 3683 1072 3774; x_wconf 77' lang='lat' dir='ltr'><strong>fraapit</strong></span> <span class='ocrx_word' id='word_1_189' title='bbox 1098 3685 1133 3751; x_wconf 89' lang='lat' dir='ltr'><strong>et</strong></span> <span class='ocrx_word' id='word_1_190' title='bbox 1157 3685 1281 3775; x_wconf 78' lang='lat' dir='ltr'><strong>sipont.</strong></span> 
     </span>
    </p>

    <p class='ocr_par' dir='ltr' id='par_1_11' title="bbox 734 3795 1271 3869">
     <span class='ocr_line' id='line_1_26' title="bbox 734 3795 1271 3869; baseline 0.011 -6"><span class='ocrx_word' id='word_1_191' title='bbox 734 3795 913 3867; x_wconf 78' lang='lat' dir='ltr'><strong>Diaconos</strong></span> <span class='ocrx_word' id='word_1_192' title='bbox 939 3796 1025 3867; x_wconf 87' lang='lat' dir='ltr'><strong>dicit</strong></span> <span class='ocrx_word' id='word_1_193' title='bbox 1050 3795 1271 3869; x_wconf 73' lang='lat' dir='ltr'><strong>Catholicam.</strong></span> 
     </span>
    </p>
   </div>
   <div class='ocr_carea' id='block_1_5' title="bbox 869 4067 1766 4144">
    <p class='ocr_par' dir='ltr' id='par_1_12' title="bbox 869 4067 1766 4144">
     <span class='ocr_line' id='line_1_27' title="bbox 869 4067 1766 4144; baseline 0.001 -5"><span class='ocrx_word' id='word_1_194' title='bbox 869 4067 1045 4141; x_wconf 76' lang='lat' dir='ltr'><strong>Sacerdos</strong></span> <span class='ocrx_word' id='word_1_195' title='bbox 1071 4071 1156 4141; x_wconf 85' lang='lat' dir='ltr'><strong>dicit</strong></span> <span class='ocrx_word' id='word_1_196' title='bbox 1184 4071 1381 4143; x_wconf 83' lang='lat' dir='ltr'><strong>Orationem</strong></span> <span class='ocrx_word' id='word_1_197' title='bbox 1407 4079 1487 4144; x_wconf 80' lang='lat' dir='ltr'><strong>arte</strong></span> <span class='ocrx_word' id='word_1_198' title='bbox 1511 4072 1613 4144; x_wconf 89' lang='lat' dir='ltr'><strong>Pater</strong></span> <span class='ocrx_word' id='word_1_199' title='bbox 1638 4079 1766 4142; x_wconf 89' lang='lat' dir='ltr'><strong>noster.</strong></span> 
     </span>
    </p>
   </div>
   <div class='ocr_carea' id='block_1_6' title="bbox 629 4257 2001 5051">
    <p class='ocr_par' dir='ltr' id='par_1_13' title="bbox 629 4257 2001 5051">
     <span class='ocr_line' id='line_1_28' title="bbox 734 4257 1998 4355; baseline -0.002 -26"><span class='ocrx_word' id='word_1_200' title='bbox 734 4257 790 4329; x_wconf 87' lang='lat' dir='ltr'><strong>Ad</strong></span> <span class='ocrx_word' id='word_1_201' title='bbox 823 4268 856 4329; x_wconf 90' lang='lat' dir='ltr'><strong>te</strong></span> <span class='ocrx_word' id='word_1_202' title='bbox 889 4259 982 4331; x_wconf 90' lang='lat' dir='ltr'><strong>Deus</strong></span> <span class='ocrx_word' id='word_1_203' title='bbox 1017 4260 1135 4346; x_wconf 77' lang='lat' dir='ltr'><strong>Pater,</strong></span> <span class='ocrx_word' id='word_1_204' title='bbox 1170 4262 1225 4353; x_wconf 92' lang='lat' dir='ltr'><strong>qui</strong></span> <span class='ocrx_word' id='word_1_205' title='bbox 1257 4282 1361 4334; x_wconf 88' lang='lat' dir='ltr'><strong>causa</strong></span> <span class='ocrx_word' id='word_1_206' title='bbox 1392 4284 1431 4334; x_wconf 91' lang='lat' dir='ltr'><strong>es</strong></span> <span class='ocrx_word' id='word_1_207' title='bbox 1464 4264 1606 4333; x_wconf 89' lang='lat' dir='ltr'><strong>omnium</strong></span> <span class='ocrx_word' id='word_1_208' title='bbox 1640 4262 1832 4355; x_wconf 80' lang='lat' dir='ltr'><strong>spirituum,</strong></span> <span class='ocrx_word' id='word_1_209' title='bbox 1869 4258 1998 4330; x_wconf 82' lang='lat' dir='ltr'><strong>odcrtm</strong></span> 
     </span>
     <span class='ocr_line' id='line_1_29' title="bbox 631 4373 1997 4471; baseline -0.001 -25"><span class='ocrx_word' id='word_1_210' title='bbox 631 4376 738 4447; x_wconf 87' lang='lat' dir='ltr'><strong>oratio</strong></span> <span class='ocrx_word' id='word_1_211' title='bbox 765 4384 878 4446; x_wconf 90' lang='lat' dir='ltr'><strong>nostra</strong></span> <span class='ocrx_word' id='word_1_212' title='bbox 905 4374 1083 4446; x_wconf 89' lang='lat' dir='ltr'><strong>secuudum</strong></span> <span class='ocrx_word' id='word_1_213' title='bbox 1112 4374 1294 4448; x_wconf 84' lang='lat' dir='ltr'><strong>doctrinam</strong></span> <span class='ocrx_word' id='word_1_214' title='bbox 1321 4374 1396 4450; x_wconf 87' lang='lat' dir='ltr'><strong>Deo</strong></span> <span class='ocrx_word' id='word_1_215' title='bbox 1425 4378 1559 4471; x_wconf 82' lang='lat' dir='ltr'><strong>dignam</strong></span> <span class='ocrx_word' id='word_1_216' title='bbox 1584 4379 1744 4470; x_wconf 85' lang='lat' dir='ltr'><strong>unigeniti</strong></span> <span class='ocrx_word' id='word_1_217' title='bbox 1769 4374 1846 4447; x_wconf 89' lang='lat' dir='ltr'><strong>Filii</strong></span> <span class='ocrx_word' id='word_1_218' title='bbox 1873 4376 1920 4446; x_wconf 90' lang='lat' dir='ltr'><strong>tui</strong></span> <span class='ocrx_word' id='word_1_219' title='bbox 1944 4373 1997 4444; x_wconf 92' lang='lat' dir='ltr'><strong>di-</strong></span> 
     </span>
     <span class='ocr_line' id='line_1_30' title="bbox 629 4489 1999 4591; baseline 0 -31"><span class='ocrx_word' id='word_1_220' title='bbox 629 4489 719 4575; x_wconf 76' lang='lat' dir='ltr'><strong>lecti,</strong></span> <span class='ocrx_word' id='word_1_221' title='bbox 747 4490 880 4560; x_wconf 89' lang='lat' dir='ltr'><strong>Domini</strong></span> <span class='ocrx_word' id='word_1_222' title='bbox 896 4490 958 4561; x_wconf 87' lang='lat' dir='ltr'><strong>Dei</strong></span> <span class='ocrx_word' id='word_1_223' title='bbox 977 4494 1084 4562; x_wconf 90' lang='lat' dir='ltr'><strong>nostri</strong></span> <span class='ocrx_word' id='word_1_224' title='bbox 1110 4490 1193 4564; x_wconf 86' lang='lat' dir='ltr'><strong>Jesu</strong></span> <span class='ocrx_word' id='word_1_225' title='bbox 1221 4489 1353 4567; x_wconf 84' lang='lat' dir='ltr'><strong>Christi.</strong></span> <span class='ocrx_word' id='word_1_226' title='bbox 1380 4495 1564 4591; x_wconf 86' lang='lat' dir='ltr'><strong>Acceptam</strong></span> <span class='ocrx_word' id='word_1_227' title='bbox 1590 4497 1690 4586; x_wconf 81' lang='lat' dir='ltr'><strong>igituur</strong></span> <span class='ocrx_word' id='word_1_228' title='bbox 1716 4515 1790 4565; x_wconf 91' lang='lat' dir='ltr'><strong>eam</strong></span> <span class='ocrx_word' id='word_1_229' title='bbox 1816 4489 1917 4580; x_wconf 77' lang='lat' dir='ltr'><strong>habe,</strong></span> <span class='ocrx_word' id='word_1_230' title='bbox 1942 4511 1999 4585; x_wconf 91' lang='lat' dir='ltr'><strong>per</strong></span> 
     </span>
     <span class='ocr_line' id='line_1_31' title="bbox 632 4606 1999 4708; baseline 0 -31"><span class='ocrx_word' id='word_1_231' title='bbox 632 4628 781 4677; x_wconf 91' lang='lat' dir='ltr'><strong>amorem</strong></span> <span class='ocrx_word' id='word_1_232' title='bbox 809 4614 897 4676; x_wconf 93' lang='lat' dir='ltr'><strong>tuum</strong></span> <span class='ocrx_word' id='word_1_233' title='bbox 924 4628 1007 4698; x_wconf 85' lang='lat' dir='ltr'><strong>erga</strong></span> <span class='ocrx_word' id='word_1_234' title='bbox 1039 4606 1190 4680; x_wconf 89' lang='lat' dir='ltr'><strong>homines</strong></span> <span class='ocrx_word' id='word_1_235' title='bbox 1222 4612 1417 4683; x_wconf 88' lang='lat' dir='ltr'><strong>immensum</strong></span> <span class='ocrx_word' id='word_1_236' title='bbox 1450 4620 1485 4683; x_wconf 92' lang='lat' dir='ltr'><strong>et</strong></span> <span class='ocrx_word' id='word_1_237' title='bbox 1515 4620 1705 4708; x_wconf 85' lang='lat' dir='ltr'><strong>paternum:</strong></span> <span class='ocrx_word' id='word_1_238' title='bbox 1738 4606 1909 4681; x_wconf 85' lang='lat' dir='ltr'><strong>sanctifica</strong></span> <span class='ocrx_word' id='word_1_239' title='bbox 1940 4626 1999 4678; x_wconf 85' lang='lat' dir='ltr'><strong>nos</strong></span> 
     </span>
     <span class='ocr_line' id='line_1_32' title="bbox 631 4721 1999 4820; baseline 0.002 -29"><span class='ocrx_word' id='word_1_240' title='bbox 631 4743 694 4815; x_wconf 92' lang='lat' dir='ltr'><strong>per</strong></span> <span class='ocrx_word' id='word_1_241' title='bbox 720 4721 877 4817; x_wconf 85' lang='lat' dir='ltr'><strong>Spiritum</strong></span> <span class='ocrx_word' id='word_1_242' title='bbox 904 4730 991 4792; x_wconf 93' lang='lat' dir='ltr'><strong>tuum</strong></span> <span class='ocrx_word' id='word_1_243' title='bbox 1020 4734 1181 4811; x_wconf 88' lang='lat' dir='ltr'><strong>sanetum,</strong></span> <span class='ocrx_word' id='word_1_244' title='bbox 1209 4724 1266 4798; x_wconf 90' lang='lat' dir='ltr'><strong>tibi</strong></span> <span class='ocrx_word' id='word_1_245' title='bbox 1294 4726 1620 4815; x_wconf 81' lang='lat' dir='ltr'><strong>consubstantialem,</strong></span> <span class='ocrx_word' id='word_1_246' title='bbox 1646 4729 1701 4820; x_wconf 89' lang='lat' dir='ltr'><strong>qui</strong></span> <span class='ocrx_word' id='word_1_247' title='bbox 1727 4735 1866 4798; x_wconf 88' lang='lat' dir='ltr'><strong>sanctos</strong></span> <span class='ocrx_word' id='word_1_248' title='bbox 1887 4743 1999 4796; x_wconf 88' lang='lat' dir='ltr'><strong>omnes</strong></span> 
     </span>
     <span class='ocr_line' id='line_1_33' title="bbox 633 4837 2000 4932; baseline 0.004 -26"><span class='ocrx_word' id='word_1_249' title='bbox 633 4837 779 4932; x_wconf 87' lang='lat' dir='ltr'><strong>perficit:</strong></span> <span class='ocrx_word' id='word_1_250' title='bbox 805 4847 841 4908; x_wconf 92' lang='lat' dir='ltr'><strong>ut</strong></span> <span class='ocrx_word' id='word_1_251' title='bbox 866 4859 928 4931; x_wconf 85' lang='lat' dir='ltr'><strong>per</strong></span> <span class='ocrx_word' id='word_1_252' title='bbox 955 4861 1030 4908; x_wconf 91' lang='lat' dir='ltr'><strong>eum</strong></span> <span class='ocrx_word' id='word_1_253' title='bbox 1057 4839 1268 4913; x_wconf 87' lang='lat' dir='ltr'><strong>sanctificatis</strong></span> <span class='ocrx_word' id='word_1_254' title='bbox 1295 4841 1475 4931; x_wconf 87' lang='lat' dir='ltr'><strong>mentibus,</strong></span> <span class='ocrx_word' id='word_1_255' title='bbox 1509 4843 1624 4916; x_wconf 88' lang='lat' dir='ltr'><strong>oribus</strong></span> <span class='ocrx_word' id='word_1_256' title='bbox 1656 4851 1690 4913; x_wconf 93' lang='lat' dir='ltr'><strong>et</strong></span> <span class='ocrx_word' id='word_1_257' title='bbox 1721 4839 1843 4932; x_wconf 84' lang='lat' dir='ltr'><strong>linguis</strong></span> <span class='ocrx_word' id='word_1_258' title='bbox 1869 4841 2000 4922; x_wconf 74' lang='lat' dir='ltr'><strong>nostris,</strong></span> 
     </span>
     <span class='ocr_line' id='line_1_34' title="bbox 636 4952 2001 5051; baseline 0.001 -26"><span class='ocrx_word' id='word_1_259' title='bbox 636 4952 863 5047; x_wconf 85' lang='lat' dir='ltr'><strong>abstersisque</strong></span> <span class='ocrx_word' id='word_1_260' title='bbox 886 4964 920 5025; x_wconf 91' lang='lat' dir='ltr'><strong>et</strong></span> <span class='ocrx_word' id='word_1_261' title='bbox 940 4954 1132 5048; x_wconf 77' lang='lat' dir='ltr'><strong>purificatis,</strong></span> <span class='ocrx_word' id='word_1_262' title='bbox 1159 4978 1241 5051; x_wconf 90' lang='lat' dir='ltr'><strong>pme</strong></span> <span class='ocrx_word' id='word_1_263' title='bbox 1262 4965 1296 5029; x_wconf 90' lang='lat' dir='ltr'><strong>et</strong></span> <span class='ocrx_word' id='word_1_264' title='bbox 1320 4969 1436 5032; x_wconf 88' lang='lat' dir='ltr'><strong>sancte</strong></span> <span class='ocrx_word' id='word_1_265' title='bbox 1457 4981 1644 5032; x_wconf 90' lang='lat' dir='ltr'><strong>mereamur</strong></span> <span class='ocrx_word' id='word_1_266' title='bbox 1659 4961 1822 5030; x_wconf 88' lang='lat' dir='ltr'><strong>invocare</strong></span> <span class='ocrx_word' id='word_1_267' title='bbox 1839 4969 1875 5029; x_wconf 90' lang='lat' dir='ltr'><strong>te</strong></span> <span class='ocrx_word' id='word_1_268' title='bbox 1896 4956 2001 5027; x_wconf 91' lang='lat' dir='ltr'><strong>Deum</strong></span> 
     </span>
    </p>
   </div>
   <div class='ocr_carea' id='block_1_7' title="bbox 632 5068 2001 5257">
    <p class='ocr_par' dir='ltr' id='par_1_14' title="bbox 632 5068 2001 5257">
     <span class='ocr_line' id='line_1_35' title="bbox 635 5068 2001 5169; baseline -0.001 -27"><span class='ocrx_word' id='word_1_269' title='bbox 635 5068 770 5142; x_wconf 88' lang='lat' dir='ltr'><strong>Patrem</strong></span> <span class='ocrx_word' id='word_1_270' title='bbox 798 5072 1075 5164; x_wconf 78' lang='lat' dir='ltr'><strong>omnipotentem,</strong></span> <span class='ocrx_word' id='word_1_271' title='bbox 1109 5093 1241 5145; x_wconf 91' lang='lat' dir='ltr'><strong>oremus</strong></span> <span class='ocrx_word' id='word_1_272' title='bbox 1274 5082 1309 5145; x_wconf 89' lang='lat' dir='ltr'><strong>et</strong></span> <span class='ocrx_word' id='word_1_273' title='bbox 1335 5074 1497 5150; x_wconf 88' lang='lat' dir='ltr'><strong>dieamus:</strong></span> <span class='ocrx_word' id='word_1_274' title='bbox 1529 5074 1631 5147; x_wconf 88' lang='lat' dir='ltr'><strong>Pater</strong></span> <span class='ocrx_word' id='word_1_275' title='bbox 1662 5085 1777 5148; x_wconf 87' lang='lat' dir='ltr'><strong>noster</strong></span> <span class='ocrx_word' id='word_1_276' title='bbox 1808 5076 1866 5169; x_wconf 80' lang='lat' dir='ltr'><strong>qui</strong></span> <span class='ocrx_word' id='word_1_277' title='bbox 1900 5091 1939 5143; x_wconf 86' lang='lat' dir='ltr'><strong>es</strong></span> <span class='ocrx_word' id='word_1_278' title='bbox 1969 5072 2001 5141; x_wconf 95' lang='lat' dir='ltr'><strong>in</strong></span> 
     </span>
     <span class='ocr_line' id='line_1_36' title="bbox 632 5186 746 5257; baseline 0 -2"><span class='ocrx_word' id='word_1_279' title='bbox 632 5186 746 5257; x_wconf 89' lang='lat' dir='ltr'><strong>coelis.</strong></span> 
     </span>
    </p>
   </div>
   <div class='ocr_carea' id='block_1_8' title="bbox 736 5300 1291 5394">
    <p class='ocr_par' dir='ltr' id='par_1_15' title="bbox 736 5300 1291 5394">
     <span class='ocr_line' id='line_1_37' title="bbox 736 5300 1291 5394; baseline 0.009 -23"><span class='ocrx_word' id='word_1_280' title='bbox 736 5300 898 5394; x_wconf 81' lang='lat' dir='ltr'><strong>Popatue.</strong></span> <span class='ocrx_word' id='word_1_281' title='bbox 952 5301 1201 5393; x_wconf 79' lang='lat' dir='ltr'><strong>Sanctificetur,</strong></span> <span class='ocrx_word' id='word_1_282' title='bbox 1228 5315 1291 5376; x_wconf 90' lang='lat' dir='ltr'><strong>etc.</strong></span> 
     </span>
    </p>
   </div>
   <div class='ocr_carea' id='block_1_9' title="bbox 0 0 2582 6532">
    <p class='ocr_par' dir='ltr' id='par_1_16' title="bbox 0 0 2582 6532">
     <span class='ocr_line' id='line_1_38' title="bbox 0 0 2582 6532; baseline 0 0"><span class='ocrx_word' id='word_1_283' title='bbox 0 0 2582 6532; x_wconf 95' lang='lat' dir='ltr'><strong> </strong></span> 
     </span>
    </p>
   </div>
  </div>
 </body>
</html>
