5150 6534
859 848 1080 926 arraona
1116 849 1367 927 eirnomer
1393 848 1627 945 osianna,
1661 866 1710 926 u.
1788 793 1795 800 ’
1894 851 1970 925 aas

599 1046 634 1106 et
659 1039 693 1108 in
718 1034 869 1109 omnibus
894 1035 1109 1129 glorificetur,
1137 1049 1171 1109 et
1192 1037 1344 1109 laudetur
1369 1059 1490 1110 nomen
1517 1047 1624 1128 tuum,
1652 1040 1812 1132 simulque
1839 1038 1973 1111 Domini

598 1153 703 1223 nostri
730 1153 812 1225 Jesu
841 1150 983 1240 Christi,
1011 1164 1044 1225 et
1070 1153 1212 1248 Spiritus
1240 1157 1284 1225 tui
1313 1157 1427 1225 saneti.

702 1269 864 1361 Papulas.
920 1270 1024 1355 Sicut
1053 1281 1114 1340 etc.

703 1383 887 1480 Sacerdos.
942 1385 1025 1456 Pax.

705 1502 865 1594 Populus.
917 1501 1062 1573 Etcum
1089 1505 1203 1596 spiritu
1232 1513 1297 1574 tuo.

705 1618 880 1689 Sacerdos
903 1622 1038 1712 frurepit
1064 1624 1098 1688 et
1124 1621 1245 1711 siponi.

704 1735 884 1805 Diaconos
911 1735 996 1803 dicit
1024 1733 1243 1803 Catholiccm.

842 2008 1018 2079 Sacerdos
1044 2008 1128 2078 dicit
1157 2008 1354 2078 Orationem
1381 2015 1461 2078 ante
1488 2009 1588 2079 Pater
1614 2017 1739 2080 noster.

706 2199 898 2269 Doctrinam
925 2197 1105 2285 vivificam,
1135 2209 1168 2269 et
1202 2197 1423 2289 Evangelium
1456 2198 1622 2286 laetitiae,
1657 2197 1745 2292 quod
1772 2200 1883 2272 docuit
1907 2224 1971 2273 uos

602 2318 789 2406 unigenitus
816 2311 918 2384 Filius
947 2322 1032 2397 tuus,
1060 2317 1131 2407 ipse
1159 2314 1317 2408 splendor
1343 2335 1446 2385 verus
1474 2337 1520 2384 ex
1546 2324 1579 2384 te
1605 2313 1727 2385 lumine
1758 2337 1862 2403 vor03
1898 2317 1970 2409 ipsc

600 2434 707 2502 uirtus
735 2441 768 2501 et
795 2431 957 2522 sapientia
985 2440 1057 2512 tua,
1089 2452 1182 2500 urens
1211 2440 1348 2500 aeterna
1377 2441 1410 2501 et
1437 2430 1578 2518 mimine,
1612 2429 1781 2502 brachium
1809 2442 1842 2501 at
1867 2428 1970 2500 sorti-

602 2547 680 2619 tudo
709 2556 782 2633 tua,
814 2543 917 2615 robur
941 2555 976 2614 et
995 2550 1149 2639 potentia
1177 2555 1242 2626 tua,
1270 2568 1362 2616 mare
1389 2548 1583 2641 immensum
1610 2568 1719 2640 neque
1752 2568 1970 2618 commensu-

601 2662 708 2734 rabile
735 2673 836 2749 tuum,
864 2659 1008 2754 abyssus
1036 2659 1341 2755 imperscrutabilis.
1369 2661 1484 2755 opifex
1511 2663 1665 2749 omnium,
1693 2685 1712 2732 a
1741 2685 1806 2756 (pro
1828 2666 1970 2734 uuiver-

602 2800 717 2851 sorum
745 2800 847 2849 causa
875 2787 943 2847 est:
971 2781 1165 2871 principium
1193 2782 1335 2848 nmmum
1365 2777 1424 2847 sed
1452 2775 1578 2870 absque
1597 2780 1775 2872 principio:
1804 2781 1879 2871 quia
1899 2782 1972 2872 ipse

601 2898 815 2991 principium,
849 2901 883 2961 et
910 2915 1011 2963 causa
1040 2897 1183 2963 omnium
1212 2917 1267 2979 es,
1304 2916 1404 2987 super
1433 2891 1560 2963 tabulas
1587 2893 1699 2964 cordis
1726 2897 1830 2964 nostri
1858 2898 1972 2964 susci-

601 3014 726 3106 pimuS‚
759 3015 936 3100 menteque
971 3018 1003 3078 et
1036 3011 1239 3099 cogitatione
1273 3008 1315 3079 ad
1349 3019 1383 3079 te
1417 3007 1643 3100 confugimus,
1678 3019 1711 3078 et
1745 3009 1971 3081 adorationem

602 3130 732 3213 mentis,
766 3123 823 3195 tihi
858 3123 959 3193 Pater
991 3147 1075 3194 vere
1110 3123 1183 3194 Filii
1216 3128 1291 3193 veri
1324 3125 1508 3196 offerimus:
1545 3134 1579 3195 et
1612 3147 1684 3195 cum
1720 3125 1838 3198 fiducia
1875 3147 1972 3218 quam

602 3239 693 3312 dedit
718 3241 814 3314 nobis
842 3240 944 3310 Filius
973 3242 1026 3332 qui
1053 3240 1148 3310 datus
1175 3250 1227 3310 est
1262 3240 1377 3328 nobis,
1411 3240 1568 3311 audemus
1603 3244 1764 3313 invocare
1799 3252 1830 3310 te
1863 3241 1971 3310 Deum

602 3357 735 3428 Patrem
762 3357 954 3441 coelestem,
983 3366 1136 3445 orantes,
1164 3357 1363 3442 clamantes,
1391 3366 1424 3427 et
1451 3355 1618 3428 dicentes:
1646 3357 1747 3427 Pater
1772 3367 1887 3427 noster
1917 3359 1972 3449 qui

603 3495 641 3544 cs
667 3477 700 3543 iu
728 3473 842 3544 coelis.

706 3588 867 3682 Populos.
920 3586 1151 3661 Sanctificetur
1177 3609 1299 3656 nomen
1326 3596 1424 3656 tuum.

706 3703 890 3775 Sacerdos.
942 3703 1112 3774 Adveniet
1143 3704 1285 3773 Domine
1319 3723 1458 3791 regnum
1491 3711 1598 3788 tuum,
1634 3715 1667 3774 et
1699 3703 1817 3775 liberet
1852 3728 1914 3777 nos
1950 3731 1970 3777 a

604 3819 763 3910 maligne,
790 3819 975 3914 quia'haee
1003 3828 1054 3888 est
1088 3817 1241 3889 voluntas
1275 3828 1346 3888 tua:
1380 3821 1541 3889 immunes
1574 3842 1636 3890 nos
1669 3828 1817 3913 praestet
1844 3846 1864 3892 a
1891 3832 1970 3893 ten-

603 3933 781 4007 tationibus
808 3935 983 4019 violentis,
1018 3933 1139 4027 detque
1172 3932 1267 4003 nobis
1305 3944 1338 4003 ut
1365 3937 1518 4005 vivamus
1552 3935 1730 4006 secundum
1767 3936 1969 4008 voluntatem

603 4060 705 4137 tuam,
731 4048 939 4144 dimittasque
966 4049 1063 4120 nobis
1089 4071 1150 4143 per
1183 4048 1389 4120 clementiam
1425 4060 1511 4119 tuam
1550 4063 1708 4144 peccata,
1736 4063 1769 4122 et
1796 4053 1971 4125 malefacta

604 4174 730 4254 nostra,
758 4172 791 4234 et
817 4165 983 4236 concedas
1010 4165 1107 4235 nobis
1134 4173 1169 4234 ut
1195 4186 1257 4235 nos
1284 4168 1381 4235 etiam
1400 4164 1597 4237 dimittamus
1616 4166 1819 4240 debitoribus
1835 4174 1969 4258 uostris

604 4283 848 4375 eripiamurque
874 4278 915 4349 ab
943 4281 1068 4351 insidiis
1097 4282 1230 4365 inimici,
1258 4283 1334 4373 quia
1362 4291 1459 4349 tues
1487 4280 1563 4352 Rex
1591 4281 1731 4373 Regum,
1759 4293 1792 4352 et
1808 4284 1969 4357 Dominus

605 4397 858 4481 Dominantium,
887 4405 920 4465 et
947 4394 1004 4466 tibi
1030 4395 1170 4466 flectitur
1200 4417 1298 4465 ornus
1331 4416 1432 4487 genu,
1459 4396 1653 4468 coelestium
1687 4408 1720 4468 et
1754 4404 1969 4486 terrestrium,

606 4519 704 4606 teque
731 4511 828 4583 decet
854 4514 962 4584 omnis
989 4512 1109 4603 gloria,
1137 4511 1254 4600 honor,
1282 4520 1315 4582 et
1349 4516 1532 4607 imperium,
1560 4536 1633 4584 cum
1660 4510 1757 4600 Filio,
1785 4524 1818 4585 et
1844 4514 1970 4609 Spiritu

605 4638 730 4699 sancto.

707 4742 868 4834 Pop-alas.
920 4743 1040 4814 Amen.

708 4856 891 4928 Sacerdos.
944 4859 1027 4929 Pax.

706 4973 892 5043 Diaconos.
944 4975 1042 5045 Ante.

707 5088 867 5180 Populus.
921 5088 1045 5160 Coram
1072 5098 1104 5157 te
1131 5089 1282 5158 Domine.

708 5202 891 5274 Sacerdos.
939 5205 1135 5275 Inclinamus
1162 5202 1248 5275 colla
1275 5214 1388 5275 nostra
1415 5215 1480 5275 tam
1508 5209 1686 5276 animarum
1714 5209 1823 5298 quam*
1837 5225 1967 5298 corpo-

604 5339 687 5405 rum,
715 5329 997 5414 expectamusque
1022 5319 1281 5390 misericordiam
1315 5329 1502 5416 patemam;
1535 5329 1570 5391 ut
1603 5344 1649 5392 ex
1674 5319 1767 5392 fonte
1792 5342 1966 5414 regnoque
