5150 6534
585 897 663 974 est
1088 897 1445 976 tttttttott

584 1089 725 1160 ministri
750 1088 838 1179 ignis
865 1095 899 1158 et
925 1087 1078 1180 spiritus3
1112 1107 1187 1157 cum
1213 1082 1393 1158 Cherubim
1420 1087 1564 1175 sanctis,
1591 1093 1625 1156 et
1651 1084 1824 1182 Seraphim
1851 1089 1959 1184 spiri-

586 1200 740 1293 tualibus,
766 1224 888 1276 nomen
903 1211 1004 1275 'tuum
1030 1201 1236 1276 sanctificant
1262 1213 1296 1274 et
1318 1201 1502 1293 celebrant,
1530 1202 1724 1294 clamantes,
1752 1214 1785 1276 et
1810 1205 1958 1278 laudan-

587 1327 651 1408 tes,
676 1318 902 1390 indesinenter
929 1318 1103 1390 clamando
1131 1318 1285 1390 altered
1312 1318 1462 1390 alterum.

690 1433 819 1505 Dicam
845 1434 919 1504 utto
943 1456 1039 1505 cccc.
1091 1432 1246 1523 Sanctus
1273 1433 1437 1520 Sanctus,
1473 1434 1632 1522 Sanctus,
1668 1438 1830 1509 Dominus
1863 1438 1957 1512 Dens

587 1559 718 1647 potens,
744 1547 835 1644 pleni
862 1559 937 1622 suut
963 1550 1051 1621 coeli
1078 1560 1112 1621 et
1138 1559 1227 1621 terra
1254 1550 1363 1642 gloria
1391 1555 1473 1643 ejus.

689 1663 866 1737 Sacerdos
891 1671 1037 1737 secreto.
1083 1667 1238 1753 Sanctus,
1265 1666 1421 1754 Sanctus,
1449 1668 1592 1741 Sanctus
1619 1691 1667 1757 es,
1695 1670 1838 1740 Domine
1863 1672 1957 1744 Deus

586 1791 719 1878 potens,
746 1783 840 1871 cujus
867 1780 975 1872 gloria
1001 1780 1091 1877 pleni
1124 1793 1200 1855 sunt
1234 1781 1321 1856 coeli
1348 1793 1382 1854 et
1408 1793 1508 1872 terra,
1535 1796 1569 1857 et
1601 1797 1719 1858 natura
1753 1784 1958 1860 substantiae

588 1903 679 1991 ejus:
705 1907 741 1968 ut
766 1895 896 1968 honoro
923 1897 1110 1993 splendoris
1138 1901 1211 1989 ejus
1238 1898 1395 1990 gloriosi:
1423 1900 1528 1989 (sicut
1553 1903 1710 1996 scriptum
1738 1903 1807 1992 est)
1826 1901 1957 1974 eoelum

588 2025 622 2087 et
647 2024 738 2086 terra
764 2011 862 2109 plena
889 2016 953 2084 mei
981 2023 1068 2101 sunt,
1096 2013 1174 2086 dicit
1200 2014 1363 2087 Dominus
1389 2027 1518 2111 potens.
1545 2016 1689 2090 Sanctus
1717 2040 1754 2089 es
1774 2018 1865 2090 Deus
1883 2020 1957 2091 Pa-

496 2146 499 2152 ’
588 2143 650 2218 ter,
677 2151 761 2200 vere
787 2128 889 2217 solus,
918 2153 938 2201 a
966 2151 1032 2223 quo
1062 2132 1168 2201 omnis
1187 2133 1369 2225 paternitas
1386 2134 1419 2201 in
1435 2131 1535 2204 coelo
1563 2143 1597 2204 et
1622 2135 1655 2204 in
1682 2145 1772 2206 terra
1797 2137 1958 2207 nominu-

588 2258 650 2320 tur.
703 2245 845 2317 Sanctus
872 2266 910 2316 es
936 2245 1001 2318 Fili
1028 2255 1181 2336 aeterne,
1215 2267 1276 2340 per
1303 2269 1402 2340 quem
1428 2253 1538 2321 omnia
1564 2248 1653 2322 laeta
1680 2261 1764 2322 sunt.
1814 2250 1959 2322 Sanctus

587 2384 628 2438 es
659 2363 802 2460 Spiritus
835 2374 967 2452 sancte,
1007 2375 1161 2453 aeterne,
1207 2388 1269 2461 per
1302 2387 1400 2460 quem
1434 2369 1543 2437 omnia
1577 2366 1829 2439 sanctificantur.
1882 2365 1959 2438 Vae

587 2480 676 2569 mihi,
702 2503 769 2553 vae
795 2479 884 2569 mihi,
911 2485 967 2575 qui
1002 2481 1174 2577 obstupui,
1208 2484 1283 2575 quio
1318 2485 1371 2551 vir
1406 2480 1550 2576 pollutus
1584 2481 1682 2555 labiis
1717 2504 1783 2574 ego
1816 2504 1889 2554 sum
1925 2491 1960 2555 et

587 2600 674 2670 iuter
699 2595 856 2693 populum
884 2595 1044 2693 pollutum
1076 2596 1174 2670 labiis
1206 2595 1333 2683 habito,
1360 2605 1394 2668 et
1417 2596 1547 2690 Regem
1581 2598 1756 2670 Dominum
1788 2609 1959 2693 potentem

590 2713 746 2786 viderunt
773 2711 861 2785 oculi
886 2716 962 2784 mei.
997 2712 1104 2798 Quam
1132 2711 1287 2784 terribilis
1316 2711 1480 2786 esthodie
1506 2712 1600 2785 locus
1626 2717 1706 2803 iste3
1733 2736 1801 2786 uon
1828 2725 1881 2786 est
1906 2713 1960 2785 hic

591 2829 680 2902 aliud
704 2832 768 2901 nisi
795 2828 912 2902 domus
939 2828 1004 2900 Dei
1033 2838 1067 2900 et
1093 2839 1191 2924 porta
1217 2829 1314 2916 coeli,
1341 2813 1418 2922 quia
1446 2829 1543 2901 oculo
1571 2829 1614 2901 ad
1641 2829 1772 2902 oculum
1798 2835 1892 2902 visus
1919 2853 1958 2903 es

588 2947 741 3019 Domine.
794 2945 891 3018 Nune
917 2968 1002 3018 vero
1030 2945 1116 3017 adsit
1141 2944 1316 3017 nobiscum
1347 2948 1455 3037 gratia
1481 2955 1549 3035 tua,
1575 2945 1729 3035 Domine,
1755 2970 1863 3044 purga
1889 2951 1959 3018 im-

578 3062 764 3134 munditias
789 3072 938 3149 nostras,
965 3071 999 3133 et
1025 3060 1196 3136 sanctifica
1223 3059 1313 3132 labia
1340 3071 1464 3133 nostra.
1523 3062 1633 3155 lunge
1659 3085 1765 3134 voces
1791 3067 1959 3135 tenuitatis

589 3185 745 3266 nostrae,
784 3201 858 3249 cum
891 3170 1151 3252 sanctificatione
1184 3177 1359 3274 Seraphim
1403 3189 1436 3249 et
1474 3177 1771 3270 Archangelorum.
1841 3179 1959 3252 Gloria

588 3292 856 3370 miserationibus
884 3296 960 3381 tuis,
988 3298 1064 3389 quin
1091 3303 1241 3366 terrenos
1268 3297 1405 3367 sociasti
1431 3317 1505 3366 cnm
1532 3281 1764 3390 spirituahbus.

601 3589 611 3603 ·
699 3570 747 3640 nt
769 3572 989 3664 prosequitur
1014 3575 1148 3641 secreto
1177 3568 1295 3640 dicens
1320 3568 1504 3640 inclinatus
1529 3568 1619 3639 bunc
1647 3570 1853 3642 Orationem

693 3757 738 3831 tn
763 3780 838 3830 cum
863 3756 928 3830 illis
954 3755 1178 3831 Potestutihus
1213 3757 1414 3838 coelestibus
1448 3757 1641 3830 confitemur
1667 3761 1743 3848 tibi,
1769 3781 1831 3832 nos
1860 3763 1959 3834 etiam

591 3878 768 3965 servitui,
795 3884 924 3962 tenueS,
949 3872 1100 3946 imbelles
1127 3884 1161 3944 et
1188 3874 1322 3961 infirmi,
1356 3877 1431 3968 quia
1458 3878 1651 3971 praestitisti
1685 3874 1783 3949 nobis
1817 3882 1958 3968 gratiam

590 4003 680 4065 tuam
707 4011 872 4083 magnam,
900 3989 1150 4085 quae=rependi
1175 4012 1244 4061 non
1271 4001 1392 4085 potest
1455 3990 1586 4087 Nempe
1621 3992 1753 4063 induisti
1784 3990 1957 4066 humanam

591 4119 742 4181 naturam
767 4116 931 4181 nostram:
965 4117 1000 4178 ut
1031 4110 1133 4179 vitam
1167 4105 1264 4177 nobis
1297 4117 1488 4200 praestares
1522 4130 1583 4202 per
1614 4106 1816 4179 divinitatem
1852 4120 1958 4183 tuam:

592 4224 749 4298 exaltasti
776 4221 989 4295 humilitatem
1022 4232 1186 4295 nostram:
1222 4225 1361 4293 erexisti
1393 4225 1520 4295 ruinam
1554 4234 1719 4296 nostram:
1753 4229 1960 4299 resuscitasti

591 4341 823 4414 mortalitatem
849 4349 1013 4412 nostram:
1048 4339 1197 4410 dimisisti
1227 4349 1365 4434 peccata
1397 4349 1525 4432 nostra:
1562 4350 1595 4410 et
1618 4341 1805 4431 justificasti
1830 4353 1959 4415 reatum

592 4467 807 4555 peccatorum
833 4466 1039 4527 nostrorum:
1075 4454 1263 4527 illuminasti
1291 4456 1539 4548 intelligentiam
1565 4470 1731 4548 nostram,
1767 4468 1800 4528 et
1826 4459 1960 4532 conde·

592 4571 975 4646 mnastiDomineDeus
997 4580 1113 4642 noster
1139 4573 1321 4643 inimicum:
1349 4581 1381 4642 et
1408 4573 1607 4669 triumphare
1633 4573 1741 4645 iecisti
1769 4579 1960 4646 tenuitatem

592 4700 732 4763 naturae
765 4686 906 4760 imbellis
939 4695 1085 4759 nostrae.
1145 4686 1211 4757 Per
1237 4691 1468 4762 miserationes
1504 4689 1626 4761 effusas
1658 4694 1787 4782 gratiae
1821 4703 1958 4781 tuae,o

593 4806 752 4891 clemens,
778 4807 908 4876 remitte
935 4802 1054 4874 delicta
1081 4812 1116 4874 et
1150 4812 1307 4900 peccata:
1343 4802 1468 4876 dimitte
1500 4803 1618 4876 delicta
1651 4829 1738 4895 mea,
1766 4810 1798 4878 in
1821 4807 1957 4899 judicio.

591 4921 637 4994 Et
659 4930 800 5018 propter
825 4923 935 4994 omnia
963 4917 1086 4991 auxilia
1113 4929 1181 5010 tua,
1208 4930 1241 4992 et
1275 4925 1403 5012 gratias
1429 4930 1503 4994 tuas
1537 4943 1621 5014 erga
1655 4944 1740 5010 nos,
1773 4921 1959 4994 reseremus

593 5039 651 5111 tibi
676 5036 845 5134 hymnum,
871 5035 1042 5124 bonorem,
1069 5034 1328 5127 confessionem,
1359 5047 1394 5109 et
1419 5037 1661 5129 adorationem,
1687 5060 1774 5110 nunc
1801 5047 1835 5110 et
1862 5061 1959 5112 sem-

592 5177 666 5251 per,
693 5157 785 5226 etin
811 5153 947 5227 saecula
973 5150 1191 5227 saeculorum.

697 5271 873 5341 Sacerdos
897 5274 1011 5363 sipont
1035 5268 1272 5340 Sacramenta.
1326 5271 1575 5364 Respondetur.
1628 5273 1749 5344 Amen.

696 5387 884 5459 Diaconos.
936 5387 973 5458 ln
999 5384 1163 5458 mentibus
1190 5390 1323 5460 vestris.
1377 5386 1481 5460 Orate
1505 5411 1624 5485 pacem
1650 5388 1833 5462 nobiseum.
