5150 6534
594 805 669 878 422
1095 805 1456 882 blTUlltilh

591 1001 722 1088 pertes,
758 995 814 1087 qui
840 1001 1007 1065 vetustate
1041 994 1241 1064 existentiae
1273 992 1466 1085 dignitatem
1499 990 1622 1065 habent
1656 1004 1691 1065 et
1722 1003 1889 1089 perpetua
1922 990 1965 1062 ad

592 1131 724 1179 omnem
750 1108 877 1199 horam,
904 1119 981 1179 ante
1008 1108 1159 1180 thronum
1194 1108 1326 1201 gloriae
1359 1117 1435 1179 tuae
1462 1108 1619 1180 inlinitum
1654 1111 1874 1181 consistentia
1899 1106 1963 1180 illia

591 1228 758 1320 competit.
812 1224 875 1296 Hic
902 1224 993 1296 solus
1020 1224 1084 1295 illis
1112 1225 1205 1296 cibus
1233 1236 1295 1310 est,
1323 1236 1358 1296 ut
1384 1235 1418 1296 te
1444 1224 1642 1317 glorificent,
1669 1234 1702 1296 te
1727 1223 1860 1297 honore
1885 1224 1963 1296 alli·

592 1345 691 1426 ciant,
719 1351 751 1411 te
777 1340 930 1429 laudent,
958 1351 992 1411 et
1018 1363 1079 1435 per
1105 1340 1249 1437 hymnos
1285 1350 1318 1411 te
1351 1341 1577 1432 magnificent,
1611 1344 1666 1435 qui
1703 1363 1815 1436 nequo
1849 1338 1964 1411 verbis

598 1461 760 1552 exprimi,
806 1480 915 1552 neque
955 1457 1121 1531 intellectu
1163 1457 1399 1553 comprehendi
1440 1467 1589 1552 possunt.
1654 1456 1727 1528 Nos
1765 1466 1877 1529 autem
1909 1454 1965 1528 lilii

592 1582 714 1660 terrae,
743 1573 862 1643 diuites
889 1577 1105 1645 sacramentis
1133 1575 1305 1644 ministerii
1330 1573 1408 1644 iacti
1435 1595 1557 1645 sumus.
1609 1571 1654 1643 Ut
1680 1582 1790 1644 autem
1817 1571 1964 1665 figmen-

592 1699 659 1760 tum
693 1688 757 1760 hoc
791 1689 981 1776 materiale,
1014 1698 1166 1761 creatura
1200 1690 1327 1762 scilicet
1361 1688 1547 1776 sensibihs,
1586 1711 1650 1759 neo
1681 1689 1864 1784 spiritualis
1898 1709 1965 1759 non

592 1810 783 1900 privaretur
810 1805 928 1876 eodem
956 1805 1148 1902 splendore,
1176 1809 1328 1899 quamvis
1356 1828 1529 1876 commune
1562 1804 1640 1875 nihil
1666 1804 1827 1892 haberet,
1860 1801 1964 1874 nihil-

594 1945 658 2015 que
692 1921 775 1992 lucis
811 1921 924 2032 illius,x
951 1931 986 1991 et
1019 1932 1096 2017 post
1122 1921 1227 1992 breve
1261 1932 1391 2016 tempus
1420 1920 1646 1991 intereundum
1674 1922 1736 2015 ipsi
1770 1919 1879 2008 foret,
1910 1941 1964 1991 me

595 2036 715 2107 animal
748 2036 909 2108 rationale
942 2040 1138 2109 constituisti
1166 2060 1211 2107 ex
1238 2040 1346 2108 anima
1384 2036 1586 2127 intelligente
1620 2045 1654 2107 et
1685 2057 1834 2133 corpore
1864 2034 1965 2108 valdo

594 2153 767 2230 materiali,
796 2175 857 2247 per
884 2176 980 2247 quam
1008 2163 1043 2223 ut
1068 2152 1268 2244 intelligens,
1297 2162 1330 2222 et
1356 2153 1474 2223 videns
1502 2174 1612 2223 essem
1633 2151 1764 2240 iecisti3
1793 2151 1964 2223 mortalem

595 2278 629 2338 et
656 2268 884 2353 immortalem,
913 2291 959 2338 ex
986 2266 1113 2339 duabus
1141 2271 1316 2338 contrariis
1344 2291 1440 2338 unam
1463 2277 1620 2352 naturam
1639 2267 1828 2357 indivisam,
1854 2278 1892 2339 ut
1905 2289 1964 2363 per

594 2384 683 2454 illam
729 2389 962 2475 cognationem
1002 2384 1205 2478 spiritualem
1242 2395 1381 2455 naturae
1425 2383 1669 2470 intellectualis,
1710 2406 1786 2455 curn
1822 2404 1962 2478 superna

595 2500 649 2570 illa
676 2500 913 2595 pulchritudine
940 2498 981 2570 ad
1009 2499 1062 2570 illa
1090 2503 1187 2570 etiarn
1216 2500 1353 2572 excelsa
1382 2500 1488 2571 aditus
1520 2509 1680 2596 perpetuo
1707 2509 1839 2594 pateret
1864 2522 1963 2570 com-

594 2619 750 2711 positioni
777 2618 906 2688 luteae:
935 2639 1033 2709 quam
1060 2615 1220 2689 adsumsit
1247 2616 1288 2687 ad
1316 2641 1369 2703 se,
1407 2627 1440 2686 et
1472 2639 1534 2711 per
1567 2617 1849 2712 dispensationem
1875 2623 1963 2686 ortuis

595 2732 791 2816 simultanei,
820 2731 1060 2826 interpellaret,
1089 2754 1150 2826 pro
1178 2743 1295 2803 natura
1322 2755 1389 2805 non
1416 2732 1588 2828 spirituali,
1617 2744 1650 2803 et
1675 2741 1711 2803 ut
1737 2731 1962 2803 adorationem

596 2855 694 2941 atque
722 2848 865 2919 debitam
893 2847 948 2918 tibi
976 2851 1157 2938 gratiarum
1185 2851 1348 2920 actionem
1375 2848 1525 2919 referret.

699 2964 850 3034 blerana
888 2986 1014 3035 cocem.
1075 2964 1248 3035 llabentes
1287 2967 1386 3056 igitur
1425 2968 1456 3035 in
1499 2963 1632 3035 auribus
1671 2964 1782 3037 cordis
1825 2963 1963 3060 hymnos

594 3079 701 3151 laudis
729 3090 927 3175 perpetuae,
955 3091 988 3150 et
1016 3079 1121 3151 oculis
1148 3079 1422 3151 intellectualibus
1450 3091 1625 3152 cernentes
1661 3083 1793 3172 agmina
1820 3079 1876 3150 illa
1903 3101 1962 3152 su-

595 3219 719 3292 perna,
755 3200 863 3267 onmia
903 3194 1030 3266 scilicet
1064 3219 1149 3290 quae
1183 3195 1343 3287 Angelis,
1383 3208 1416 3267 et
1450 3195 1669 3288 Archangelis
1701 3197 1839 3290 propria
1876 3203 1961 3267 sunl:

595 3311 756 3383 bonorem
799 3312 1054 3405 dignitatemque
1094 3315 1265 3382 virtutum:
1320 3311 1559 3384 ordinationem
1599 3312 1822 3384 Potestatum:
1865 3312 1962 3381 mini-

596 3432 697 3501 steria
730 3429 988 3522 Principatuum:
1026 3427 1238 3499 adorationes
1270 3426 1554 3499 Dominationum:
1590 3438 1782 3522 perpetuam
1806 3422 1961 3495 Throno-

595 3568 668 3614 rum
696 3543 922 3615 stabilitatem:
951 3542 1138 3614 accedimus
1167 3542 1208 3613 ad
1236 3542 1372 3613 eosdem
1399 3543 1541 3638 hymnos
1573 3543 1702 3634 gloriae
1728 3539 1962 3626 concinendos,

598 3662 653 3753 qni
685 3659 730 3729 ibi
766 3669 943 3746 canuntur,
986 3658 1086 3749 digne
1120 3660 1194 3730 Deo
1229 3657 1469 3745 celebrandos,
1502 3658 1543 3729 ad
1579 3658 1762 3728 doctrinam
1796 3654 1963 3727 animabus

597 3775 707 3846 utilem
737 3785 769 3845 et
796 3773 985 3861 salutarem,
1014 3774 1053 3845 ad
1082 3774 1291 3845 traditionem
1313 3773 1456 3861 beatam,
1485 3786 1518 3846 et
1535 3775 1823 3869 sapientissimam,
1850 3771 1964 3843 Theo-

598 3890 709 3982 logiae
733 3889 946 3961 indesinentis
969 3889 1154 3984 Seraphim,
1176 3913 1273 3983 quarn
1295 3889 1416 3982 linguis
1434 3892 1642 3985 incorporeis
1665 3888 1735 3969 tibi,
1761 3909 1847 3958 unus
1863 3888 1962 3970 Deus,

599 4007 758 4095 ollerunt,
793 4004 847 4075 tibi
881 4009 935 4100 qui
966 4029 1064 4076 uanum
1099 4008 1293 4100 principium
1327 4028 1385 4092 es,
1420 4029 1483 4076 arna
1510 4015 1688 4090 naturaet
1712 4025 1779 4074 una
1807 4001 1966 4073 substan-

601 4126 657 4212 tia,
685 4126 739 4217 qui
766 4125 799 4192 in
827 4121 929 4193 tribus
958 4126 1111 4217 personis
1139 4126 1354 4212 agnosceris,
1388 4145 1474 4214 quae
1506 4132 1606 4221 totam
1635 4118 1882 4214 amplitudinem
1907 4117 1966 4187 Dei

600 4238 878 4333 complectuntur,
916 4247 950 4307 et
980 4239 1162 4308 universim
1196 4235 1324 4331 absque
1357 4237 1420 4307 illis
1447 4237 1525 4307 nibil
1552 4236 1727 4330 quidquam
1752 4233 1878 4305 laetum
1905 4239 1966 4318 est3

601 4378 619 4423 a
648 4351 778 4447 quibus,
806 4363 839 4423 et
866 4352 907 4423 ab
935 4374 1131 4446 unaquaque
1165 4375 1298 4439 earnm,
1333 4351 1374 4424 ab
1411 4376 1451 4423 ea
1488 4364 1521 4423 et
1553 4352 1595 4423 ad
1628 4374 1702 4422 earn
1734 4352 1846 4420 unitur
1879 4349 1966 4420 Deus

601 4468 783 4542 substantia
812 4483 845 4542 et
872 4478 1007 4556 natura,
1043 4478 1198 4562 tanquam
1231 4467 1394 4557 Domino,
1428 4479 1460 4540 et
1487 4473 1519 4538 in
1546 4471 1596 4539 rei
1621 4471 1763 4538 veritate
1791 4463 1967 4537 secundum

522 4605 525 4610 ·
601 4584 687 4654 illam
715 4587 821 4679 ipsam
850 4583 999 4655 eamdem
1036 4583 1258 4672 divinitatem,
1292 4606 1359 4654 non
1391 4607 1453 4679 per
1488 4584 1594 4655 solani
1628 4585 1968 4666 communicationem,

604 4711 660 4771 aut
687 4698 971 4770 introductionem.
1025 4699 1125 4770 Pater
1159 4701 1265 4786 enim,
1294 4710 1327 4769 et
1352 4700 1472 4787 FiliuS,
1501 4710 1535 4771 et
1561 4699 1705 4795 Spiritus
1731 4707 1881 4786 sanctus,
1907 4719 1969 4768 una

604 4815 799 4904 substantia,
828 4825 861 4885 et
887 4837 951 4885 nna
979 4824 1095 4885 natura
1123 4814 1321 4900 divinitatis,
1348 4814 1529 4886 secundum
1556 4817 1783 4910 operationem
1812 4822 1847 4884 et
1873 4815 1969 4885 veri-

602 4939 702 5000 tatem
731 4939 816 5017 sunt,
842 4952 909 5000 non
929 4929 1108 5000 secundum
1128 4933 1397 5021 imaginationem
1425 4942 1480 5002 aut
1500 4931 1690 5021 figmentum
1707 4928 1971 5020 heterogeneum

603 5044 764 5116 humanae
807 5049 941 5133 mentis;
982 5069 1080 5138 quam
1115 5055 1263 5115 naturam
1301 5047 1385 5115 trine
1426 5045 1486 5118 sed
1518 5044 1683 5117 indivisim
1726 5043 1972 5139 distinguimus

604 5165 712 5250 tunice,
740 5183 805 5232 raon
833 5184 893 5255 per
920 5160 1110 5232 ellhsionem
1143 5162 1215 5231 fieri
1242 5171 1408 5233 tenemus:
1443 5161 1663 5257 hymnumque
1697 5163 1752 5255 qui
1787 5161 1973 5232 mundanas

603 5280 697 5348 vires
725 5275 869 5365 excedit,
897 5279 1088 5371 timorisque
1115 5279 1335 5348 testimonium
1363 5277 1421 5349 tibi
1449 5277 1636 5366 offerimus,
1663 5276 1816 5350 eumdem
1845 5275 1975 5349 scilicet
