5150 6534
592 833 668 906 466
1098 831 1455 909 LITURGIA

591 1025 731 1116 perenni
758 1020 940 1092 effundatur
967 1042 1157 1115 supernos
1185 1022 1290 1110 gratia
1315 1030 1483 1114 ‹puocate
1499 1029 1561 1107 est,
1588 1041 1651 1091 nos
1679 1029 1712 1091 et
1738 1018 1812 1091 illos
1842 1019 1962 1112 dignos

592 1137 737 1210 efficiens
770 1140 939 1232 mysteriis
978 1141 1041 1207 tuis
1083 1135 1344 1221 vivificantibuS,
1384 1138 1484 1206 venia
1517 1135 1729 1225 delictorum,
1763 1138 1963 1209 remissione

590 1265 824 1347 peccatorum,
852 1254 969 1324 fiducia
996 1275 1109 1324 coram
1138 1261 1182 1338 te,
1210 1261 1242 1321 ct
1269 1254 1484 1322 consistentia
1512 1251 1554 1322 ad
1581 1250 1754 1322 dexteram
1790 1261 1897 1341 tuam,
1929 1263 1965 1324 ut

590 1366 714 1440 laetitia
743 1368 880 1463 perfusi,
908 1368 1000 1439 voltu
1017 1367 1203 1462 splendido,
1231 1367 1343 1456 lingua
1364 1366 1510 1453 detersa,
1538 1366 1776 1459 animabusque
1801 1366 1964 1440 laetanti-

590 1482 665 1572 bus,
692 1483 855 1578 labiisque
882 1507 949 1555 non
977 1483 1174 1569 errantibus,
1202 1482 1346 1574 gloriam
1382 1492 1416 1553 et
1447 1481 1578 1554 laudem
1605 1483 1789 1555 referamus
1817 1481 1894 1574 tibi,
1930 1494 1964 1556 et

590 1599 688 1688 Filio,
716 1612 750 1671 ct
777 1601 910 1695 Spiritui
937 1610 1064 1672 sancto.

696 1716 855 1808 Populus.
908 1716 1028 1788 Amen.

694 1831 878 1903 Sacerdos.
931 1831 1014 1901 Pax.

696 1948 854 2039 Poprdca.
907 1946 1049 2019 Etcum
1078 1952 1192 2044 spiritu
1220 1960 1287 2020 tuo.

697 2063 881 2133 Sacerdos.
934 2063 1184 2136 Misericordiae
1211 2065 1274 2135 Dei
1302 2069 1376 2136 sint.

696 2177 856 2271 Populos.
909 2177 1053 2250 Etcum
1081 2185 1195 2275 spiritu
1223 2192 1290 2253 tuo.

695 2293 882 2365 Diaconos.
937 2293 1019 2366 Cum
1047 2299 1174 2368 timore.

695 2411 878 2482 Sacerdos.
932 2410 1055 2482 Sancta
1083 2415 1217 2483 sanctis.

694 2527 853 2619 Populus.
907 2524 999 2597 Unus
1027 2526 1126 2598 Pater
1153 2539 1299 2613 sanctus,
1327 2539 1389 2599 etc.

694 2635 879 2715 Sacerdos.
933 2642 1025 2738 Unus
1053 2643 1153 2713 Pater
1180 2656 1313 2716 sauctus
1341 2654 1403 2714 etc.

694 2760 881 2830 Diaconos.
934 2760 970 2829 ln
999 2757 1235 2848 oblationibus,
1263 2770 1326 2830 etc.

695 2874 878 2944 Sacerdos.
934 2871 1048 2945 Gloria
1076 2876 1146 2962 tibi,
1175 2885 1237 2945 etc.

695 2991 882 3061 Dr'ccortrs.
936 2990 1069 3062 Stemus
1098 2990 1265 3062 decenter.
1383 3030 1386 3043 -

695 3106 878 3176 Sacerdos.
933 3103 1065 3176 Gratias
1094 3110 1223 3197 agimus
1250 3106 1390 3178 bonitati
1421 3116 1508 3193 tuae,
1535 3107 1628 3178 Deus
1656 3116 1771 3177 noster
1798 3105 1959 3195 clemens,

592 3231 625 3293 ct
657 3220 820 3313 benigne,
855 3220 1035 3291 secundum
1074 3225 1290 3315 capacitatem
1326 3224 1493 3293 tenuitatis
1525 3220 1678 3310 nostrae,
1722 3244 1783 3316 pro
1823 3244 1961 3294 munere

592 3341 741 3410 convivii
767 3336 861 3428 hujus
888 3336 1079 3431 spiritualiS,
1107 3360 1172 3430 quo
1199 3359 1262 3408 nos
1290 3337 1377 3409 laute
1392 3346 1426 3408 et
1439 3336 1645 3409 abundanter
1659 3341 1834 3434 excepisti,
1862 3350 1960 3432 atque

593 3459 691 3524 etiam
723 3451 912 3540 inebriasti,
947 3464 981 3523 et
1014 3453 1172 3529 revelasti
1207 3453 1304 3525 nobis
1341 3457 1534 3549 mysterium
1568 3454 1646 3524 illud
1680 3476 1841 3539 mannae,
1875 3451 1962 3546 quod

594 3568 791 3660 designabat
816 3590 936 3662 panem
963 3568 1052 3638 illum
1080 3571 1134 3661 qui
1160 3569 1326 3640 confortat
1352 3570 1564 3641 eorhominis
1591 3573 1772 3641 interioris:
1799 3580 1835 3640 ut
1862 3573 1961 3640 etiam

593 3694 705 3778 typum
735 3683 852 3755 dedisti
878 3684 976 3756 nobis
1003 3687 1036 3753 in
1064 3688 1226 3776 sanguine
1253 3690 1332 3777 agni
1359 3689 1413 3780 qui
1433 3690 1726 3757 exterminatorem
1752 3684 1960 3780 prohibebat,

594 3804 680 3871 misti
713 3800 807 3892 hujus
840 3823 884 3870 ex
917 3800 1038 3894 poculo
1067 3800 1211 3871 laetitiae
1246 3813 1279 3872 et
1306 3801 1535 3890 exultationis,
1571 3825 1644 3872 cum
1679 3800 1894 3886 abundantia,
1928 3806 1962 3870 et

594 3919 758 4010 exquisita
786 3916 840 3986 illa
867 3919 1013 3987 convivii
1050 3916 1292 4010 magnificentia
1328 3922 1432 4007 regia.
1493 3917 1537 3988 Et
1569 3940 1656 3988 nunc
1691 3938 1764 3987 cum
1800 3918 1960 3988 convivio

592 4033 648 4104 illo
676 4031 792 4102 reiecti
820 4054 944 4120 sumus,
972 4035 1063 4102 etin
1090 4036 1192 4125 pratis
1221 4031 1283 4102 illis
1313 4037 1459 4104 amoenis
1483 4033 1646 4120 delectati,
1674 4032 1901 4128 propheticum
1927 4035 1960 4102 in

593 4170 718 4219 morem
752 4148 930 4218 clamamus
966 4158 999 4218 et
1035 4149 1190 4219 dicimus:
1234 4148 1320 4234 Ouid
1356 4149 1574 4220 retribuemus
1607 4151 1750 4221 Domino
1784 4150 1860 4219 Deo
1896 4170 1958 4242 pro

592 4262 742 4334 onmibus
770 4263 886 4356 quibus
912 4287 974 4335 nos
1002 4268 1196 4337 nnnrcratus
1226 4264 1303 4335 est?
1338 4265 1469 4337 Gratias
1506 4267 1634 4357 agimus
1662 4264 1718 4336 tibi
1744 4264 1899 4350 Domine,
1927 4273 1961 4333 et

562 4402 652 4475 'eas
686 4379 924 4473 amplissimas:
970 4404 1105 4452 munera
1145 4380 1274 4475 quidem
1315 4381 1432 4475 quibus
1468 4392 1523 4451 tua
1560 4381 1659 4471 digne
1692 4400 1962 4474 compensemus,

592 4495 690 4567 nobis
719 4496 845 4567 desunt.
888 4497 1030 4592 Suscipe
1056 4501 1167 4588 igitur,
1194 4496 1348 4582 Domine,
1376 4499 1556 4588 gratiarum
1584 4498 1760 4583 actionem,
1788 4517 1887 4588 quam
1915 4517 1962 4564 ex

584 4614 702 4682 ‘anirna
742 4623 775 4682 et
814 4634 957 4706 corpore
990 4624 1106 4685 nostro
1145 4612 1333 4701 oderimus,
1374 4624 1526 4707 tanquam
1559 4612 1623 4683 duo
1663 4614 1784 4681 minuta
1826 4609 1962 4697 viduae,

594 4726 743 4798 omnibns
763 4725 970 4801 facultatibus
994 4722 1179 4817 destitutae,
1206 4738 1343 4823 propter
1364 4724 1508 4799 ⁷munus
1521 4727 1598 4799 illud
1614 4727 1746 4821 duplex,
1774 4725 1863 4819 quod
1891 4725 1960 4798 du-

591 4841 731 4937 plicibus
759 4841 888 4932 dedisti,
917 4849 1068 4937 quamvis
1095 4856 1205 4915 tamen
1231 4867 1330 4915 unum
1366 4848 1408 4915 sit
1440 4854 1474 4914 et
1508 4847 1604 4915 unius
1640 4852 1753 4937 typum
1791 4840 1961 4912 exhibeat.

594 4956 754 5030 Concede
779 4958 877 5029 nobis
904 4963 1035 5030 veniam
1063 4959 1268 5050 delictorum,
1298 4961 1528 5033 remissionem
1556 4967 1781 5053 peccatorum,
1808 4967 1842 5027 et
1868 4956 1962 5026 lidu-

593 5076 678 5144 ciam
710 5097 823 5145 coram
859 5078 1027 5166 unigenito
1061 5075 1145 5147 Filio
1172 5085 1248 5163 tuo,
1288 5099 1363 5146 cum
1400 5099 1465 5169 quo
1497 5086 1530 5146 te
1566 5073 1663 5145 decet
1697 5076 1802 5146 omnis
1837 5072 1964 5164 gloria,

592 5188 710 5277 bonor,
737 5201 771 5261 et
797 5189 958 5277 adoratio,
986 5200 1020 5262 et
1047 5215 1121 5263 cum
1147 5192 1271 5287 Spiritu
1299 5203 1365 5279 tuo,
1392 5194 1474 5265 vivo
1501 5200 1535 5261 et
1561 5201 1685 5262 sancto.

695 5305 857 5400 Populus.
908 5305 1027 5379 Amen.
