5150 6534
592 834 666 908 eoa
1095 829 1452 939 erronem
1528 833 1531 842 ·

592 1033 666 1109 cta,
700 1020 875 1113 factusque
907 1030 959 1091 est
989 1017 1107 1103 homo,
1143 1039 1244 1103 vere,
1283 1027 1318 1086 et
1350 1019 1485 1111 propria
1518 1037 1665 1109 persona
1699 1037 1759 1086 sua
1791 1014 1964 1104 liberavit,

591 1138 802 1229 salvavitque
829 1144 979 1205 naturam
1006 1133 1178 1204 humanam
1208 1134 1249 1204 ab
1277 1134 1459 1218 erroribus,
1488 1143 1520 1203 et
1550 1156 1568 1202 a
1596 1142 1744 1226 peccato.

484 1229 491 1237 ’
695 1252 845 1321 Elevons
870 1273 995 1320 nocent.
1048 1249 1195 1320 Verbum
1223 1252 1309 1319 enim
1340 1250 1432 1319 Deus
1459 1248 1566 1319 lactus
1594 1259 1645 1319 est
1676 1246 1792 1332 homo,
1825 1246 1965 1339 propriu

591 1368 779 1439 voluntate:
807 1388 873 1437 non
900 1368 1086 1435 immutatus
1115 1389 1133 1434 a
1160 1378 1276 1436 natura
1305 1364 1509 1436 substantiae
1536 1386 1630 1452 suae,
1658 1363 1718 1435 sed
1744 1365 1868 1432 unione
1896 1384 1971 1431 na-

592 1481 688 1553 turali
716 1492 749 1552 et
775 1481 964 1576 personali,
999 1484 1108 1552 omnia
1141 1481 1225 1551 baec
1258 1492 1373 1552 nostra
1407 1484 1573 1574 suscepit,
1609 1491 1641 1550 et
1675 1501 1793 1574 passus
1821 1486 1875 1548 est
1902 1497 1966 1570 pro

593 1599 690 1670 nobis
718 1603 888 1668 incarne.
942 1597 1095 1690 Vespere
1130 1609 1239 1668 autem
1272 1600 1439 1690 passionis
1475 1596 1646 1682 salutaris,
1682 1618 1801 1687 agnum
1830 1592 1966 1686 quidem

592 1693 739 1805 legalem
776 1714 919 1785 comedit
952 1724 985 1783 et
1019 1712 1210 1803 abrogavit:
1251 1722 1316 1782 tum
1351 1716 1481 1806 accepit
1513 1735 1633 1805 panem
1666 1716 1698 1781 in
1734 1709 1850 1780 manus
1885 1730 1968 1779 suas

595 1840 740 1915 sanctae,
769 1842 801 1900 ct
829 1832 961 1925 aspexit
994 1828 1036 1899 ad
1062 1838 1111 1913 te,
1139 1828 1231 1898 Deus
1259 1828 1371 1914 Pater,
1399 1832 1526 1918 gratias
1554 1848 1670 1917 agona
1697 1833 1717 1907 †
1742 1824 1917 1897 benedixit
1943 1830 1967 1905 †

597 1958 631 2017 et
658 1946 875 2018 sanctificarit
903 1953 922 2027 †
950 1953 983 2015 et
1018 1944 1138 2035 fregit,
1173 1944 1326 2038 deditque
1363 1944 1529 2045 discipulis
1563 1947 1631 2014 suis
1667 1946 1802 2030 sanctia
1829 1941 1966 2011 dicens:

595 2064 759 2155 Accipite,
787 2061 874 2131 edite
902 2084 947 2131 on·
974 2083 1026 2130 eu.
1081 2062 1154 2131 lloc
1182 2070 1234 2131 est
1259 2084 1382 2156 corpus
1410 2082 1517 2130 meum
1546 2058 1635 2152 quod
1661 2081 1722 2152 pro
1751 2055 1904 2129 omnibus
1931 2058 1967 2126 in

595 2201 648 2248 mc
676 2176 885 2248 credentibus
912 2177 1073 2267 frangitur
1101 2188 1134 2247 et
1160 2176 1326 2266 dividitur,
1353 2180 1386 2246 in
1414 2179 1636 2268 expiationem
1665 2173 1873 2259 delictorum,
1900 2194 1966 2243 re-

596 2296 854 2385 missionemque
881 2303 1105 2387 peccatorum,
1134 2304 1167 2363 et
1192 2297 1295 2363 vitam
1323 2304 1501 2362 aeternam.

700 2409 860 2500 Populus.
913 2409 1032 2479 Amen.

701 2511 883 2593 Sacerdoa
937 2524 1093 2594 Similiter
1120 2534 1153 2593 et
1180 2524 1318 2595 culicem
1342 2529 1470 2595 mistum
1491 2536 1673 2618 temperate
1698 2546 1782 2615 aqua
1809 2532 1843 2592 et
1870 2526 1969 2606 rino,

599 2643 747 2733 accepit,
784 2651 816 2710 et
851 2642 977 2730 gratias
1015 2662 1119 2730 agens
1153 2640 1371 2721 †bonedixit
1405 2648 1424 2721 †
1459 2652 1491 2711 ct
1519 2640 1735 2712 sanctificarit
1761 2646 1781 2720 †
1809 2638 1970 2732 deditque

599 2756 768 2860 discipulis
796 2767 829 2826 et
849 2756 1022 2850 Apostolis
1047 2755 1207 2845 omnibus,
1235 2754 1363 2827 dicens:
1390 2759 1555 2851 Accipite,
1583 2756 1684 2827 bibite
1709 2779 1754 2824 cx
1775 2777 1816 2825 eo
1837 2744 1970 2826 omnes.

598 2873 661 2942 Hic
689 2881 741 2943 est
774 2875 910 2962 sanguis
943 2895 1057 2959 meus,
1092 2876 1146 2965 qui
1182 2894 1243 2966 pro
1272 2873 1391 2958 vobis,
1420 2882 1453 2943 et
1478 2895 1539 2968 pro
1568 2873 1630 2944 illis
1659 2875 1711 2965 qui
1739 2875 1772 2940 in
1798 2893 1854 2940 me
1880 2894 1970 2941 cre-

598 2986 688 3073 dunt,
715 2986 905 3073 effunditur„
943 2996 975 3057 ct
1009 2987 1123 3077 datur,
1159 3010 1275 3059 omnes
1306 2988 1394 3059 illum
1424 2991 1643 3084 suscipientes
1680 3008 1885 3082 praeparans
1922 2986 1967 3058 ad

598 3107 701 3176 vitam
731 3115 908 3174 aeternam.

703 3220 863 3313 Populus.
916 3219 1034 3290 Amen.

702 3335 886 3405 Sacerdos.
942 3334 1221 3427 Quotiescumque
1248 3334 1332 3405 baec
1359 3339 1402 3405 ita
1429 3335 1658 3430 perfeceritis,
1694 3333 1818 3405 credite
1846 3344 1880 3404 et
1908 3358 1973 3428 pro

600 3461 692 3524 certo
718 3450 849 3538 habete,
877 3450 965 3543 quod
992 3472 1114 3544 corpus
1141 3473 1250 3520 meum
1277 3450 1391 3539 odnie,
1420 3462 1453 3521 et
1479 3454 1673 3543 sanguinem
1707 3472 1816 3519 meum
1842 3449 1972 3541 bibitis,

601 3571 796 3660 mortisque,
824 3567 1013 3660 sepulturae
1041 3577 1074 3635 ct
1101 3570 1355 3637 resurrectionis
1385 3590 1479 3637 meae
1506 3570 1698 3638 memoriam
1727 3570 1830 3656 agite,
1857 3567 1972 3639 donec

600 3685 740 3751 veniam.

705 3796 866 3889 Populus.
918 3797 1035 3868 Mortis
1065 3808 1150 3882 tuac,
1178 3797 1330 3883 Domine,
1358 3801 1551 3869 memoriam
1580 3802 1720 3889 agimus
1749 3806 1810 3868 etc.

704 3912 887 3982 Sacerdos.
942 3909 1059 3983 Omnia
1087 3917 1184 3982 etiam
1211 3912 1265 3982 illa
1295 3937 1379 4005 quae
1412 3915 1519 3984 iecisti
1554 3937 1615 4007 pro
1652 3912 1748 3983 nobis
1785 3914 1971 4007 dispensa-

603 4032 699 4116 torie,
727 4033 878 4098 novimus
907 4039 940 4098 et
967 4028 1071 4100 oculis
1098 4031 1236 4098 secretis
1265 4033 1491 4100 conscientiae
1519 4043 1654 4100 nostrae
1681 4034 1850 4100 intuemur.
1887 4030 1972 4103 Ad-

602 4155 736 4213 reutum
766 4167 896 4237 quoque
925 4154 1012 4215 tuum
1039 4143 1218 4214 secundum
1246 4146 1397 4214 timemus
1433 4156 1466 4215 et
1500 4168 1705 4240 magnopere
1741 4142 1973 4232 lormidamus

602 4269 679 4329 tunc
707 4284 779 4329 cum
803 4264 892 4350 juste
920 4264 951 4330 in
975 4263 1099 4350 justitia
1127 4259 1300 4346 advenies
1328 4260 1459 4352 quando
1479 4284 1578 4355 super
1600 4258 1740 4331 tribunal
1763 4259 1878 4349 judicii
1907 4285 1974 4333 se-

603 4373 708 4462 debis,
745 4387 777 4446 et
812 4399 885 4445 cum
919 4379 1082 4470 aequitate
1115 4375 1277 4446 retribues
1316 4379 1488 4470 unicuique
1532 4377 1709 4449 secundum
1751 4397 1853 4468 opera
1896 4401 1971 4451 sua.

605 4489 687 4561 Cum
715 4490 948 4579 vehementer,
976 4503 1009 4562 ct
1036 4495 1067 4561 in
1095 4491 1220 4578 lurore,
1248 4491 1354 4562 latera
1382 4493 1446 4563 duo
1481 4493 1671 4587 separabiS‚
1707 4501 1740 4561 et
1772 4494 1893 4586 impios
1926 4496 1970 4565 ad
2026 4582 2028 4585 Ι

603 4605 688 4677 lutus
715 4610 882 4679 sinistrum
909 4612 1106 4679 constitues:
1134 4607 1264 4701 quando
1293 4629 1380 4678 voce
1407 4608 1483 4680 lorti
1512 4619 1566 4680 tua
1590 4609 1681 4680 dices
1709 4608 1790 4678 illis:
1818 4611 1862 4678 ite
1890 4632 1971 4679 ma-

603 4720 714 4793 ledicti
746 4726 780 4793 in
818 4728 930 4814 ignem
964 4729 1019 4817 qui
1053 4747 1120 4795 non
1154 4727 1366 4814 extinguitur.
1428 4726 1464 4795 ln
1497 4725 1550 4795 illa
1584 4725 1666 4796 bora
1699 4723 1853 4808 terribili,
1882 4747 1967 4817 pro-

605 4842 702 4930 pitius
731 4849 803 4909 esto
832 4842 974 4910 Domino
1001 4863 1061 4934 per
1087 4839 1348 4911 miscricordiam
1385 4851 1472 4910 tuam
1498 4842 1620 4937 populo
1650 4853 1722 4927 tuo,
1757 4862 1864 4933 ucque
1891 4851 1965 4910 sta-

606 4964 677 5026 tuas
705 4977 767 5024 nus
795 4956 946 5027 adlatus
974 4959 1152 5044 sinistrum,
1178 4978 1286 5048 neque
1314 4977 1434 5026 rocem
1462 4957 1549 5027 illam
1584 4959 1823 5049 amarissimam
1854 4959 1963 5026 intona

607 5069 770 5141 advorsus
796 5093 870 5158 nos,
899 5095 982 5165 quae
1010 5071 1051 5144 ad
1078 5076 1189 5162 ignem
1216 5071 1361 5142 deducit:
1390 5072 1450 5143 sed
1477 5085 1509 5144 te
1538 5078 1643 5169 ipsum
1671 5097 1732 5168 pro
1759 5072 1835 5144 nob’
1876 5093 1959 5140 con-

606 5186 693 5275 cilia„
721 5197 754 5258 et
780 5188 820 5258 ab
849 5188 1000 5258 incendio
1027 5211 1089 5260 nos
1117 5188 1237 5259 libera:
1266 5210 1284 5256 a
1313 5187 1487 5278 gehennae
1514 5190 1683 5263 doloribus
1707 5213 1769 5261 nos
1798 5194 1869 5284 erip
1906 5271 1911 5279 ,

607 5326 626 5373 a
653 5315 747 5375 reatu
773 5316 986 5398 pcccatorum
1013 5304 1118 5377 libcra
1143 5326 1215 5377 nos.
1249 5303 1433 5398 Propterea
1459 5305 1611 5380 Ecclesia
1640 5318 1692 5378 tua
1724 5317 1839 5378 sanctu
1877 5334 1965 5403 quan
1996 5309 1998 5314 ’

2058 5647 2063 5690 l

1970 5779 2010 6018 p
2059 5755 2063 5872 t
