5150 6534
867 836 1314 962 llhllCllPRllEDlthOlllS
1340 839 1388 915 ΕΤ
1413 838 1709 916 EVANGELISThll.
1894 836 1964 911 181

602 1045 675 1095 curn
703 1024 838 1120 reliquis
865 1023 1017 1098 omuibus
1044 1029 1099 1119 qui
1124 1028 1393 1121 persecutionem
1418 1027 1509 1120 passi
1524 1034 1610 1115 sunt,
1636 1047 1699 1121 pro
1717 1023 1968 1095 confirmatione

601 1136 829 1214 Ecclesiamm
855 1163 989 1213 suarum
1016 1151 1212 1213 sanctarum.
1703 1145 1714 1164 ⁹

716 1256 865 1327 Elevans
898 1278 1023 1331 vocem.
1058 1256 1173 1328 Fidem
1215 1278 1330 1329 eorum
1364 1260 1528 1328 sinceram
1563 1259 1597 1327 in
1633 1252 1803 1327 animabus
1844 1256 1968 1326 nostris

603 1370 734 1466 planta,
767 1393 788 1444 o
819 1372 982 1460 Domine,
1018 1376 1107 1443 omni
1143 1382 1311 1467 tempore,
1344 1371 1553 1468 praeclaram
1579 1392 1707 1465 qnorum
1734 1372 1969 1440 institutionem

604 1508 718 1559 eorum
745 1490 779 1557 in
805 1487 902 1559 nobis
929 1486 1102 1559 confirma:
1129 1487 1356 1559 rectitudinem
1383 1487 1494 1579 legum
1526 1485 1858 1581 irreprehensibilium
1887 1508 1969 1579 quas

604 1598 647 1671 ab
673 1604 756 1695 ipsis
784 1601 974 1691 didicimus,
1001 1605 1034 1673 in
1061 1601 1224 1674 mentibus
1255 1604 1378 1675 nostris
1412 1603 1519 1674 lirma:
1553 1624 1668 1673 eorum
1700 1603 1880 1695 praecipue
1915 1603 1970 1695 qui

604 1715 756 1789 omnibus
796 1719 928 1813 spoliati
962 1721 1127 1814 patienter
1166 1727 1329 1790 tormenta
1367 1721 1588 1790 sustinuerunt
1626 1739 1688 1812 pro
1737 1718 1973 1788 constitutione

602 1830 831 1904 Ecclesiamm
857 1846 985 1906 tuarum
1010 1844 1213 1905 sanctarum:
1241 1855 1358 1904 corum
1385 1835 1438 1927 qui
1462 1834 1586 1923 jugiter
1619 1834 1713 1903 rivos
1746 1832 1970 1927 lacrymarum

601 1971 648 2020 ex
688 1948 793 2022 oculis
825 1948 1043 2043 proludemnt
1068 1969 1130 2043 pro
1167 1946 1273 2020 salute
1300 1956 1414 2020 nostra
1449 1950 1504 2041 qui
1536 1959 1736 2041 peccatores
1771 1969 1900 2036 sumus,
1935 1957 1969 2018 et

601 2087 718 2137 eorum
751 2066 904 2155 vestigiis
946 2065 1157 2153 insistentes,
1191 2062 1337 2154 adjunge
1370 2085 1433 2134 nos
1468 2066 1619 2135 societati
1656 2065 1804 2136 ordinum
1839 2063 1968 2135 illorum

598 2179 791 2268 beatorum,
818 2190 853 2250 ut
880 2203 955 2249 cum
981 2177 1045 2249 illis
1072 2200 1155 2273 pure
1182 2199 1340 2250 canamus
1369 2180 1426 2251 tibi
1451 2176 1608 2274 hymnum
1635 2182 1908 2271 convenientem,
1936 2189 1970 2250 et

600 2296 770 2386 unigenito
796 2293 881 2365 Filio
909 2303 987 2383 tuo,
1014 2303 1048 2365 et
1073 2293 1210 2389 Spiritui
1238 2303 1305 2364 tuo.

702 2409 879 2481 Sacerdos
912 2410 1103 2480 inclinatos.
1150 2409 1195 2481 Et
1230 2432 1345 2481 eorum
1379 2411 1432 2505 qui
1468 2412 1523 2506 pia
1557 2415 1877 2483 commemoratione
1914 2410 1971 2481 di-

600 2529 659 2618 gni
699 2536 792 2613 sunt,
826 2534 990 2596 memento
1028 2547 1089 2622 per
1129 2526 1388 2597 miscricordiam
1424 2537 1511 2597 tuam
1544 2526 1705 2613 Domine,
1740 2525 1970 2616 Sacerdotum,

598 2637 845 2727 Diaconomm,
872 2638 1224 2734 subdiaconorumque
1251 2650 1435 2730 castorum,
1461 2641 1751 2733 Anagnostarum,
1778 2641 1969 2730 Lemurum,

599 2754 802 2843 (lautorum,
830 2766 864 2826 et
891 2760 1034 2828 omnium
1062 2755 1288 2829 defunctorum
1315 2757 1472 2843 fidelium,
1500 2760 1679 2852 praecipue
1711 2768 1860 2852 patrum,
1893 2754 1970 2826 fra-

599 2881 708 2961 trum,
733 2874 1036 2966 magistrorumque
1061 2882 1263 2962 nostrornm,
1291 2884 1324 2944 et
1357 2875 1501 2944 omnium
1528 2876 1582 2966 qui
1607 2876 1772 2968 petierunt
1797 2876 1967 2945 orationes

562 3054 564 3057 ,
599 2989 765 3059 tenuitatis
792 2996 941 3059 nostrae:
969 2998 1003 3059 et
1029 2991 1173 3060 omnium
1199 2992 1253 3084 qui
1280 2991 1459 3084 participes
1475 2987 1554 3058 facti
1570 2999 1645 3059 sunt
1659 2986 1826 3079 dignitatis
1840 2988 1969 3059 Eccle-

600 3103 758 3175 siasticus
785 3102 977 3193 cujuslibet,
1005 3107 1125 3198 quique
1150 3102 1403 3175 necessitutibus
1426 3106 1567 3176 omnium
1590 3126 1772 3195 egenorum
1800 3107 1969 3178 societatis

586 3225 739 3300 ,nostrae
766 3222 1108 3308 communicavemnt,
1136 3230 1168 3290 et
1195 3222 1235 3290 iis
1267 3242 1405 3313 quorum
1439 3211 1663 3307 meminimus,
1689 3218 1744 3289 lac
1776 3203 1996 3292 memoriam

600 3331 733 3404 bonam.
1325 3330 1330 3339 ’

704 3448 854 3520 mevam
878 3473 1003 3521 vocem.
1029 3449 1203 3542 Rogamus
1231 3459 1281 3539 te,
1308 3449 1450 3521 Domine
1476 3448 1587 3537 Deus,
1621 3449 1751 3520 Patrem
1780 3461 1968 3522 sanctorum

600 3561 788 3653 Abrabam,
814 3564 927 3653 Isaac,
955 3578 989 3639 et
1013 3565 1137 3654 Jacob,
1165 3577 1199 3637 et
1226 3567 1333 3638 omnis
1361 3575 1476 3637 coetus
1499 3568 1678 3657 justorum,
1707 3575 1739 3636 et
1764 3570 1908 3660 piorum3
1934 3575 1971 3637 ut

600 3679 665 3754 illis
693 3684 836 3792 quietem
863 3680 1008 3769 tribuas,
1035 3681 1098 3755 illis
1126 3686 1257 3776 inquam
1285 3680 1458 3770 omnibus,
1491 3684 1545 3774 qui
1573 3679 1716 3752 anobis
1750 3681 1891 3776 proiecti
1927 3681 1969 3752 ad

601 3805 636 3868 te
660 3799 908 3888 migraverunt,
936 3807 969 3868 et
996 3796 1037 3868 ad
1065 3796 1164 3871 sedes
1191 3807 1265 3869 tuas
1300 3794 1418 3867 beatas
1451 3806 1684 3890 pervenerunt.
1739 3797 1836 3886 Dele,
1864 3802 1969 3891 igno-

603 3933 682 4001 sce,
710 3920 743 3983 et
768 3916 898 3984 remitte
926 3917 1036 3986 omnia
1058 3922 1198 4008 peccata
1225 3934 1353 4005 eorum,
1379 3921 1470 3999 nota,
1497 3920 1530 3981 et
1555 3915 1680 4003 ignota,
1707 3911 1911 4001 voluntaria,
1938 3923 1972 3984 et

600 4028 842 4116 involuntaria,
876 4032 951 4123 quia
983 4028 1089 4101 nrdlus
1126 4031 1220 4100 visus
1253 4036 1306 4098 est
1345 4049 1444 4121 super
1487 4037 1607 4098 terram
1650 4027 1777 4121 absque
1810 4031 1970 4121 peccatis,

602 4146 668 4217 nisi
694 4143 786 4216 solus
812 4145 973 4217 Dominus
1006 4146 1098 4216 Deus
1132 4154 1165 4214 et
1191 4140 1350 4215 Salvator
1375 4153 1490 4214 noster
1522 4143 1621 4214 lesus
1655 4142 1805 4215 Christus
1838 4147 1965 4236 unige-

602 4263 690 4333 nitus
716 4259 820 4331 Filius
847 4271 936 4331 tuus:
970 4283 1031 4355 per
1063 4282 1160 4355 quem
1192 4268 1225 4331 et
1256 4280 1320 4329 nos
1356 4258 1615 4330 misericordiam
1652 4263 1811 4354 consequi
1844 4282 1969 4354 spera-

601 4398 693 4463 mus,
719 4386 752 4447 et
778 4379 1006 4449 remissionem
1034 4385 1247 4470 peccatorum
1275 4397 1361 4469 quae
1385 4384 1523 4469 propter
1550 4396 1622 4444 eum
1651 4385 1712 4467 est,
1739 4386 1773 4445 et
1799 4376 1907 4465 nobis,
1936 4387 1970 4448 et

604 4493 698 4585 ipsis.
732 4531 736 4540 ·

644 4693 647 4701 A
707 4606 868 4699 Populus.
898 4607 1049 4693 Quietem
1075 4614 1219 4700 praesta.

705 4720 888 4792 Sacerdos.
917 4721 1002 4792 Dele
1027 4720 1181 4809 Domine,
1208 4742 1269 4814 per
1294 4718 1552 4790 misericordiam
1578 4728 1666 4790 tuam
1695 4725 1804 4792 omnia
1827 4734 1969 4815 peccata

602 4847 735 4926 nostra,
764 4848 796 4907 et
822 4836 967 4924 illorum,
996 4835 1141 4923 occulta3
1169 4845 1202 4905 et
1229 4833 1400 4908 manifesta
1437 4857 1521 4927 quae
1555 4833 1647 4907 solus
1681 4840 1786 4924 nosti,
1822 4859 1970 4932 nosque,

603 4962 637 5023 et
662 4950 738 5024 illos
770 4950 888 5043 dignos
922 4953 1030 5039 elice,
1064 4961 1100 5021 ut
1136 4972 1181 5020 ex
1215 4954 1285 5021 vita
1322 4949 1385 5021 hac
1421 4950 1593 5046 temporali
1627 4954 1806 5042 migrantes
1843 4952 1970 5046 absque

602 5078 743 5162 peccato
771 5078 828 5139 aut
851 5078 963 5157 reatu,
990 5079 1113 5141 stemus
1141 5088 1253 5136 coram
1279 5076 1323 5153 te,
1352 5078 1485 5137 etcum
1511 5066 1586 5153 illis,
1613 5077 1646 5136 et
1672 5070 1758 5137 inter
1784 5089 1862 5155 eos,
1889 5092 1968 5139 me-

602 5204 736 5255 reamur
759 5181 889 5254 relerre
915 5183 972 5255 tibi
999 5183 1139 5275 gloriam
1166 5181 1421 5270 indesinentem,
1454 5193 1488 5254 et
1513 5181 1632 5253 festum
1672 5205 1809 5274 agamus
1845 5182 1903 5255 tibi
1935 5187 1967 5254 in

604 5296 737 5371 choreis
763 5299 1026 5395 triumphalibus,
1060 5296 1127 5369 illic
1152 5301 1185 5369 in
1212 5301 1282 5370 vita
1308 5297 1362 5368 illa
1384 5299 1506 5390 longa,
1538 5297 1731 5394 temporali,
1768 5310 1802 5371 et
1834 5310 1968 5372 aeterna

1685 5414 1736 5489 26
1749 5415 1768 5449 ⁴*
