5150 6534
771 818 846 892 638
1313 822 1545 900 totta

766 1002 1013 1080 Nestorianorum
1042 1023 1189 1088 perversa
1220 1012 1250 1068 et
1278 1005 1316 1067 ah
1347 1005 1533 1069 orthodoxis
1561 1004 1699 1068 damnata
1726 1004 1888 1068 sententia.
1941 1001 2017 1067 Cum
2045 1005 2141 1088 igitur

765 1101 877 1164 nullam
898 1103 1025 1167 similem
1045 1104 1076 1167 in
1099 1104 1214 1168 duabus
1235 1104 1341 1186 primis
1362 1104 1506 1189 Liturgiis
1527 1105 1730 1185 reperiamus,
1763 1120 1824 1166 non
1853 1103 1923 1165 lere
1944 1103 2015 1165 inde
2039 1122 2141 1186 argn-

767 1209 897 1264 mentum
920 1203 959 1266 dc
981 1203 1097 1267 illerum
1120 1204 1296 1284 antiquitate
1318 1202 1451 1283 ducitur,
1481 1223 1556 1286 prae
1584 1204 1640 1266 hac
1662 1204 1751 1267 tertia
1773 1221 1851 1284 quae
1873 1202 2007 1266 Nestorii
2028 1220 2141 1266 nomen

767 1300 912 1382 praefert.

853 1401 1161 1464 Animadvertendum
1182 1419 1304 1484 quoque
1327 1409 1392 1477 est,
1423 1410 1528 1481 totam,
1559 1407 1592 1463 ut
1621 1401 1715 1484 ιιιιςο
1737 1408 1879 1480 vocatur,
1909 1399 2138 1476 Praelationem,

768 1500 909 1579 Graecis,
931 1501 1059 1576 Latinis,
1087 1501 1304 1583 Aegyptiacis,
1325 1510 1365 1564 'et
1386 1501 1523 1565 omnihus
1547 1500 1667 1563 tandem
1689 1502 1730 1562 ita
1753 1519 1824 1564 esse
1846 1499 1989 1575 similem,
2016 1505 2049 1560 ιιι
2077 1515 2138 1559 ιιοιι

766 1599 856 1662 modo
871 1599 1039 1663 sententiae
1057 1596 1111 1662 sed
1131 1601 1224 1662 verba
1240 1618 1337 1682 prope
1354 1599 1459 1664 eadem
1482 1601 1552 1677 sint,
1576 1600 1634 1662 alio
1658 1607 1747 1680 atque
1770 1600 1829 1663 alio
1851 1600 1958 1664 ordine
1981 1597 2137 1681 disposita.

767 1698 888 1761 Scilicet
910 1700 1151 1762 commemoratio
1175 1706 1221 1761 est
1243 1697 1458 1761 beneficiorum
1481 1699 1538 1761 Dei
1561 1717 1635 1781 erga
1658 1717 1756 1781 genus
1774 1698 1946 1776 humanum,
1969 1715 2024 1778 per
2046 1713 2138 1756 crea-

766 1799 894 1876 tionem,
925 1798 1005 1880 legis
1035 1799 1174 1878 antiquae
1203 1797 1490 1881 promulgationem,
1519 1799 1771 1861 annuntiationem
1801 1797 1912 1860 Christi
1942 1797 2060 1857 venturi
2080 1812 2139 1875 per

767 1897 949 1978 Prophetas:
973 1897 1039 1978 ejus
1062 1897 1222 1959 salutarem
1245 1896 1498 1979 dispensationem
1521 1916 1537 1959 a
1560 1898 1715 1960 nativitate
1737 1916 1834 1980 usque
1856 1895 1894 1959 ad
1907 1895 2089 1968 Passionem,
2106 1901 2138 1956 et

697 2063 702 2069 .
767 1996 1079 2059 commemorationem
1101 1997 1252 2059 institutae
1274 1996 1313 2058 ah
1336 2015 1373 2059 eo
1396 1995 1617 2074 Eucharistiae,
1648 2016 1726 2078 quae
1754 1994 1841 2060 simul
1870 2001 2066 2059 consecratur
2096 2013 2137 2056 ex

767 2095 833 2176 ejus
855 2101 1021 2177 praecepto
1045 2102 1076 2158 et
1098 2094 1246 2178 exemplo.

857 2441 894 2513 8.
926 2412 1171 2535 ¹Sanctificccii
1195 2466 1258 2514 noe
1283 2447 1402 2535 pratia
1426 2465 1491 2512 auu
1512 2464 1579 2535 per
1605 2442 1727 2514 donum
1750 2441 1903 2535 Spiritus
1928 2443 2049 2511 suncti.

830 2676 833 2683 ⁴
877 2649 914 2729 Iu
937 2661 983 2723 his
1006 2661 1108 2725 verbis
1131 2669 1214 2726 extat
1236 2661 1422 2726 luculentum
1444 2662 1643 2725 Nestorianae
1660 2661 1815 2725 Ecclesiae
1838 2660 1877 2724 de
1891 2659 2133 2726 confirmationis

766 2766 960 2830 Sacramento
983 2765 1198 2845 testimonium,
1228 2763 1297 2826 dum
1324 2765 1498 2847 agnoscitur
1520 2767 1616 2847 gratie
1639 2765 1829 2829 sanctificans
1851 2784 1908 2846 per
1929 2763 2039 2828 donum
2061 2765 2135 2847 Spi-
2219 2838 2227 2862 .

763 2866 843 2929 ritus'
863 2866 969 2928 sancti.
1000 2864 1073 2926 Cum
1097 2865 1175 2926 enim
1198 2863 1236 2926 de
1257 2862 1409 2946 Baptismo
1431 2864 1515 2945 prius
1538 2865 1647 2927 dietum
1660 2865 1709 2940 sit,
1730 2868 1868 2946 expiavit
1883 2884 1941 2927 noa
1956 2863 2135 2944 periloph'-

764 2983 860 3028 amram
882 2983 980 3044 aquae
1001 2971 1135 3026 eunome.
1157 2962 1273 3027 Donum
1297 2963 1424 3045 Spiritus
1446 2964 1541 3025 saneti
1565 2962 1602 3025 ad
1624 2963 1734 3046 Myron
1755 2982 1810 3026 seu
1837 2963 1971 3028 Chrisma
1992 2962 2137 3026 reteren-

643 3110 647 3123 ι
765 3063 833 3126 dum
855 3071 917 3141 est,
949 3061 1029 3144 quod
1050 3068 1083 3124 ut
1106 3062 1185 3143 apud
1208 3063 1341 3126 Graecos
1365 3062 1521 3126 confertur
1543 3061 1671 3126 dicendo
1693 3063 1888 3144 signaculum
1909 3064 1983 3126 duni
2002 3061 2135 3141 Spiritu

762 3164 872 3238 suncti,
894 3163 935 3224 ita
956 3161 1137 3224 Nestoriano
1159 3161 1245 3241 Ritu,
1267 3181 1325 3243 per
1347 3161 1423 3224 haec
1443 3161 1553 3224 verba:
1576 3161 1691 3242 Pignus
1701 3162 1834 3242 Spiritum
1853 3163 1962 3239 sancte,
1984 3167 2017 3222 ut
2040 3158 2136 3222 disci-

763 3278 829 3323 mus
852 3279 892 3322 ex
913 3259 1027 3322 Ordine
1048 3261 1238 3342 Bapthmatis
1261 3261 1386 3344 Syriaco
1408 3259 1474 3323 liar
1495 3259 1658 3325 Jechuaiab
1690 3259 1853 3342 Catholici,
1877 3279 1965 3343 quem
1988 3258 2133 3322 hahemus

764 3358 948 3440 descriptum
971 3379 1010 3422 ex
1034 3356 1147 3422 Codice
1169 3360 1253 3424 liliae
1277 3358 1459 3424 Sacerdotis.

1250 3723 1286 3796 9.
1325 3723 1372 3794 Et
1398 3724 1551 3809 comedit,
1580 3730 1644 3794 etc.
1755 3728 1757 3733 ’

876 3931 914 4011 Iu
936 3943 1080 4027 Liturgiis
1103 3942 1235 4026 Copticis
1259 3941 1337 4006 idem
1360 3944 1485 4026 legitur,
1509 3939 1659 4007 Christum
1681 3944 1782 4006 edisse
1805 3962 1844 4006 ex
1866 3961 1945 4027 pane
1967 3944 1997 4005 in
2020 3961 2134 4024 corpus

764 4068 850 4113 suum
872 4046 1102 4124 transformato,
1133 4055 1164 4109 et
1193 4065 1232 4109 ex
1261 4047 1355 4109 calice
1378 4056 1572 4125 consecrato,
1604 4065 1681 4128 quae
1703 4053 1736 4108 ut
1758 4055 1806 4109 est
1827 4047 1929 4127 opinio
1953 4045 2135 4110 Sanctorum

765 4149 883 4211 Petrum
906 4145 1081 4221 multorum,
1105 4147 1145 4235 ita
1168 4163 1288 4229 quoque
1311 4144 1365 4208 luit
1387 4145 1522 4228 Dionysii
1542 4146 1699 4225 Barsalihi,
1723 4153 1755 4208 et
1777 4145 1902 4208 aliorum
1925 4144 2134 4209 Orientalium.

763 4246 797 4310 lu
820 4247 974 4329 plerisque
998 4244 1063 4307 aliis
1098 4245 1173 4307 haec
1195 4244 1307 4308 additio
1328 4263 1389 4308 non
1410 4244 1539 4329 legitur,
1573 4244 1693 4327 quaudo
1715 4251 1746 4308 in
1768 4246 1862 4307 sacris
1885 4245 2047 4326 Scripturis
2070 4262 2132 4308 non

766 4354 858 4410 extat.
893 4345 966 4408 Eam
989 4351 1088 4407 tamen
1110 4350 1340 4426 repraesentant
1361 4344 1525 4409 Jaoohitica
1547 4344 1680 4429 Liturgia
1704 4345 1843 4429 Gregorii
1865 4343 2069 4428 Abuliaragii,
2102 4353 2134 4408 et

765 4444 841 4509 aliae
863 4445 1034 4511 nonnullae.

1041 4791 1101 4864 10.
1144 4789 1209 4876 Qut
1234 4790 1379 4861 inclinat
1405 4796 1509 4883 caput
1534 4773 1627 4861 auum
1652 4791 1859 4884 duplisruati.

855 5000 947 5078 Hunc
969 5011 1117 5093 particula
1140 5009 1248 5073 dicitur
1270 5011 1301 5071 in
1322 5009 1499 5091 Epiphania,
1523 5030 1583 5093 quo
1604 5013 1636 5074 in
1659 5012 1749 5091 iesto,
1772 5019 1805 5074 ut
1825 5012 1858 5074 in
1877 5010 1981 5074 Latina
1993 5009 2133 5074 Ecclesia

765 5116 1010 5182 commemoratio
1041 5115 1073 5177 ιιι
1103 5114 1245 5196 Baptismi
1276 5112 1388 5176 Christi
1409 5115 1440 5176 in
1459 5114 1592 5178 iordane
1613 5133 1631 5176 a
1652 5115 1770 5177 loanne
1791 5114 1942 5195 suscepti;
1972 5120 2062 5194 atque
2089 5113 2133 5175 ita

765 5231 872 5277 carere
904 5221 1005 5295 potest
1033 5213 1113 5276 omni
1142 5214 1315 5295 suspicione
1337 5212 1412 5275 haec
1434 5215 1538 5277 oratio.
1582 5214 1623 5276 Αι
1645 5214 1809 5277 seeundum
1830 5213 2028 5276 Nestorianos
2051 5210 2133 5275 allud

765 5313 916 5397 quidpiam
939 5312 1110 5396 significare
1132 5313 1268 5376 videtur:
1292 5312 1539 5377 existimaverunt
1562 5316 1640 5377 enim
1664 5314 1743 5397 quod
1766 5313 1803 5376 ab
1827 5314 1955 5394 antiquis
1975 5311 2132 5375 autoribus
