5150 6534
671 857 743 930 ppo
1171 833 1529 914 tttttttttt

776 1033 920 1104 mecona
945 1043 1069 1092 rocoa.
1127 1017 1171 1090 Et
1196 1029 1325 1092 mentes
1352 1044 1479 1114 eorum,
1504 1025 1560 1118 qui
1584 1043 1725 1116 regnunt
1749 1043 1851 1119 super
1873 1023 2037 1120 populum

668 1175 757 1230 muru
783 1143 939 1220 sarlium
965 1135 1007 1207 ad
1034 1144 1068 1205 te
1093 1133 1225 1227 inclina,
1250 1137 1411 1224 Domine,
1445 1149 1479 1210 et
1505 1137 1547 1210 ud
1582 1139 1671 1212 bona
1696 1160 1881 1235 propensos
1906 1137 2037 1236 perfice

666 1277 753 1344 moa:
783 1271 817 1334 at
843 1277 907 1328 uus
933 1253 1058 1348 pariter
1084 1249 1316 1323 Sacerdotium
1343 1277 1418 1325 curn
1444 1254 1520 1342 illis,
1548 1258 1580 1326 in
1606 1277 1647 1326 eu
1674 1253 1918 1349 munditate,
1943 1275 2036 1350 qnae

664 1407 739 1460 „w
770 1393 886 1448 armam
917 1372 1178 1439 conservatione
1212 1377 1360 1442 constet.
1396 1369 1681 1460 udmmtsueuas,
1711 1381 1746 1442 cl
1775 1393 1849 1442 arnt
1880 1367 1945 1443 ntis
1973 1366 2036 1442 tibi

664 1499 805 1582 aleriam
832 1484 1030 1558 celeremus.
1057 1492 1091 1553 et
1117 1485 1287 1573 unigenito
1316 1484 1399 1557 Filio
1427 1495 1494 1557 tuo.

665 1579 673 1594 ⁸
767 1601 942 1674 Sacerdos
967 1599 1160 1668 inclinatae.
1214 1600 1363 1691 Dignare
1399 1605 1497 1673 etiarn
1523 1603 1685 1690 Domine,
1710 1603 1917 1692 mctninisse,
1943 1624 2036 1674 san-

661 1741 737 1802 ctae
763 1731 795 1792 ct
823 1714 1019 1813 praeclarae
1045 1737 1179 1809 semper
1205 1715 1355 1807 t'trgims
1382 1718 1509 1789 beatae
1533 1717 1674 1809 Mariae,
1699 1726 1735 1790 el
1759 1740 1834 1790 oum
1858 1741 1912 1804 ea,
1937 1719 2035 1791 Pro-

663 1843 834 1938 phetarum
862 1840 896 1902 el
922 1828 1178 1925 Apostolorum,
1204 1830 1408 1927 Martyrum.
1437 1832 1696 1922 Confessam,
1721 1833 1872 1920 Piorum,
1898 1833 2035 1906 Sacer-

661 1957 773 2028 dutum
801 1957 834 2019 ot
861 1947 1044 2032 bustorum,
1072 1949 1127 2039 qui
1153 1951 1187 2017 in
1212 1947 1278 2018 lide
1300 1970 1383 2018 vera
1410 1949 1549 2044 perlecti
1565 1955 1755 2035 extiterant,
1782 1958 1816 2019 et
1842 1948 1880 2019 Β.
1893 1947 2037 2019 loannis

659 2065 894 2166 praecursoris
921 2071 955 2131 et
980 2062 1164 2157 Baptistae,
1192 2075 1225 2135 et
1252 2063 1287 2134 S.
1315 2064 1479 2159 praeclari
1493 2065 1652 2162 Stephani
1677 2068 1775 2161 primi
1789 2063 2035 2148 Diaconorum,

660 2195 695 2258 el
720 2179 990 2278 protomartpnis,
1016 2189 1116 2273 atque
1141 2184 1286 2251 omnium
1312 2192 1511 2253 sanctorum.

765 2295 916 2366 Electrae
943 2315 1068 2365 rocem.
1109 2295 1389 2391 Deprecationem
1416 2297 1472 2369 tibi
1500 2298 1680 2385 ollen'mus,
1706 2317 1729 2367 o
1753 2296 1910 2391 princeps
1921 2291 2036 2382 Deus,

659 2427 695 2487 ut
721 2413 786 2484 illis
813 2414 869 2505 qui
896 2411 928 2480 iu
956 2411 1107 2501 angustia
1126 2415 1292 2482 constituti
1319 2415 1443 2484 exitum
1460 2435 1526 2484 non
1543 2411 1676 2498 babent,
1702 2408 1905 2482 latitudinem
1921 2431 2036 2505 prae-

660 2542 749 2604 stes:
776 2538 809 2599 et
836 2526 901 2597 illis
928 2530 983 2619 qui
1010 2524 1136 2620 absque
1162 2537 1296 2597 rectore
1322 2538 1415 2614 sunt,
1442 2529 1692 2620 gubernationis
1725 2539 1801 2598 brae
1831 2523 2036 2598 beneficium

660 2644 828 2718 conferas.
882 2642 952 2712 Fac
979 2664 1042 2712 nos
1070 2641 1191 2733 dignos
1216 2654 1312 2738 parte
1338 2667 1453 2717 eorum
1487 2649 1542 2741 qui
1576 2644 1634 2717 tibi
1659 2648 1692 2716 in
1723 2646 1865 2714 vctitale
1891 2645 2037 2714 sertio-

660 2771 749 2849 runt,
777 2758 1038 2853 placueruntque
1064 2756 1139 2828 tibi.
1166 2769 1201 2830 et
1227 2782 1366 2854 quorum
1393 2765 1553 2833 memoria
1589 2766 1622 2832 in
1657 2770 1826 2834 ueternum
1858 2757 2036 2844 substsut,

660 2889 696 2949 ut
729 2900 802 2948 cum
838 2879 888 2947 eis
921 2875 1011 2965 digni
1043 2875 1220 2945 efficiamur
1253 2874 1418 2947 referendi
1454 2877 1595 2969 gloriam
1628 2888 1661 2950 et
1693 2875 1823 2948 laudem
1848 2875 1923 2944 sine
1951 2871 2036 2954 line,

660 2994 720 3064 libi
747 3002 780 3063 et
807 2995 976 3081 unigenito
1003 2989 1087 3061 Filio
1115 3001 1179 3062 tuo.

764 3105 939 3176 Sacerdos
972 3106 1162 3177 inclinatus.
1214 3106 1384 3180 Memento
1418 3109 1561 3182 Domine
1603 3107 1732 3180 illorum
1766 3109 1821 3201 qui
1856 3109 1889 3176 in
1927 3102 2034 3177 domo
2121 3103 2129 3112 ’

660 3234 850 3294 sanctorum
884 3245 946 3294 nos
981 3234 1257 3316 praecesserunt,
1298 3224 1523 3297 occubuerunt
1555 3235 1588 3296 et
1627 3228 1771 3319 quietem
1813 3229 2035 3316 acceperunt,

660 3339 794 3409 Palmum
820 3348 1032 3410 sanctorum.
1060 3340 1241 3410 Doctomm
1268 3338 1560 3416 Ortbodoxorum.
1597 3343 1743 3412 maxime
1778 3360 1863 3410 vero
1894 3337 2035 3428 Ignatii,

660 3454 815 3545 Dionysii
842 3463 875 3521 ct
902 3451 1102 3546 reliquorum
1130 3466 1336 3542 sanctorum,
1370 3468 1401 3527 ut
1429 3479 1490 3553 per
1515 3460 1686 3528 orationes
1713 3465 1746 3526 el
1772 3454 2034 3549 deprecationes

661 3591 776 3638 eorum
804 3566 981 3639 liberemur
1008 3593 1027 3638 a
1056 3569 1140 3640 dolis
1167 3576 1240 3664 ejus
1268 3575 1322 3666 qui
1351 3595 1395 3642 ex
1422 3573 1568 3644 adverso
1595 3584 1666 3660 cst,
1700 3581 1732 3642 ct
1768 3569 1810 3641 ab
1841 3562 2034 3638 bominibus

660 3706 812 3777 nequam.

764 3799 914 3869 Herum
941 3822 1064 3868 rocem.
1112 3799 1155 3870 Et
1183 3800 1311 3872 illomm
1339 3804 1392 3895 qui
1420 3800 1601 3872 luculenter
1627 3797 1812 3870 detulertmt
1838 3799 2030 3870 annuncia-
2144 3807 2151 3826 ⁹

659 3920 782 3986 tionem
819 3926 906 3986 tuam
942 3915 1127 3986 vivificam.
1160 3921 1192 3986 iu
1227 3941 1358 3988 ournem
1394 3928 1515 3989 terram
1552 3939 1638 4011 quae
1670 3913 1731 3987 sub
1765 3911 1862 3986 coelo
1888 3923 1960 3999 cst,
1997 3921 2033 3984 el

656 4031 845 4103 Ecclesiam
872 4043 960 4102 tuaur
986 4043 1136 4104 sanctam
1162 4033 1450 4114 confirmaverunt,
1477 4056 1539 4129 per
1572 4033 1667 4104 lidem
1691 4030 1921 4104 Orlbodoxam
1947 4050 2031 4100 me-

657 4157 782 4236 mento,
809 4157 843 4218 et
869 4170 930 4243 per
957 4153 1127 4220 orationes
1154 4172 1268 4221 corum
1291 4173 1401 4245 puras.
1429 4173 1491 4223 uos
1519 4172 1651 4245 quoque
1677 4169 1738 4244 per
1764 4143 2031 4218 misericordiam

658 4272 758 4346 tuam
785 4272 818 4333 et
844 4285 938 4356 spem
966 4286 1051 4357 quae
1078 4288 1097 4333 a
1126 4276 1159 4334 te
1185 4275 1248 4344 est,
1276 4269 1360 4335 iuter
1386 4278 1502 4337 coetus
1526 4289 1641 4337 eorum
1654 4285 1817 4357 aggrega.

763 4377 939 4447 Sacerdos
965 4380 1155 4449 inclinatae.
1209 4381 1275 4450 Per
1302 4380 1364 4451 boc
1392 4383 1588 4454 sucrificium
1610 4380 1697 4475 quod
1725 4377 1876 4450 manibus
1902 4378 2031 4449 nostris

659 4492 902 4584 peccatricibus
930 4494 986 4565 tibi
1014 4496 1169 4567 ollertur.
1196 4497 1357 4584 Domine,
1385 4503 1576 4570 memoriam
1612 4496 1665 4567 luc
1691 4507 1839 4593 patrum.
1872 4489 2030 4578 stultum,

659 4611 959 4703 magistrorumque
992 4623 1200 4696 nostrorum,
1237 4616 1291 4706 qui
1322 4613 1450 4707 pridem
1483 4615 1626 4686 defuncti
1658 4623 1690 4683 ct
1727 4633 1772 4682 ex
1805 4608 1868 4680 boc
1902 4606 2031 4680 mundo

656 4723 800 4816 proiecti
826 4723 868 4794 ad
905 4736 938 4796 te
964 4739 1202 4820 pervenerunt:
1236 4733 1446 4824 omniumque
1478 4730 1619 4801 ltdclium
1653 4726 1882 4799 defunctorum
1917 4719 2032 4815 buitta,

658 4846 691 4906 et
717 4841 950 4934 cujuscumque
977 4841 1053 4928 loci,
1079 4847 1258 4938 praecipue
1285 4867 1370 4917 vero
1397 4846 1525 4917 illorum
1553 4869 1615 4940 pro
1634 4843 1751 4939 quibus
1779 4842 1916 4913 offertut·
1940 4837 2031 4912 baec

656 4950 792 5023 oblatio.

762 5069 912 5140 Electma
939 5094 1060 5142 coceru.
1113 5073 1272 5149 Domine.
1316 5077 1456 5147 Domine
1492 5087 1620 5150 autalot
1659 5076 1845 5152 bominum,
1885 5073 1918 5141 tu
1952 5073 2033 5142 sinu

657 5181 816 5255 Abrabae
843 5185 982 5272 colloca,
1011 5200 1043 5258 el
1070 5193 1243 5283 quiescere
1271 5190 1353 5284 jube
1380 5213 1459 5272 cos,
1494 5197 1548 5286 qui
1581 5196 1613 5263 iu
1647 5193 1711 5264 lide
1738 5187 1928 5264 orthodoxa
1958 5183 2032 5258 bu-

538 5377 546 5385 ,
657 5320 777 5369 menae
804 5304 894 5371 vitae
920 5303 1092 5396 periodum
1119 5306 1388 5400 complevertmt,
1422 5319 1454 5378 et
1489 5311 1556 5380 vita
1588 5307 1650 5380 hac
1678 5303 1852 5402 temporali
1878 5301 2034 5377 exsoluti
