5150 6534
800 855 833 933 S.
874 856 1197 934 Jonttls
1237 855 1767 939 chrisostomi.
1889 859 1966 937 249

600 1039 678 1135 cipe
701 1038 955 1138 Episcoporum,
982 1039 1149 1141 Apostolo
1177 1054 1211 1117 et
1235 1045 1387 1142 hiartqre
1414 1046 1457 1118 ad
1482 1044 1568 1119 hano
1593 1069 1698 1143 usque
1724 1047 1831 1136 diem,
1856 1049 1965 1123 verbo

601 1153 771 1229 doctrinae
795 1157 983 1232 Ecclesiam
1009 1172 1096 1233 mam
1123 1172 1271 1233 sanctam
1297 1160 1552 1235 illustraverunt
1579 1165 1767 1260 Praecipue
1793 1187 1877 1237 vero
1904 1167 1966 1239 SS.

600 1267 751 1360 Pahum,
777 1273 915 1366 Ignatii,
941 1275 1118 1372 Dionysii,
1143 1275 1241 1367 Julii,
1268 1288 1303 1349 et
1327 1277 1529 1371 reliquorum
1554 1280 1796 1374 Apostolorum
1823 1292 1966 1355 sancto-

600 1406 686 1477 rum,
711 1387 952 1487 Pastorumquo
978 1414 1147 1465 verorum.

704 1503 854 1577 Eteonos
884 1528 1010 1579 vocent.
1063 1509 1209 1581 Mentem
1241 1510 1545 1604 prudentissimam,
1579 1522 1613 1581 et
1643 1516 1796 1604 regimen
1822 1534 1969 1608 superne

601 1618 827 1692 concreditum
853 1621 1048 1713 habuerunt,
1074 1635 1188 1719 patres
1219 1628 1324 1697 nostri
1351 1628 1396 1722 pii
1428 1635 1462 1697 et
1487 1624 1595 1715 beati,
1626 1625 1667 1697 ab
1704 1626 1761 1699 illo
1796 1638 1967 1724 pastorum

600 1733 752 1830 principe
778 1746 811 1807 et
835 1740 1019 1811 institutore
1040 1738 1259 1812 confessionis
1275 1752 1423 1829 nostrae,
1450 1740 1627 1835 donisque:
1655 1746 1788 1836 spiritus
1804 1747 1967 1833 instructi,

600 1861 839 1924 converterunt
863 1876 1001 1949 prorsus
1028 1865 1170 1926 mentem
1196 1878 1303 1945 suam,
1329 1868 1363 1929 et
1388 1856 1615 1928 rectitudinem
1647 1856 1722 1929 fidei
1756 1858 1967 1931 orthodoxae

602 1957 774 2061 suscipere
801 1968 892 2061 digni
917 1968 996 2041 facti
1022 1991 1145 2042 sumus.
1170 1968 1221 2041 Illi
1247 1992 1332 2061 ergo
1357 1971 1443 2063 legis
1470 1974 1561 2041 vitae
1585 1974 1773 2063 institutori
1799 1984 1834 2045 et
1859 1996 1966 2070 prae-

601 2079 717 2154 clarae
742 2083 785 2155 de
810 2088 949 2157 caritate
976 2088 1170 2174 sententiae,
1198 2089 1347 2158 suaviter
1371 2108 1433 2181 per
1460 2086 1569 2158 cordis
1586 2091 1760 2181 puritatem
1785 2111 1849 2161 nos
1876 2088 1965 2162 olie-

600 2216 730 2287 ramus3
757 2201 858 2272 etad
883 2210 1027 2272 mentem
1052 2207 1181 2295 puram',
1207 2223 1306 2273 cursu
1332 2201 1443 2274 bonae
1469 2204 1700 2292 cogitationis,
1733 2205 1766 2274 in
1791 2204 1847 2276 illa
1875 2227 1965 2276 oon-

600 2313 751 2386 sirtentia
790 2314 897 2408 regali
938 2337 1175 2412 praeparemus
1208 2337 1271 2387 nos
1279 2342 1292 2413 ²,
1331 2317 1450 2389 etad
1489 2316 1639 2389 thronum
1674 2318 1763 2390 illum
1802 2320 1965 2412 regalem,

601 2428 858 2524 circumquaque
893 2431 957 2505 illis
992 2430 1202 2503 adhaerendo
1236 2435 1475 2527 respicientes,
1514 2432 1612 2506 oculo
1645 2437 1810 2521 interiori,
1848 2435 1964 2508 laudes

599 2547 763 2618 materiae
789 2556 946 2643 expertes
972 2547 1050 2619 illuc
1075 2551 1259 2620 mittamus:
1291 2570 1400 2642 neque
1426 2549 1634 2638 socorditer,
1668 2560 1724 2621 aut
1749 2552 1964 2641 mendaciter,

600 2660 636 2730 in
658 2656 793 2734 'semitis
824 2662 996 2735 beatorum
1029 2663 1158 2735 illorum
1194 2661 1328 2734 Patrum
1359 2674 1549 2737 nostrornm
1583 2686 1764 2738 curramus.
1816 2667 1964 2738 Maxime

600 2795 687 2848 uero
716 2776 759 2850 ad
785 2800 961 2873 supernum
988 2779 1066 2850 illud
1093 2778 1198 2850 altare
1233 2801 1368 2874 purum,
1402 2789 1525 2851 attente
1551 2779 1657 2852 oculis
1690 2778 1964 2853 intellectualibus

601 2903 847 2981 convertamur,
875 2905 909 2965 et
934 2897 1148 2988 aspiciamus:
1183 2903 1360 2988 casteque,
1387 2917 1452 2966 nec
1478 2898 1623 2990 impure,
1649 2896 1870 2968 laudationem
1897 2918 1963 2966 aa·

599 3012 729 3079 ternam
755 3009 940 3087 referamus
967 3009 1119 3080 Trinitati
1146 3007 1375 3099 absconditae,
1401 3032 1510 3104 neque
1528 3020 1638 3082 mente
1664 3010 1963 3106 comprehensibili,
2070 3099 2072 3104 Ι

600 3121 816 3219 ejusdemque
843 3125 1046 3198 substantiae
1073 3123 1194 3214 Patris,
1219 3125 1295 3197 Filii
1321 3135 1355 3196 et
1380 3126 1521 3221 Spiritus
1548 3130 1758 3200 sanctissimi.

703 3240 863 3334 Populus.
915 3241 1034 3312 Amen.

704 3355 877 3428 Sacerdos
903 3357 1094 3428 inclinatus.
1146 3357 1314 3429 Memento
1341 3356 1484 3429 Domine
1504 3358 1723 3431 Sacerdotum
1740 3356 1963 3430 Orthodoxo-

599 3490 686 3560 rum,
712 3472 1002 3568 Diaconorumque
1020 3470 1159 3560 tuorum,
1186 3473 1482 3562 Subdiaconorum,
1506 3473 1725 3563 Devotorum,
1744 3475 1963 3548 saecularium

599 3595 635 3657 et
661 3591 803 3660 omnium
831 3589 1077 3675 defunctorum,
1114 3593 1169 3684 qui
1201 3613 1246 3661 ex
1277 3590 1342 3663 hoc
1376 3589 1488 3679 altari,
1521 3601 1578 3662 aut
1603 3613 1650 3663 ex
1675 3594 1764 3663 omni
1791 3592 1881 3678 loco,
1907 3591 1964 3663 vel

594 3712 698 3797 parte
732 3703 875 3797 defuncti
909 3716 1002 3777 sunt:
1039 3716 1166 3799 patrum
1199 3710 1298 3778 etiam
1328 3705 1530 3801 fratrumque
1562 3720 1771 3795 nostrorum,
1806 3718 1873 3780 tam
1899 3730 1962 3780 se-

599 3817 740 3890 cuudum
767 3821 923 3915 Spiritum
951 3843 1048 3916 quam
1075 3822 1252 3893 secundum
1279 3843 1416 3917 corpus:
1444 3826 1619 3916 quiescere
1632 3822 1707 3894 illos
1729 3822 1812 3915 jube
1837 3825 1870 3893 in
1896 3822 1962 3893 ha-

598 3924 753 4008 bitaculis
779 3939 844 4008 tuis
870 3936 1089 4023 coelestibus,
1116 3959 1190 4008 cum
1218 3938 1369 4010 omnibus
1405 3941 1526 4011 sanctis
1558 3942 1639 4028 tuis,
1672 3958 1800 4031 nosque
1832 3935 1962 4009 illorum

600 4052 806 4124 orationihus
834 4053 1035 4146 adjuvemur.

703 4167 852 4237 atavam
876 4191 1001 4239 vocem.
1054 4167 1099 4241 Et
1123 4167 1253 4240 illorum
1286 4170 1341 4263 qui
1374 4190 1447 4239 cum
1481 4172 1622 4264 puritate
1648 4168 1779 4259 cordis,
1811 4176 1846 4240 et
1876 4190 1962 4241 san-

600 4284 714 4356 ctitate
740 4287 869 4354 animae
905 4296 938 4355 et
970 4288 1140 4379 corporis,
1174 4307 1220 4355 ex
1247 4283 1383 4357 saeculo
1419 4287 1483 4359 isto
1518 4287 1649 4378 egressi
1683 4293 1758 4356 sunt
1790 4295 1823 4355 et
1853 4285 1896 4356 ad
1928 4297 1962 4357 te

599 4396 694 4469 Deus
731 4409 964 4493 pervenerunt.
1017 4400 1150 4473 Illorum
1192 4404 1247 4493 qui
1289 4401 1331 4473 ab
1374 4400 1483 4472 Adam
1526 4406 1650 4495 primo,
1683 4410 1717 4471 et
1755 4400 1962 4496 protoplasto

599 4512 747 4605 figmenti
773 4517 888 4602 nostri,
914 4519 948 4586 in
973 4515 1124 4587 omnibus
1157 4514 1446 4607 generationibus,
1478 4516 1672 4611 placuerunt
1705 4537 1819 4587 coram
1846 4526 1895 4602 te,
1929 4524 1962 4587 et

599 4639 634 4701 te
660 4629 809 4702 confessi
843 4641 933 4719 sunt,
966 4643 1265 4727 speraveruntque,
1300 4641 1334 4702 et
1368 4633 1634 4726 expectaverunt
1666 4629 1961 4703 manifestationem
2041 4635 2046 4653 ¹

599 4748 759 4838 unigeniti
786 4749 850 4834 tui,
876 4746 1213 4840 desideraveruntque
1244 4746 1362 4818 videre
1387 4747 1473 4818 diem
1501 4748 1586 4819 illius
1613 4769 1767 4839 magnum
1795 4756 1829 4816 et
1853 4768 1961 4839 prae-

600 4858 735 4933 claram.
787 4861 918 4933 Illorum
952 4866 1049 4933 etiam
1083 4866 1137 4957 qui
1172 4884 1217 4932 ex
1252 4866 1324 4934 sinu
1358 4862 1517 4958 spirituali
1551 4862 1755 4960 baptismatis
1788 4859 1959 4955 splendide

598 4984 634 5047 te
658 4976 850 5064 induerunt,
878 4987 912 5048 et
937 4983 970 5047 in
997 5000 1117 5049 nomen
1149 4988 1237 5062 tuum
1270 4978 1489 5050 crediderunt
1542 4982 1693 5067 Quietem
1724 4977 1789 5049 illis
1823 4987 1958 5071 praesta

598 5093 634 5163 in
659 5091 854 5164 habitaculis
881 5097 945 5165 tuis
972 5092 1182 5179 coelestibus,
1210 5097 1242 5163 in
1268 5092 1423 5188 paradiso
1450 5093 1652 5185 deliciarum,
1678 5097 1713 5165 in
1738 5091 1958 5165 tabernaculis

599 5204 694 5294 lucis,
722 5211 756 5279 in
780 5208 864 5279 locis
892 5214 1019 5303 quietis.
1073 5208 1190 5303 Neque
1216 5209 1376 5297 Domine,
1410 5212 1512 5283 intres
1544 5233 1618 5282 cum
1644 5211 1706 5282 illis
1732 5213 1767 5280 in
1787 5210 1958 5303 judicium,

602 5326 770 5417 quianon
794 5324 987 5415 justificatur
1013 5329 1046 5397 iu
1072 5334 1253 5421 conspectu
1280 5334 1336 5396 tuo
1370 5330 1476 5399 omnis
1503 5328 1645 5398 vivom:
1677 5347 1762 5399 unus
1793 5329 1881 5398 enim
1907 5337 1960 5399 est
