5150 6534
796 854 1753 935 ssoruursonnrsosronr
1831 818 1969 929 'aar

601 1061 718 1122 manus
753 1044 898 1133 gentium
940 1041 1163 1115 barbararum.
1222 1041 1408 1129 Memento,
1447 1042 1604 1126 Domine,
1638 1064 1839 1138 pauperum,
1879 1043 1968 1115 mule

599 1152 800 1240 habentium,
827 1157 1062 1254 orphanorum,
1089 1156 1272 1247 viduorum,
1300 1158 1502 1247 afflictorum,
1524 1162 1777 1251 aegrotantium,
1805 1169 1966 1231 eteorum

601 1274 659 1366 qui
684 1295 705 1344 a
731 1273 884 1367 malignis
911 1273 1077 1370 spiritibus
1102 1272 1308 1345 infestantur.
1361 1273 1413 1344 Tu
1440 1276 1540 1363 enim,
1565 1275 1720 1365 Domine,
1747 1283 1968 1348 conservator

600 1390 693 1460 vitae
718 1387 847 1462 illorum
873 1412 930 1478 es,
957 1401 991 1462 et
1016 1388 1269 1463 necessitatibus
1295 1390 1425 1462 illorum
1452 1390 1640 1486 opitulator.

706 1505 855 1576 Eleouns
880 1526 1005 1576 uocem,
1056 1505 1150 1577 Deus
1166 1504 1371 1578 celsitudine
1398 1503 1602 1593 abscondite,
1629 1517 1664 1577 et
1688 1510 1862 1600 majestate
1887 1504 1967 1577 lau-

602 1618 728 1706 dando,
755 1643 852 1714 mem
879 1623 1068 1710 exercitus,
1095 1625 1245 1713 agmina,
1272 1631 1306 1693 et
1332 1632 1447 1692 coetus
1475 1626 1636 1710 omnium,
1672 1632 1739 1693 tam
1773 1621 1969 1694 coelestium

602 1756 700 1829 quam
727 1741 931 1808 terrestrium
957 1735 1106 1825 laudant,
1134 1740 1254 1832 quique
1279 1737 1434 1816 voluisti,
1467 1745 1504 1808 ut
1535 1739 1749 1809 ministerium
1782 1737 1847 1811 hoe
1878 1739 1968 1832 pium

601 1860 637 1922 et
662 1851 883 1941 sacerdotale,
906 1867 970 1948 per
989 1861 1187 1949 potestatam
1208 1863 1297 1924 tuam
1311 1853 1387 1924 Deo
1406 1852 1539 1943 dignam
1556 1853 1784 1948 perficeretur,
1811 1863 1845 1925 et
1860 1874 1969 1949 prae-

602 1970 713 2041 stitisti
738 1966 837 2039 nobis
863 1980 898 2040 ut
924 1979 998 2040 cunt
1023 1967 1214 2064 Episcopis,
1242 1980 1275 2040 et
1301 1966 1530 2042 sacerdotibus
1557 1973 1622 2040 tuis
1636 2023 1639 2028 .
1655 1979 1819 2043 staremus
1853 1990 1968 2042 coram

602 2093 637 2155 ta
662 2092 697 2155 et
722 2084 781 2155 tibi
806 2086 1081 2157 ministraremus:
1108 2083 1316 2179 complaceat
1341 2082 1400 2155 tibi
1426 2087 1602 2155 etiamnum
1636 2083 1780 2157 Domine
1813 2087 1968 2180 primarie

602 2210 737 2296 pastor,
764 2209 798 2281 et
822 2200 1028 2273 confortator
1054 2203 1234 2271 animarum
1260 2209 1464 2290 nostrarum,
1490 2204 1524 2271 in
1549 2200 1740 2296 pastoribus
1766 2200 1908 2296 illisqui
1932 2203 1967 2271 in

603 2318 713 2412 capite
738 2316 852 2412 populi
877 2320 922 2390 tui
942 2326 1042 2404 stant,
1069 2327 1103 2387 et
1117 2316 1383 2411 tranquillitatem
1410 2326 1443 2387 et
1468 2337 1585 2410 pacem
1600 2315 1828 2388 Ecclesiamm
1838 2317 1968 2388 illarum

603 2442 791 2504 sanctarum
818 2432 984 2521 concede3
1012 2433 1053 2504 ad
1079 2432 1279 2527 perficienda
1306 2442 1486 2527 praecepta
1518 2442 1573 2503 tua
1609 2442 1724 2504 sancta
1752 2441 1786 2503 et
1819 2432 1968 2504 vivifica:

601 2558 638 2620 ut
664 2570 765 2643 super
789 2548 1033 2620 fundamentum
1059 2548 1135 2620 iidei
1161 2548 1395 2644 Apostolicae,
1423 2546 1554 2644 stabiliti
1581 2559 1615 2618 et
1640 2546 1775 2635 fundati,
1803 2570 1969 2620 annume-

601 2674 717 2735 rentur
749 2663 830 2737 ovili
863 2674 919 2738 tuo
955 2686 1121 2760 superno,
1157 2676 1190 2736 et
1226 2669 1317 2736 vitae
1357 2673 1524 2736 aeternae.
1583 2665 1724 2736 Praesta
1755 2686 1818 2737 nos
1851 2686 1967 2737 omnes

602 2778 723 2872 dignos
749 2780 1011 2853 communicandi
1037 2779 1194 2874 operibus
1222 2803 1355 2868 eorum,
1382 2798 1522 2875 eosque·
1545 2792 1660 2874 aperta
1692 2780 1779 2852 facie
1811 2771 1973 2869 intuendi,

601 2897 645 2991 in
663 2894 807 2970 adventu
832 2900 991 2989 unigeniti
1017 2897 1092 2968 Filii
1118 2899 1182 2983 tui,
1208 2918 1269 2991 per
1296 2918 1391 2990 quem
1420 2906 1454 2967 et
1480 2918 1555 2967 cum
1582 2917 1647 2990 quo
1675 2907 1708 2968 te
1726 2896 1824 2968 decet
1845 2897 1968 2989 gloria,

601 3008 711 3085 bonor
736 3022 771 3084 et
795 3022 945 3109 potestas
973 3036 1047 3084 cunr
1074 3012 1197 3107 Spiritu
1224 3022 1280 3083 tuo
1308 3023 1442 3099 saneto,
1469 3022 1533 3083 etc.

708 3126 870 3221 Populos.
922 3129 1042 3199 Amen.

705 3242 880 3315 Sacerdos
905 3244 1095 3315 inclinatos.
1147 3243 1335 3330 Memento,
1362 3245 1525 3330 Domine,
1560 3246 1702 3314 omnium
1735 3243 1871 3315 fratrum
1898 3265 1970 3315 no-
2058 3327 2064 3337 Ι

601 3369 744 3431 atrorum
771 3359 930 3446 fidelium,
958 3382 1070 3431 eorum
1098 3364 1152 3454 qui
1179 3371 1318 3456 propter
1343 3382 1464 3431 nomen
1496 3368 1584 3430 tuum
1610 3358 1761 3430 fecerunt
1787 3367 1821 3429 et
1844 3356 1969 3430 iaciunt

603 3477 724 3574 omnia
741 3474 829 3547 bona
856 3478 889 3545 in
916 3480 1004 3546 omni
1030 3478 1184 3566 regione,
1218 3486 1252 3547 et
1286 3479 1628 3561 communicaverunt,
1661 3477 1970 3568 communicentque

603 3605 783 3682 egeriem
811 3593 1011 3678 necessitati,
1040 3590 1464 3685 subveniunlqueegestati
1483 3594 1625 3664 omnium
1641 3613 1835 3685 pauperum,
1860 3612 1969 3685 pere-

602 3709 793 3798 grinorum,
820 3718 854 3778 et
881 3708 1080 3779 afflictorum.
1134 3706 1230 3779 Nunc
1255 3712 1289 3778 in
1314 3712 1483 3804 praesenti
1509 3710 1580 3779 vita
1606 3707 1751 3779 retribue
1777 3706 1840 3779 illis
1867 3706 1968 3795 bona,

603 3832 638 3894 et
663 3820 730 3893 illie
755 3845 828 3893 curn
855 3821 1003 3895 fidelibus
1031 3822 1192 3895 defunctis
1218 3829 1311 3895 vitae
1337 3835 1494 3896 aeternae
1520 3823 1682 3895 haeredes
1709 3824 1896 3896 efficiantur.

713 3922 887 4009 Sacerdos
917 3939 1054 4010 elevans
1085 3961 1210 4009 oocerm
1264 3939 1317 4010 Da
1357 3951 1391 4010 et
1429 3939 1578 4012 concede
1612 3962 1674 4034 per
1708 3938 1968 4011 misericordiam

602 4064 693 4125 tuam
718 4053 872 4137 multam,
898 4054 1071 4149 praeclara
1099 4054 1207 4141 dona,
1234 4054 1462 4149 bonorumque
1489 4057 1697 4141 allluentiam,
1724 4052 1876 4127 omnibus
1903 4054 1968 4126 illis

604 4173 660 4265 qni
686 4174 927 4243 communicant
951 4172 1206 4243 necessitatibus
1232 4194 1414 4267 pauperum
1433 4183 1466 4243 et
1479 4171 1660 4267 praeclaris
1675 4171 1833 4265 operibus
1849 4173 1969 4261 eujus-

604 4307 745 4380 eomque
771 4291 905 4377 generis
932 4291 965 4358 in
991 4286 1144 4358 Ecclesia
1171 4297 1225 4359 trio
1252 4298 1369 4359 sancta
1397 4292 1567 4383 conspicui
1595 4298 1678 4359 sunt.
1730 4288 1831 4378 Auge
1857 4289 1967 4379 ignem

604 4405 751 4474 cadmus
778 4413 854 4474 tuae
881 4407 914 4473 in
942 4401 1112 4475 animabus
1140 4409 1283 4476 omnium
1310 4415 1471 4489 nostrum,
1500 4413 1533 4474 et
1560 4403 1653 4475 aulen
1681 4425 1699 4473 a
1726 4402 1825 4475 nobis
1852 4424 1968 4474 omnes

602 4538 731 4615 vepres
757 4517 968 4608 delictorum,
996 4530 1029 4590 et
1055 4523 1167 4613 spinas
1196 4542 1327 4591 amaras
1352 4523 1491 4614 peccati.
1545 4518 1611 4590 Per
1638 4530 1670 4590 te
1698 4522 1752 4612 qui
1779 4541 1817 4590 es
1849 4518 1908 4589 lux
1935 4529 1969 4588 et

603 4636 673 4705 vite
690 4656 786 4721 vera,
812 4633 1010 4705 illustremur
1036 4646 1070 4706 et
1096 4639 1266 4707 vivamus:
1294 4658 1355 4731 per
1370 4639 1523 4727 gratiam,
1540 4635 1801 4707 misericordiam
1819 4646 1853 4705 et
1868 4656 1969 4704 amo-

603 4771 676 4821 rem
702 4772 785 4841 erga
812 4749 960 4821 homines
985 4754 1144 4843 unigeniti
1171 4749 1243 4822 Filii
1269 4755 1327 4837 tui,
1353 4773 1415 4846 per
1442 4775 1537 4848 mem
1565 4762 1699 4823 etcum
1726 4774 1792 4845 quo
1820 4761 1852 4821 te
1873 4742 1969 4820 decet

605 4864 714 4957 gloria
741 4873 775 4936 et
800 4864 918 4938 honor.
1075 4866 1235 4959 Populos.
1287 4869 1406 4939 Amen.
1934 4954 1936 4959 ¹

709 4979 883 5052 Sacerdos
908 4981 1098 5053 inclinatos.
1150 4983 1243 5054 Deus
1276 4987 1330 5077 qui
1365 4982 1512 5078 bonitate
1546 4980 1728 5054 laudandus
1755 5004 1812 5070 eS,
1845 4990 1879 5051 et
1910 4982 1969 5051 in-

603 5094 968 5192 comprehensibilitate
994 5096 1163 5187 excelsus,
1189 5099 1350 5171 Dominus
1377 5104 1484 5173 omnis
1510 5110 1648 5170 naturae
1675 5107 1810 5169 nostrae
1838 5105 1971 5168 creator

602 5223 640 5285 et
665 5224 797 5285 curator
829 5218 935 5286 omnis
968 5223 1142 5285 creaturae
1179 5213 1411 5305 intelligibilis,
1450 5226 1484 5287 et
1517 5213 1701 5304 sensibilis,
1736 5236 1783 5284 ex
1814 5222 1848 5283 te
1883 5214 1969 5283 enim

602 5328 728 5425 pendet
762 5352 859 5420 cura,
899 5340 933 5401 et
972 5334 1185 5403 conservatio
1221 5333 1312 5402 vitae
1343 5332 1484 5405 illorum.
1538 5331 1661 5404 Omnes
1701 5331 1800 5402 edam
1815 5376 1816 5380 η
1830 5330 1970 5401 vimums
