5150 6534
594 867 670 941 222
1098 863 1457 942 ittuntttt

594 1052 762 1140 omnihus,
797 1053 1000 1147 glorificetur
1024 1063 1059 1123 et
1083 1051 1236 1124 laudetur
1259 1073 1383 1124 nomen
1409 1060 1498 1123 mum
1529 1049 1630 1124 valde
1661 1048 1894 1124 honomrlmn
1925 1063 1962 1126 et

592 1168 813 1258 benedictum,
839 1168 1001 1270 simulque
1021 1167 1155 1240 Domini
1180 1169 1285 1240 nostri
1301 1167 1385 1240 lesu
1399 1165 1522 1240 Christi
1547 1166 1739 1264 etSpititus
1752 1169 1813 1239 mi
1837 1172 1960 1258 esech,

594 1308 701 1377 nunc,
729 1296 792 1358 etc.

696 1401 857 1496 Populus.
909 1399 963 1472 Ut

698 1519 881 1591 Sacerdos.
932 1519 1016 1589 Pax.

700 1634 860 1727 Papulas.
912 1632 1055 1705 Etcum
1081 1634 1198 1727 spiritu
1224 1641 1290 1702 tuo.

699 1750 882 1822 Sacerdos.
934 1747 1165 1821 Misericordia
1191 1747 1280 1835 Dei,
1306 1757 1369 1819 etc.

701 1866 862 1959 Populus.
914 1864 1058 1935 Etcum
1084 1866 1202 1959 spiritu
1228 1872 1294 1933 tuo.

698 1981 881 2052 'Wacoaas
906 1981 991 2051 dicit
1008 1979 1227 2051 catholicam.
1253 1977 1430 2049 Sacerdos
1451 1982 1585 2072 [saepit
1610 1985 1645 2051 et
1669 1978 1957 2074 aanolllhlatn

703 2097 890 2168 Diaconos.
940 2094 1102 2187 Angelus.

830 2417 1005 2489 Sacerdos
1031 2417 1116 2487 dicit
1143 2418 1341 2489 Ordioaaa
1366 2423 1447 2489 orte
1472 2419 1574 2491 Pater
1597 2427 1724 2493 noster.

701 2641 793 2713 Vere
819 2644 904 2712 enim
931 2651 965 2712 et
991 2637 1118 2736 ahsque
1144 2638 1265 2729 dnbio,
1300 2651 1335 2712 tu
1368 2664 1406 2713 es
1434 2638 1534 2712 Pater
1566 2649 1699 2712 sanctis
1739 2640 1815 2713 Filii
1846 2645 1957 2732 samu,

599 2760 655 2854 qui
681 2760 853 2830 sanctitate
881 2755 1029 2851 aequalis
1056 2766 1107 2828 est
1134 2779 1207 2827 cnm
1234 2755 1359 2852 Spiritu
1385 2765 1515 2830 sancto:
1550 2759 1605 2850 qui
1636 2754 1788 2853 perlecto
1821 2767 1856 2829 et
1888 2781 1958 2832 oum

598 2896 724 2949 summa
756 2883 920 2968 potestate
957 2876 989 2943 in
1028 2876 1150 2944 sanctis
1186 2875 1389 2966 requiescis,
1421 2881 1454 2941 et
1487 2881 1649 2967 perpetuo
1685 2871 1961 2947 sanctificationes

598 3012 727 3078 eorum,
755 2992 809 3084 qui
835 3000 869 3060 te
895 2986 1098 3060 sanctificant
1124 2991 1274 3083 suscipis.
1302 2989 1354 3059 'lu
1381 3009 1419 3058 es
1444 2986 1520 3059 lons
1546 2987 1790 3080 incolumitatis,
1817 2999 1852 3060 et
1867 2993 1959 3084 origo

599 3105 815 3192 auxiliorum,
842 3114 876 3174 tu
903 3127 941 3175 es
967 3107 1098 3195 genitor
1124 3103 1383 3192 misericordiae,
1410 3112 1444 3174 et
1460 3114 1556 3197 pater
1583 3102 1790 3193 clementiae,
1816 3108 1961 3178 mera-

597 3230 664 3310 tor,
691 3221 820 3309 fautor,
847 3219 977 3312 adjutor
1004 3229 1037 3291 et
1063 3220 1256 3307 auxiliator,
1283 3242 1396 3291 curam
1422 3217 1549 3291 hahens
1573 3242 1775 3316 pauperum,
1806 3230 1842 3291 et
1866 3219 1962 3294 refu-

597 3342 688 3431 gium
714 3337 916 3424 afflictomm,
942 3358 1058 3408 comes
1084 3339 1209 3407 itineris
1235 3338 1472 3427 navigantium,
1499 3345 1616 3430 portus
1643 3346 1677 3407 et
1702 3339 1836 3432 requies
1848 3340 1963 3429 jacta·-

597 3464 724 3540 torum,
760 3452 923 3545 retugium
955 3462 1187 3548 peccatorum:
1220 3451 1368 3522 medicus
1401 3451 1509 3524 liunus
1535 3452 1755 3525 infimiorum:
1788 3455 1846 3547 qui
1872 3474 1964 3525 amas

598 3569 768 3664 lacrymas
794 3571 1047 3662 poenitentium:
1074 3568 1269 3639 emundator
1296 3567 1452 3654 sordium,
1478 3571 1512 3639 in
1539 3568 1601 3641 illis
1628 3572 1683 3663 qui
1701 3571 1859 3663 inquinati
1878 3577 1966 3656 sunt

597 3684 739 3777 largitor
765 3683 946 3772 donomm,
980 3683 1152 3756 thesaurus
1188 3684 1382 3757 divitiamm.
1442 3685 1494 3755 'lu
1529 3683 1570 3755 ah
1603 3687 1712 3771 initio,
1744 3684 1786 3757 ah
1815 3694 1967 3771 aeterno,

599 3827 620 3874 a
648 3800 782 3890 saeculo
810 3811 843 3871 et
869 3812 1043 3896 perpetuo,
1070 3811 1203 3872 sanctus
1231 3823 1278 3885 es,
1306 3796 1490 3894 plenusque
1516 3802 1714 3890 sanctitate,
1740 3802 1969 3875 sanctificator

601 3927 635 3987 et
660 3915 830 4010 perfector
858 3926 1058 4004 sanctorum,
1085 3927 1118 3988 et
1144 3938 1206 3987 nos
1232 3914 1516 4007 glorificationem,
1545 3914 1807 4013 hymnorumque
1835 3918 1970 3990 decan-

600 4035 759 4104 tationem
786 4030 952 4103 ollerimus
979 4032 1057 4115 tihi,
1093 4055 1166 4104 eam
1202 4035 1306 4125 ipsam
1341 4053 1437 4124 quam
1466 4056 1485 4102 a
1512 4029 1597 4101 Filio
1624 4043 1740 4105 sancto
1767 4044 1846 4122 tuo,
1880 4033 1970 4106 Filio

601 4159 656 4219 tuo
684 4146 804 4218 dilecto
833 4156 981 4218 amanter
1008 4147 1195 4234 didicimus:
1221 4150 1428 4242 petimusque
1455 4157 1490 4218 ut
1516 4146 1612 4219 nohis
1633 4149 1784 4221 omnihus
1799 4161 1971 4246 praestas,

601 4273 637 4334 ut
663 4262 765 4335 corde
794 4286 892 4357 puro,
920 4262 980 4332 sed
1007 4263 1161 4334 ardenter
1188 4285 1349 4335 succenso
1377 4286 1439 4359 per
1464 4263 1570 4334 zelum
1597 4262 1805 4354 laudabilem,
1834 4267 1972 4338 oratio-

601 4400 662 4449 nes
690 4389 724 4448 et
750 4377 1002 4473 deprecationes
1029 4387 1160 4454 nostras
1187 4400 1301 4450 coram
1326 4389 1360 4449 te
1388 4377 1596 4465 effundendo,
1623 4403 1696 4450 cum
1714 4384 1870 4454 mentium
1887 4381 1972 4454 illu-

601 4496 794 4579 minatione,
828 4496 1011 4564 animomm
1038 4497 1246 4586 castimonia,
1279 4494 1530 4588 linguarumque
1557 4495 1740 4590 triumphali
1765 4496 1972 4587 laudatione,

603 4607 782 4681 clamemus
811 4607 852 4679 ad
880 4617 932 4696 tc,
959 4630 1090 4683 oremus
1118 4621 1150 4681 et
1177 4611 1344 4698 dicamus,
1377 4612 1476 4681 Pater
1502 4622 1616 4682 noster
1644 4617 1698 4706 qui
1726 4633 1764 4683 es
1779 4615 1824 4702 ‚iu
1851 4611 1973 4686 coelis.

707 4722 870 4816 Populus.
924 4721 1149 4797 Sanctificetur
1175 4748 1298 4798 nomen
1323 4736 1422 4796 tuum.

706 4838 882 4911 Sacerdos
916 4838 1052 4909 cloccas
1083 4864 1207 4912 cocem.
1261 4841 1330 4927 Ne,
1365 4839 1526 4928 Domine,
1557 4847 1728 4936 permittas
1760 4865 1823 4916 uos
1846 4848 1973 4937 jactari

604 4954 841 5029 vexationibus
869 4954 1051 5045 mundanis,
1077 4961 1150 5028 sive
1177 4956 1368 5045 diabolicis,
1403 4958 1488 5029 ultra
1515 4958 1547 5029 id
1575 4958 1662 5053 quod
1694 4981 1893 5053 possumus,
1926 4965 1974 5035 ita

604 5083 640 5142 ut
666 5076 798 5144 omnino
826 5075 858 5142 in
884 5071 1081 5160 infirmitate,
1108 5073 1311 5164 aegritudine
1338 5084 1372 5145 et
1398 5074 1624 5147 confractione
1650 5075 1761 5147 cordis
1787 5079 1911 5167 simus,
1939 5090 1975 5152 et

605 5209 625 5256 a
659 5187 841 5260 domestica
875 5186 1095 5260 familiaritate
1126 5198 1180 5260 tua
1211 5189 1309 5261 aliem
1343 5191 1536 5282 efficiamur,
1570 5195 1598 5262 si
1632 5196 1736 5266 nostri
1761 5216 1874 5267 curam
1903 5216 1974 5268 non

606 5300 769 5375 habueris.
822 5303 875 5376 Ne
902 5308 948 5378 sis
976 5307 1222 5397 immisericors
1248 5306 1408 5398 Domine,
1434 5329 1543 5401 neque
1570 5317 1704 5381 avertas
1730 5308 1852 5384 faciem
1880 5320 1974 5386 tuam
