5150 6534
1100 804 1670 941 irrorari-'r

695 1029 858 1122 Populus.
909 1028 1054 1102 Etcum
1081 1030 1197 1124 spiritu
1224 1037 1293 1101 tuo.

562 1202 565 1208 .
697 1144 881 1216 Sacerdos.
935 1143 1075 1218 Sursum
1101 1142 1216 1215 corda.

639 1340 643 1347 ¹
698 1259 860 1352 Populos.
913 1250 1091 1330 Habemus
1111 1257 1155 1329 ad
1180 1256 1368 1329 Dominum.
1422 1272 1428 1278 ’
1528 1256 1530 1258 ’

696 1373 880 1445 Sacerdos.
934 1370 1066 1444 Gratias
1094 1393 1244 1466 agamus.

696 1488 858 1581 Populos.
909 1486 1055 1580 Dignum
1084 1494 1118 1556 et
1130 1489 1256 1578 justum
1282 1493 1345 1558 ast.

697 1602 873 1674 Sacerdos
898 1602 1091 1673 inclinatae.
1143 1598 1236 1672 Vere
1268 1599 1402 1693 dignum
1439 1607 1474 1671 et
1501 1600 1625 1691 jmtum
1663 1609 1736 1691 est,
1762 1597 1903 1690 ‘decens
1935 1611 1969 1675 et

595 1715 756 1807 debitum,
783 1725 819 1788 ut
844 1703 1083 1810 glorificemus,
1109 1712 1301 1801 laudemus,
1328 1735 1486 1787 canamus
1513 1722 1547 1785 et
1577 1711 1823 1788 sanctificemus
1848 1724 1884 1787 te
1909 1714 1968 1788 la-

593 1842 721 1905 ctarem
749 1836 856 1905 omnis
885 1841 1071 1919 creaturae,
1096 1824 1239 1902 visibilis
1266 1840 1301 1901 et
1326 1825 1550 1920 intelligibilis.
1736 1822 1738 1826 ’
1768 1826 1791 1844 ”
1978 1838 1980 1841 ‘

697 1946 847 2018 Elecccc
872 1969 998 2018 vocem.
1033 1944 1085 2016 Te
1112 1947 1200 2015 enim
1226 1941 1427 2015 benedicunt
1452 1952 1487 2015 ct
1501 1930 1725 2028 sanctificant,=
1744 1933 1826 2026 mm
1848 1933 1968 2017 ulida

594 2073 628 2133 et
653 2071 799 2133 tremore
826 2083 963 2154 magno,
990 2059 1125 2133 ordines
1150 2056 1238 2151 ignis
1266 2067 1300 2129 et
1327 2060 1478 2153 spiritus:
1513 2064 1699 2153 potestates
1723 2047 1811 2129 illae
1827 2049 1967 2132 bhatae:

595 2178 729 2267 agmina
755 2173 957 2248 flammantia
982 2194 1179 2246 numerosa:
1208 2167 1415 2246 substantiae
1430 2175 1647 2269 principatus,
1674 2161 1880 2268 orthesqio
1905 2196 1969 2247 su-

592 2295 709 2387 perni:
736 2290 873 2364 militiae
899 2289 1092 2383 gloriosae,
1118 2307 1286 2384 personae
1317 2290 1440 2379 igneae
1471 2285 1686 2360 honorandae
1717 2295 1752 2358 et
1781 2282 1969 2372 timendam

593 2406 718 2498 Angeli
747 2427 880 2500 quoque
906 2413 941 2474 et
965 2403 1186 2495 Archangeli,
1217 2407 1274 2498 qui
1300 2406 1500 2476 constituunt
1526 2411 1643 2476 coetus
1676 2399 1871 2498 splendidos
1904 2394 1969 2474 or-'

594 2519 726 2595 dinatos
753 2519 795 2591 ad
820 2518 952 2592 laudem
978 2529 1084 2591 mam:
1113 2517 1292 2591 Chemhim
1319 2516 1460 2610 subjecti
1492 2540 1567 2590 cum
1602 2527 1749 2589 nemore
1774 2511 1835 2590 tibi
1862 2538 1968 2591 crea-

488 2709 491 2718 ,
593 2636 670 2723 tori,
696 2645 936 2730 portantesque
961 2636 1169 2725 majestatem
1196 2642 1304 2705 tuam:
1330 2632 1506 2729 Seraphim
1537 2655 1602 2710 sex
1628 2632 1690 2706 als
1715 2634 1887 2724 instructi,
1914 2634 1970 2731 qui

594 2749 776 2823 circulatim
804 2749 1004 2823 benedicunt
1030 2748 1100 2836 tihi,
1128 2757 1162 2820 et
1186 2747 1319 2845 hymnis
1346 2748 1422 2822 Deo
1456 2746 1565 2841 dignis
1601 2742 1841 2835 extollente,
1878 2736 1968 2821 cau-

594 2863 748 2961 tibusque
771 2862 933 2939 suavibus
960 2876 994 2937 et
1017 2860 1171 2957 jucundis
1198 2862 1334 2938 laudant
1359 2871 1405 2955 te,
1431 2862 1588 2939 volantes
1621 2883 1705 2935 uuus
1739 2858 1783 2933 ad
1815 2860 1969 2953 alterum,

594 2978 774 3053 clamantes
803 2990 836 3051 et
861 2979 1020 3053 diceutes.

698 3093 858 3185 Populea.
912 3090 1066 3165 Sanctus.

659 3257 662 3263 «
698 3206 874 3279 Sacerdos
899 3207 1093 3278 inclinatae.
1146 3203 1290 3279 Sanctus
1318 3209 1404 3276 enim
1432 3227 1470 3278 es
1497 3205 1597 3278 Pater
1622 3206 1765 3297 luminis,
1793 3211 1970 3305 omnaque

594 3325 778 3397 sanctitatis
815 3323 973 3415 largitor:
1015 3331 1150 3396 sancus
1195 3324 1294 3393 etiam
1333 3323 1522 3413 unigenitus
1560 3320 1666 3396 Filius
1699 3334 1788 3413 tuus,
1815 3324 1970 3397 salvator

594 3442 739 3510 omnium
782 3446 1023 3512 creaturarum:
1064 3443 1198 3511 sanctus
1239 3457 1372 3531 quoque
1395 3436 1552 3532 ‘Spiritus
1601 3446 1676 3510 tuus
1715 3443 1862 3512 sanctus.
1895 3437 1970 3511 'Tu

595 3556 705 3624 omnia
732 3554 883 3625 contines
910 3561 944 3622 et
971 3553 1081 3626 omnia
1108 3560 1217 3652 potes,
1245 3553 1300 3645 qui
1326 3549 1434 3624 iecisti
1453 3551 1620 3625 homiuem
1636 3555 1787 3649 primum,
1815 3554 1859 3628 ad
1878 3547 1970 3627 imass

595 3670 707 3757 ginem
733 3676 838 3739 mam:
864 3669 894 3737 is
923 3675 1032 3738 autem
1059 3687 1133 3736 cum
1160 3664 1348 3739 mandatum
1375 3675 1464 3737 tuum
1491 3675 1584 3740 esset
1614 3675 1871 3761 transgressus,
1901 3661 1972 3744 noh

596 3779 772 3853 deseruisti
799 3802 892 3868 eum,
927 3784 1020 3856 utin
1047 3783 1262 3875 corruptione
1288 3788 1535 3871 veterasceret,
1569 3780 1630 3855 sed
1663 3784 1780 3855 misisti
1815 3774 1863 3857 ad
1893 3805 1972 3858 eum

593 3894 845 3990 praedicatores
872 3896 947 3969 veri
974 3905 1007 3967 et
1022 3898 1131 3990 aequi,
1159 3897 1438 3989 expositoresque
1458 3916 1570 3970 rerum
1585 3893 1864 3970 absconditarum.
1892 3888 1973 3993 ipsa

594 4031 679 4081 vero
707 4031 780 4079 curn
808 4009 972 4081 adversus
998 4008 1203 4082 voluntatem
1230 4018 1320 4079 tuam
1346 4007 1562 4098 rebellasset,
1594 4010 1728 4084 tandem
1753 4013 1814 4104 per
1839 4014 1972 4103 unige-

594 4125 696 4193 nitum
723 4122 842 4194 Filium
869 4134 971 4213 mum,
999 4145 1074 4195 eum
1101 4124 1253 4209 salvasti,
1281 4133 1314 4192 et
1340 4121 1382 4194 ad
1408 4123 1497 4195 bona
1524 4128 1663 4219 pristina
1689 4124 1874 4196 restituisti.

536 4251 538 4254 ·
698 4236 848 4309 Eleaque
873 4260 998 4309 cooeva.
1056 4236 1185 4310 Volens
1219 4247 1328 4308 autem
1358 4241 1481 4329 juvare
1513 4239 1706 4331 figmentum
1739 4257 1835 4337 suum
1873 4234 1972 4313 donis

595 4353 685 4437 suis,
713 4361 746 4421 et
772 4355 944 4445 imperium
971 4356 1087 4424 mortis
1114 4362 1221 4424 morte
1249 4374 1310 4424 sua
1338 4351 1527 4425 destruere:
1563 4358 1637 4451 ipse
1664 4353 1973 4458 ante-passionem

482 4565 484 4569 ⁷
594 4486 689 4536 suam
716 4463 893 4536 salutarem
921 4470 1050 4562 accepit
1076 4489 1196 4563 panem
1223 4488 1326 4561 super
1350 4489 1467 4539 manus
1489 4490 1567 4541 suas
1583 4490 1698 4563 puras,
1724 4465 1973 4556 immaculatas,

594 4589 628 4650 et
653 4578 812 4671 illibatas,
839 4590 873 4651 et
899 4586 1032 4676 aspexit
1059 4582 1100 4653 ad
1127 4594 1161 4654 te
1187 4583 1279 4654 Deus
1305 4581 1426 4670 Pater;
1452 4591 1487 4653 et
1512 4587 1638 4674 gratim
1672 4600 1780 4675 agens
1805 4586 1827 4663 †
1855 4580 1974 4654 bene-

594 4692 678 4764 dixit
707 4701 728 4776 †
754 4693 991 4785 sanctificavit,
1022 4703 1043 4780 †
1075 4696 1195 4788 tregit,
1231 4694 1385 4789 deditque
1420 4695 1590 4792 discipulis
1621 4699 1690 4769 suis
1723 4706 1757 4768 et
1791 4694 1975 4789 Apostolis

593 4810 717 4880 sanctis
745 4807 875 4881 dicem:
912 4813 1069 4905 accipite,
1096 4810 1294 4883 manducate
1320 4821 1366 4881 ex
1393 4833 1453 4883 eo:
1485 4812 1559 4883 Hoc
1591 4825 1644 4885 est
1677 4809 1810 4905 Corpus
1847 4831 1976 4902 meum,
2027 4836 2035 4845 ·

592 4922 699 5013 ipsum
728 4922 816 5015 quod
843 4944 905 5017 pro
932 4925 1032 4996 vohis
1059 4926 1235 5018 frangitur,
1262 4932 1297 4995 et
1324 4924 1434 5014 datar,
1462 4929 1740 5024 inexpiationem
1759 4910 1978 5018 detaomm',

594 5037 824 5107 remissionem
850 5048 1087 5131 peccatorum,
1115 5050 1149 5111 et
1174 5044 1276 5115 vitam
1305 5055 1476 5116 aeternam
1503 5041 1758 5143 suscipientibus
1785 5041 1879 5114 illud.
1930 5066 1943 5076 ·

698 5148 859 5241 Populos.
913 5152 1033 5223 Amen.

690 5262 883 5336 -Saeerdoe
937 5266 1095 5341 Similiter
1123 5280 1156 5341 et
1182 5270 1320 5343 cahcem
1347 5285 1524 5368 postquam
1550 5280 1797 5368 coenaverunt,
1823 5273 1979 5346 miscens
