5150 6534
977 853 1009 928 s.
1040 809 1242 928 rennuis
1274 852 1612 928 riirnmnomn.
1899 853 1975 929 aaa

604 1043 704 1129 nitas,
730 1037 963 1110 consessiones
990 1036 1228 1124 incessabiles,
1254 1059 1429 1132 vocesque
1456 1042 1635 1130 gratiarum
1665 1041 1820 1126 actionis,
1857 1041 1976 1112 ederi-

605 1177 679 1228 mus
707 1156 764 1228 tibi
790 1156 952 1242 Domine,
979 1164 1115 1247 propter
1141 1152 1354 1247 multiplicem
1382 1176 1464 1246 erga
1491 1176 1554 1226 nos
1581 1153 1843 1226 misericerdiam
1871 1168 1975 1243 tuam3

607 1276 681 1364 quie
708 1273 886 1366 pepercisti
914 1268 1040 1338 delictis
1068 1271 1190 1339 nostris
1219 1291 1280 1362 per
1307 1272 1447 1359 gratiam
1477 1280 1576 1357 tuam,
1604 1279 1636 1338 et
1664 1272 1818 1341 remisisti
1837 1284 1977 1364 peecata

606 1395 718 1457 nostra
746 1408 808 1481 per
834 1388 1157 1456 commiserationem
1184 1393 1282 1454 tuam.
1336 1385 1460 1455 Fecisti
1493 1407 1555 1457 nos
1587 1382 1735 1454 habitare
1762 1389 1794 1456 in
1820 1386 1975 1461 Ecclesia

606 1509 661 1574 aia
699 1510 834 1589 sancta,
871 1511 904 1572 ct
938 1499 1023 1571 lilios
1057 1509 1131 1571 tuos
1167 1523 1228 1593 per
1264 1503 1404 1590 gratiam
1440 1511 1528 1571 tuam
1555 1504 1683 1570 vocasti
1711 1523 1789 1573 nos:
1816 1506 1977 1575 miscuisti

606 1637 729 1711 corpus
755 1619 914 1707 unigeniti
941 1615 1014 1686 Filii
1042 1618 1086 1685 tui
1113 1638 1187 1684 cunr
1210 1615 1409 1708 cerporibus
1432 1619 1567 1704 nostris,
1595 1626 1628 1685 et
1651 1619 1871 1710 permiscuisti
1891 1643 1975 1693 san-

604 1735 738 1824 gninem
773 1734 844 1823 ejus
877 1731 1034 1802 membris
1066 1733 1210 1817 nostris,
1244 1729 1430 1824 dignosque
1464 1736 1656 1827 praestitisti
1690 1755 1753 1805 nos
1786 1740 1997 1806 communi-1

604 1848 701 1919 candi
728 1850 889 1942 mysterio
918 1858 973 1919 tuo
1001 1855 1126 1918 sancto.
1164 1846 1338 1936 Rogamus
1366 1856 1475 1918 autem
1503 1858 1535 1917 et
1560 1845 1780 1942 deprecamur
1796 1860 1828 1921 te
1849 1862 1977 1924 amator

603 1961 788 2051 bominum,
821 1973 857 2033 ut
888 1985 954 2033 non
987 1973 1168 2033 convertas
1199 1960 1305 2034 sestos
1342 1962 1413 2033 dies
1448 1967 1651 2035 nostros·in
1685 1962 1825 2049 luctum,
1865 1988 1974 2061 neque

603 2078 745 2174 bpmnos
773 2088 907 2150 nostros
934 2082 967 2149 in
993 2078 1176 2173 planctum:
1204 2099 1247 2146 ne
1274 2078 1412 2149 inclines
1440 2082 1548 2174 capita
1576 2089 1690 2149 nostra
1718 2080 1904 2171 injudicio,
1932 2106 1974 2153 ne

604 2195 842 2267 confundamur
869 2199 901 2265 in
935 2194 1049 2265 ultimo
1084 2193 1137 2262 die
1173 2191 1415 2264 retributionis:
1450 2215 1492 2262 ne
1527 2194 1656 2288 pudore
1690 2197 1812 2267 allicias
1845 2218 1907 2268 nos
1943 2201 1975 2268 in

604 2309 658 2381 die
684 2311 799 2403 judieii
836 2314 895 2382 tui:
932 2333 975 2380 ne
1005 2309 1133 2400 judices
1169 2331 1231 2380 nos
1266 2312 1297 2377 in
1335 2308 1388 2378 die
1422 2320 1514 2379 ortus
1548 2312 1609 2380 tui:
1646 2333 1689 2380 ne
1717 2311 1976 2383 condemnemur

603 2426 767 2498 cumillis
803 2429 858 2521 qui
893 2436 925 2497 te
957 2448 1024 2497 non
1058 2436 1239 2495 neverunt:
1276 2448 1319 2494 ne
1352 2428 1537 2495 cruciemur
1572 2450 1645 2497 cnm
1683 2426 1745 2498 illis
1779 2430 1833 2521 qui
1866 2439 1898 2499 te
1932 2430 1974 2499 ad

601 2541 804 2614 iracundiam
831 2552 1118 2636 provocaverunt3
1146 2540 1206 2611 sed
1233 2545 1462 2634 pergratiam
1490 2551 1577 2612 tuam
1606 2542 1700 2612 salva
1729 2564 1811 2626 nos,
1840 2555 1973 2614 etcum

601 2657 677 2729 liliis
703 2660 887 2752 nuptiarum
916 2667 1042 2727 tuarum
1071 2660 1244 2751 quiescere
1268 2655 1349 2748 jube
1376 2679 1451 2744 nes,
1483 2668 1515 2727 et
1544 2656 1751 2728 discumbere
1779 2681 1852 2728 eum
1875 2661 1973 2749 justis

601 2774 635 2845 in
661 2773 827 2868 paradiso.
880 2772 932 2842 Da
961 2771 1057 2843 nobis
1085 2776 1181 2870 regni
1208 2775 1251 2842 tui
1279 2772 1478 2843 beatitudine
1505 2772 1647 2866 perfrui,
1679 2783 1712 2843 et
1740 2772 1800 2843 alis
1828 2776 1972 2846 oonnni-

602 2893 780 2962 serationis
808 2900 885 2961 tuae
911 2898 1053 2983 protege
1089 2909 1166 2976 nos,
1200 2900 1233 2960 et
1268 2899 1403 2983 praesta
1437 2898 1472 2958 ut
1505 2912 1618 2959 coram
1654 2890 1737 2960 solio
1773 2888 1893 2960 Cluisti
1928 2891 1973 2957 tui

602 3009 854 3076 excusationem
898 3003 1023 3075 habere
1059 3007 1241 3097 possimus,
1282 3027 1345 3099 per
1378 3025 1494 3098 quem,
1532 3016 1565 3076 et
1599 3027 1673 3074 eum
1710 3025 1774 3097 quo
1810 3014 1843 3075 te
1877 3003 1974 3074 decet

601 3120 729 3212 gloria,
757 3132 819 3193 ete.

706 3236 868 3329 Populus.
921 3235 1040 3306 Amen.

706 3351 891 3423 Sacerdos.
944 3351 1027 3422 Pax.

704 3469 866 3562 Populea.
920 3467 1064 3537 Etcum
1093 3468 1208 3560 spiritu
1236 3478 1301 3539 tuo.
1329 3507 1331 3514 v

703 3585 893 3655 Diaconos.
947 3585 1038 3654 Post.

703 3701 866 3794 Populea.
920 3699 1044 3773 Coram
1072 3709 1104 3769 te
1131 3700 1282 3771 Domine.

704 3801 888 3887 Sacdrdoa.
940 3815 1109 3910 llpmnos‚
1144 3814 1279 3903 laudes,
1312 3835 1485 3906 vocesque
1520 3814 1700 3902 gratiarnm
1728 3814 1868 3882 aetionis
1896 3834 1970 3881 cum

601 3933 723 4026 gaudio
752 3932 919 4003 efferimus
946 3931 1004 4002 tibi
1030 3932 1173 4001 Domine
1201 3939 1316 4001 noster
1343 3929 1424 3999 lesu
1459 3927 1607 4013 Christe,
1644 3949 1705 4020 pro
1740 3926 1873 3997 auxiliis
1908 3929 1970 3997 tuis

601 4070 684 4140 erga
710 4070 789 4119 nos:
819 4050 894 4141 quia
921 4069 983 4118 nos
1016 4057 1215 4139 peccatores
1252 4065 1373 4114 servos
1408 4053 1501 4131 tuoS,
1538 4041 1656 4133 dignos
1692 4042 1800 4112 fecisti
1834 4065 1971 4113 munere

600 4163 666 4236 boc
692 4163 817 4235 divino.
870 4163 1015 4233 Petimus
1044 4187 1062 4232 a
1092 4172 1135 4249 te,
1163 4183 1183 4231 o
1211 4159 1375 4249 refugium
1402 4170 1627 4252 peecatorum,
1655 4167 1789 4229 sanator
1816 4146 1969 4227 inlrrmo-

599 4301 689 4368 rum,
716 4288 921 4350 restaurator
948 4274 1144 4363 imbellium,
1179 4275 1309 4366 adJutor
1337 4278 1535 4358 animarum,
1570 4281 1746 4365 susceptor
1772 4274 1969 4359 orationum,

600 4398 723 4490 quique
759 4393 925 4489 postulata
962 4391 1142 4479 coneediS,
1174 4391 1309 4461 demitte
1343 4389 1514 4460 dexteram
1550 4401 1638 4459 tuam
1665 4388 1795 4482 plenam
1823 4384 1968 4456 benedi-

600 4514 729 4596 ctione,
766 4518 800 4580 ct
833 4507 975 4579 benedic
1010 4530 1071 4579 nos
1106 4529 1222 4577 omnes
1259 4528 1380 4578 servos
1410 4516 1497 4590 tum,
1534 4505 1732 4588 universim,
1768 4523 1909 4592 magnos
1937 4513 1971 4573 et

599 4647 736 4721 parvos,
763 4627 857 4696 viros
885 4633 919 4694 et
943 4623 1120 4710 leeminas,
1153 4621 1206 4694 Da
1233 4621 1330 4692 nobis
1358 4631 1392 4692 ut
1418 4631 1542 4691 stemus
1566 4640 1678 4689 eoram
1702 4627 1828 4688 tecum
1851 4619 1970 4688 timore

600 4752 635 4814 et
650 4751 805 4814 tremore.
847 4739 995 4818 Benedio
1016 4738 1191 4809 Ecclesiae
1220 4748 1295 4807 tuae
1323 4748 1473 4824 sanctae,
1500 4733 1678 4830 multiplica
1698 4734 1857 4805 Pastorcs
1885 4734 1970 4821 ejus,

599 4856 750 4951 glorifica
778 4855 981 4927 Sacerdotes
1009 4856 1122 4925 altaris
1151 4856 1206 4941 tui,
1233 4864 1267 4923 et
1294 4855 1647 4923 ministeriumeornm
1671 4853 1814 4943 suscipe.
1848 4843 1971 4916 blnuda

600 4972 783 5059 Diaconos,
812 4982 846 5042 et
872 4980 988 5041 cantus
1016 4992 1130 5042 eorum
1158 4976 1316 5062 acceptos
1343 4966 1439 5038 babe.
1490 4963 1657 5036 Confirma
1686 4987 1796 5050 senes,
1824 4961 1970 5032 infirmos

601 5087 772 5173 conforta,
806 5071 908 5157 reduc
941 5085 1081 5156 feliciter
1118 5082 1291 5171 absentes,
1329 5092 1525 5176 praesentes
1553 5079 1701 5164 custodi,
1730 5083 1885 5172 impetum
1908 5079 1969 5166 ju-

601 5225 722 5275 venum
750 5224 891 5291 coerce,
925 5224 1049 5296 pueros
1085 5200 1139 5271 fac
1175 5221 1248 5269 cum
1282 5197 1443 5269 modestia
1477 5218 1642 5267 erescere.
1702 5195 1792 5266 Sana
1826 5190 1970 5262 Domine
2044 5216 2049 5226 ·

600 5329 785 5412 aegrotes:
811 5320 1070 5413 intemperantes
1097 5315 1153 5386 lac
1180 5322 1417 5408 temperantes:
1453 5314 1532 5385 lava
1560 5321 1593 5382 et
1619 5307 1738 5380 munda
1766 5329 1826 5379 eos
1855 5310 1909 5402 qni
1937 5309 1970 5375 in

1503 5421 1507 5429 ’
1691 5423 1770 5500 64*
