5150 6534
955 824 1158 903 uncorum
1183 823 1353 904 mrsoon
1378 799 1653 907 audomarus.
1915 830 1989 906 401

616 1014 697 1083 vino
724 1018 758 1081 ct
784 1033 886 1104 aqua,
923 1020 957 1082 et
982 1013 1108 1104 gratias
1142 1033 1248 1103 agens
1281 1019 1302 1093 †
1328 1012 1501 1084 benedixit
1526 1020 1547 1095 †
1574 1014 1796 1086 sanctificavit
1822 1016 1851 1102 †
1877 1014 1991 1087 dedit-

616 1147 682 1219 que
708 1124 826 1198 iisdem
853 1125 1022 1221 discipulis
1050 1129 1118 1198 suis
1147 1137 1180 1196 et
1206 1125 1381 1222 Apostolis
1417 1131 1542 1200 sanctis
1574 1128 1707 1201 diceus:
1742 1132 1899 1225 accipite,
1931 1131 1990 1203 bi-

614 1240 683 1313 bite
710 1264 756 1312 ex
783 1263 825 1312 eo
853 1261 918 1313 vos
946 1263 1079 1313 omnes:
1107 1239 1169 1310 Hic
1197 1251 1249 1312 est
1276 1245 1412 1333 sanguis
1440 1264 1534 1314 meus
1561 1244 1766 1315 Testamenti
1787 1244 1890 1334 Novi,
1917 1248 1990 1341 ipse

616 1357 672 1449 qui
698 1376 760 1450 pro
787 1355 904 1445 vobis,
932 1367 965 1426 et
992 1376 1054 1449 pro
1083 1355 1191 1426 multis
1219 1354 1393 1426 effunditur
1421 1366 1455 1426 et
1480 1355 1588 1445 datur,
1615 1360 1648 1428 iu
1669 1361 1895 1452 expiationem
1923 1359 1989 1430 de-

616 1468 791 1558 lictorum3
817 1472 1049 1541 remissionem
1075 1480 1306 1564 peccatorum,
1334 1480 1367 1541 et
1392 1475 1496 1541 vitam
1526 1482 1696 1544 aeternam
1724 1474 1990 1568 suscipientibus.

722 1585 883 1684 Ropulca.
935 1587 1056 1657 Amen.

721 1700 906 1772 Sacerdos.
946 1699 1021 1771 lloc
1035 1699 1134 1770 lacite
1150 1701 1183 1769 iu
1196 1722 1304 1770 meam
1321 1704 1690 1791 commemorationem
1718 1706 1991 1797 quotiescumque

616 1816 704 1888 enim
739 1836 858 1910 panem
891 1814 978 1886 bunc
1009 1814 1270 1902 manducabitis,
1304 1827 1338 1886 et
1370 1816 1508 1886 calicem
1544 1819 1641 1889 istum
1676 1815 1818 1908 bibetis,
1850 1829 1989 1890 mortem

615 1953 726 2004 meam
753 1923 1001 2018 annuntiabitis,
1029 1929 1137 2002 donec
1163 1932 1308 2002 veniam.

620 2079 624 2086 «
720 2045 881 2138 Populus.
934 2046 1053 2117 Mortis
1081 2056 1157 2117 tuae
1183 2047 1326 2118 Domine
1353 2046 1544 2116 memoriam
1572 2049 1713 2136 agimus.

719 2159 903 2232 Sacerdos.
956 2159 1145 2232 Universae
1172 2164 1272 2253 igitur
1298 2159 1429 2254 periodi
1456 2160 1712 2256 dispensationis
1747 2170 1824 2232 tuae
1853 2183 1989 2232 memo-

613 2277 700 2345 riam
726 2274 886 2363 lacimus‚
913 2276 1071 2347 Domine:
1099 2285 1281 2369 conceptus
1310 2277 1354 2345 tui
1368 2277 1458 2369 puri:
1485 2277 1754 2347 Annuntiationis
1774 2298 1836 2370 per
1863 2278 1989 2366 Auge-

615 2385 683 2461 lum
709 2388 869 2482 Vigilem:
898 2388 1089 2461 Natiuitatis
1116 2402 1193 2462 tuae
1220 2390 1394 2481 gloriosae
1421 2399 1454 2460 et
1480 2388 1656 2461 mirabilis:
1691 2390 1989 2481 evangelisatiouis

614 2502 834 2606 laetabundae
860 2504 1084 2597 Angelorum:
1112 2506 1271 2600 Baptismi
1300 2508 1345 2575 tui
1371 2503 1537 2599 praeclari
1564 2513 1597 2575 et
1618 2504 1789 2578 salutaris:
1817 2504 1989 2576 elevatio-

614 2622 667 2703 nis
700 2622 733 2689 in
767 2641 883 2691 cruce:
919 2619 1102 2691 descensus
1131 2619 1173 2690 ad
1199 2619 1341 2692 inieras:
1377 2618 1648 2691 Resurrectionis
1681 2630 1758 2691 tuae
1785 2641 1805 2689 a
1832 2624 1989 2692 mortuis:

614 2735 835 2808 Ascensiouis
862 2744 939 2806 tuae
966 2734 1139 2826 gloriosae
1165 2745 1199 2806 et
1226 2734 1439 2806 admirandae
1462 2745 1487 2804 a
1514 2737 1651 2805 terrain
1668 2733 1820 2806 coelum:
1853 2738 1989 2808 sessio-

614 2852 668 2924 nis
694 2859 770 2921 tuae
797 2848 838 2921 ad
865 2849 1037 2921 dexteram
1064 2851 1128 2922 Dei
1156 2852 1279 2921 Patris:
1307 2860 1339 2921 et
1367 2872 1441 2921 cum
1468 2849 1519 2920 bis
1541 2846 1718 2944 omnibus
1751 2849 1917 2938 adventus
1943 2854 1990 2921 tui

615 2963 778 3036 tremendi
806 2974 839 3036 et
864 2964 1042 3054 terribilia,
1068 2967 1101 3034 in
1130 2987 1195 3058 quo
1230 2988 1305 3036 cum
1337 2963 1535 3058 splendore,
1567 2973 1601 3034 ct
1632 2972 1777 3035 tremore
1810 2967 1989 3057 exoriens,

616 3092 653 3153 et
678 3103 780 3177 super
806 3081 925 3153 solium
952 3084 1135 3172 majestatis
1163 3092 1240 3152 tuae
1268 3080 1412 3168 sedens,
1438 3078 1522 3151 lines
1549 3087 1582 3149 et
1607 3081 1766 3171 regiones
1794 3088 1904 3152 terrae
1927 3082 1989 3170 ju-

616 3195 761 3285 dicabis3
789 3219 862 3267 cum
890 3199 1110 3288 congregatio
1138 3195 1193 3266 illa
1220 3218 1342 3287 magna
1370 3205 1403 3266 et
1429 3193 1600 3266 tremenda
1616 3194 1702 3266 liet:
1737 3195 1868 3288 quando
1902 3216 1988 3287 per-

616 3310 696 3383 ditio
724 3320 758 3383 et
784 3315 949 3391 cruciatus
977 3311 1140 3381 adversus
1166 3313 1286 3404 impios
1319 3310 1552 3381 decernentur:
1587 3308 1719 3403 quaudo
1754 3312 1841 3399 ignis
1875 3312 1987 3380 mina-

616 3425 699 3496 citer
725 3423 927 3522 splendebit:
956 3425 1087 3521 quando
1115 3424 1270 3516 gebenna
1299 3423 1516 3496 vehementer
1534 3421 1679 3496 ardebit:
1707 3423 1838 3518 maudo
1858 3424 1987 3494 occulta

614 3541 650 3610 in
677 3550 826 3636 apertum
852 3540 1037 3636 produces,
1064 3561 1273 3633 examenque
1301 3562 1439 3635 operum
1466 3543 1634 3611 institues:
1663 3538 1795 3633 quando
1807 3542 1917 3631 justos
1945 3540 1987 3609 ad

614 3654 770 3748 gaudium
798 3657 927 3742 mittes,
955 3664 989 3726 et
1014 3658 1133 3749 impios
1161 3664 1407 3751 operantesque
1435 3639 1542 3742 mala,
1569 3653 1663 3726 dabis
1690 3658 1724 3725 in
1745 3652 1854 3725 cibum
1879 3657 1987 3745 ignis:

608 3768 748 3866 quando
774 3767 821 3841 illi
848 3772 902 3864 qui
928 3772 1024 3861 regui
1051 3772 1231 3864 participes
1259 3780 1372 3859 erunt,
1399 3769 1600 3854 clamabunt,
1628 3767 1753 3840 Fidelis
1786 3777 1839 3839 est
1863 3768 1987 3840 Domi-

613 3904 679 3957 nus
704 3887 736 3956 in
764 3884 973 3957 sermonibus
1000 3887 1088 3971 suis,
1115 3893 1149 3955 et
1174 3906 1280 3955 verae
1312 3895 1387 3956 suut
1421 3886 1659 3979 promissiones
1695 3885 1788 3973 ejus:
1821 3882 1868 3954 illi
1902 3905 1987 3956 varo

614 3985 672 4094 qui
696 3986 767 4092 igni
792 3999 967 4092 gehennae
994 3999 1147 4074 destinati
1174 4008 1281 4086 crunt,
1307 4000 1421 4071 Justus
1440 4022 1495 4086 es,
1522 3998 1684 4086 Domine,
1712 4007 1746 4068 et
1771 3995 1872 4069 valde
1895 4011 1987 4071 recta

616 4124 692 4187 suut
713 4114 838 4207 judicia
860 4118 1008 4208 justitiae
1043 4125 1131 4187 tuae.
1193 4114 1246 4186 Eo
1281 4124 1432 4209 tempore
1473 4116 1637 4208 propitius
1663 4125 1737 4185 esto
1764 4112 1890 4209 populo
1918 4124 1987 4203 tuo,

613 4228 776 4316 Domine,
803 4240 838 4300 et
868 4232 1028 4303 miserere
1055 4233 1169 4302 ovium
1195 4234 1312 4322 gregis
1339 4233 1402 4301 tui:
1429 4252 1472 4301 ue
1499 4229 1679 4300 incidamus
1712 4231 1746 4299 iu
1781 4226 1884 4301 cbaos
1909 4224 1988 4297 illud

614 4342 763 4417 terribile
790 4345 879 4439 qnod
905 4347 939 4415 iu
965 4346 1074 4418 medio
1103 4355 1172 4417 est:
1199 4366 1242 4416 ne
1268 4367 1442 4438 gemamus
1476 4347 1509 4415 iu
1542 4341 1689 4416 tenebris
1725 4343 1800 4413 luce
1834 4344 1986 4412 carenti-

613 4443 695 4534 bus:
720 4481 765 4530 ne
790 4457 885 4547 lietu,
912 4458 1087 4556 lacrymis,
1124 4469 1157 4531 et
1181 4458 1272 4531 luctu
1304 4460 1484 4553 affligamur
1515 4463 1601 4531 inter
1636 4458 1818 4554 supplicia,
1851 4456 1987 4529 dolores

600 4583 651 4660 et
675 4574 846 4671 plauctus:
872 4597 916 4646 ne
942 4580 1160 4671 suspiriorum
1187 4575 1403 4647 amaritudine
1429 4578 1631 4647 cruciemur:
1658 4595 1725 4645 non
1749 4574 1893 4666 ligentur
1918 4573 1988 4643 liu-

572 4743 576 4750 .
614 4710 705 4803 grae
731 4700 869 4762 uosuae
895 4692 1036 4763 vinculis
1062 4690 1226 4781 flammae,
1253 4713 1363 4785 neque
1388 4690 1478 4764 labia
1493 4699 1609 4763 nostra
1626 4687 1745 4760 baono
1760 4692 1858 4781 ignis.
1911 4686 1990 4758 Non

614 4802 819 4902 obtegantur
845 4805 934 4878 oculi
961 4810 1067 4879 nostri
1093 4806 1241 4879 tenebris
1269 4818 1304 4877 et
1329 4810 1467 4879 tristitia.
1520 4805 1573 4877 Ne
1598 4807 1714 4901 prives
1729 4825 1793 4877 nos
1806 4812 1990 4898 conspectu

614 4917 715 4993 faciei
742 4928 838 5009 tuae,
865 4921 1022 4994 Domine:
1049 4943 1159 5016 neque
1185 4921 1336 5015 abneges
1367 4944 1431 4996 nos
1463 4931 1497 4994 et
1531 4921 1623 4994 dicas
1658 4919 1776 5010 nobis,
1812 4923 1889 5014 quia
1921 4922 2001 4989 non*

614 5038 697 5107 novi
722 5056 805 5124 nos,
832 5035 894 5108 sed
919 5039 1080 5131 propitius
1109 5048 1183 5110 esto
1210 5036 1323 5109 nobis:
1352 5041 1487 5133 suscipe
1512 5057 1633 5133 preces
1660 5045 1694 5107 ct
1723 5033 1891 5131 lacrymas
1916 5055 1987 5107 no·

615 5158 713 5224 strae.
765 5148 894 5222 Idcirco
920 5150 1074 5223 Ecclesia
1101 5162 1157 5222 tua
1184 5162 1300 5224 sancta
1328 5151 1525 5247 deprecatur
1551 5162 1603 5242 ta,
1637 5159 1671 5223 et
1706 5171 1768 5246 par
1801 5159 1854 5242 te,
1889 5157 1989 5245 atquo

613 5272 724 5336 tecum
749 5265 884 5339 Patrem
910 5277 1000 5339 tuum
1026 5265 1151 5339 dicens.
