5150 6534
900 799 1670 879 llTURGlhllESTORll.
1890 799 1961 876 621

603 986 768 1060 Doctores
796 989 828 1058 in
853 984 1007 1060 Ecclesia
1035 986 1303 1082 explicaverunt:
1331 986 1591 1084 sacerdotesque
1619 1010 1719 1084 super
1746 985 1852 1061 altare
1879 1012 1965 1062 san-

603 1115 688 1176 ctum
717 1102 903 1175 obtulerunt
930 1114 962 1174 et
987 1103 1259 1175 immolaverunt:
1294 1103 1435 1175 Levitae
1470 1104 1612 1177 brachiis
1640 1108 1708 1177 suis
1735 1116 1965 1199 portaverunt,

603 1218 717 1314 populi
744 1219 786 1289 ad
813 1223 1037 1315 expiationem
1064 1217 1256 1291 delictorum
1284 1241 1419 1292 suorum
1451 1233 1686 1317 susceperunt,
1719 1243 1780 1316 pro
1815 1221 1966 1295 omnihus

603 1338 736 1408 omnino
763 1339 936 1424 creaturis,
963 1337 1037 1407 Deo
1066 1338 1209 1407 omniurn
1236 1336 1379 1408 Domino
1408 1336 1552 1409 ollertur.

704 1452 933 1545 Respondent.
986 1453 1129 1543 Dignum
1158 1462 1191 1523 et
1213 1456 1336 1544 justum
1364 1462 1424 1522 est.

705 1567 892 1638 Diaconos.
924 1567 1160 1639 Recordamini
1192 1564 1205 1602 ⁵
1232 1567 1485 1662 dispensationis
1512 1567 1714 1640 admirabilis
1730 1567 1853 1641 Christi
1881 1567 1966 1640 Sal-

602 1686 730 1755 vatoris
765 1687 889 1773 nostri,
923 1707 1008 1778 quae
1040 1707 1101 1779 pro
1137 1683 1234 1757 nobis
1268 1683 1431 1780 completa
1468 1694 1539 1773 est,
1573 1696 1606 1756 et
1637 1707 1698 1780 per
1734 1696 1840 1756 ortum
1872 1707 1967 1756 suum

603 1797 737 1872 abstulit
762 1799 942 1891 languores
970 1809 1112 1872 nostros.
1166 1801 1335 1871 llecenter
1360 1803 1459 1892 igitur
1486 1809 1570 1873 state
1597 1812 1631 1872 et
1657 1812 1760 1874 orate.
1797 1799 1872 1871 Pax
1898 1821 1968 1873 no-

602 1912 654 1986 bis
682 1913 842 1987 omnihus.

714 2031 898 2103 Sacerdos.
957 2031 1099 2103 Domine
1137 2032 1229 2105 Deus
1267 2030 1382 2123 fortis,
1434 2033 1476 2105 da
1515 2032 1613 2107 nohis
1654 2043 1802 2130 apertam
1844 2032 1966 2103 taciem

604 2169 716 2219 coram
743 2157 785 2219 te.

629 2422 677 2492 Et
699 2427 919 2516 prosequitur
946 2424 1089 2494 dicendo
1116 2422 1206 2493 lrorrc
1228 2423 1425 2495 Orationem
1447 2447 1519 2494 crum
1546 2424 1769 2495 inclinatione
1794 2431 1940 2495 secreto.

707 2613 757 2683 Te
773 2611 915 2683 Domine
941 2610 1049 2702 tortis,
1076 2614 1237 2701 existens,
1265 2622 1414 2701 aeterne,
1434 2611 1526 2685 Deus
1542 2624 1636 2709 pater
1663 2616 1883 2709 omnipotens
1912 2616 1967 2709 qui

605 2748 642 2798 es
668 2738 828 2823 perpetuo
856 2728 888 2799 id
916 2727 1003 2822 quod
1030 2752 1080 2817 es,
1107 2728 1240 2820 dignum
1268 2740 1329 2815 est,
1363 2727 1486 2800 decens
1514 2740 1548 2800 ct
1570 2733 1705 2820 justum,
1731 2751 1792 2801 nos
1819 2728 1968 2820 laudare,

604 2844 769 2930 confiteri,
806 2844 946 2916 adorare
973 2855 1006 2915 et
1032 2845 1183 2916 exaltare
1210 2867 1363 2939 semper,
1398 2855 1432 2916 et
1464 2867 1671 2939 quocumque
1705 2854 1862 2939 tempore.
1915 2847 1968 2917 Tu

605 2963 691 3031 enim
718 2982 755 3030 es
787 2960 879 3031 Deus
913 2982 1032 3047 verus,
1069 2959 1422 3055 incomprehensibilis,
1448 2961 1601 3049 infinitus,
1628 2959 1881 3055 inexplicabilis,
1908 2965 1967 3032 in-

602 3075 754 3160 visibilis,
781 3099 848 3148 non
876 3080 1091 3171 compositus,
1118 3099 1181 3147 nec
1207 3096 1307 3148 sensu
1334 3074 1579 3172 perceptibilis,
1612 3076 1823 3166 immortaliS,
1856 3075 1967 3149 subli-

602 3196 664 3262 mis
692 3204 725 3263 et
751 3193 907 3265 excelsus
935 3216 1036 3289 supra
1064 3177 1301 3285 cogitationem
1328 3203 1361 3264 et
1387 3174 1633 3285 intelligentiam
1661 3195 1801 3264 omnium
1830 3203 1968 3265 creatu-

600 3329 727 3381 rarum:
756 3312 875 3403 quies
903 3313 936 3380 in
964 3331 1169 3404 quocumque
1195 3308 1292 3398 loco,
1326 3332 1390 3380 nec
1422 3319 1533 3380 tamen
1559 3307 1636 3381 loco
1664 3308 1967 3404 comprehenderis,

599 3433 634 3494 tu
661 3435 694 3496 et
727 3426 829 3497 Filius
864 3437 938 3497 tuus
966 3428 1152 3518 unigenitus
1187 3435 1220 3495 et
1251 3426 1392 3521 Spiritus
1426 3434 1499 3496 tuus
1536 3437 1680 3496 sanctus.
1741 3425 1791 3496 Tu
1825 3426 1967 3496 Domino

597 3541 642 3611 da
668 3541 764 3614 nohis
791 3541 943 3629 verhum,
972 3541 1014 3613 ad
1041 3565 1100 3614 ora
1128 3552 1241 3613 nostra
1268 3564 1390 3615 versus
1418 3551 1450 3611 te
1479 3539 1704 3634 aperiendum,
1730 3551 1765 3611 ut
1791 3539 1967 3611 olieramus

600 3655 658 3728 tihi
685 3658 787 3728 corde
814 3663 969 3747 contrito,
997 3662 1087 3730 etin
1116 3662 1231 3754 spiritu
1257 3657 1457 3747 humilitatis,
1484 3655 1609 3728 fructus
1638 3655 1823 3751 spirituales
1851 3654 1967 3727 lahio-
2024 3708 2028 3717 ·

602 3795 673 3842 rum
700 3783 901 3863 nostrorum,
928 3777 1140 3845 ministerium
1168 3774 1377 3846 rationabile:
1413 3783 1447 3845 tu
1483 3794 1520 3844 es
1548 3775 1633 3844 enirn
1661 3774 1754 3844 Deus
1781 3783 1905 3859 noster,
1934 3781 1967 3843 ot

604 3897 699 3982 pater
726 3888 858 3959 Domini
884 3894 976 3981 regis
1003 3899 1036 3960 et
1061 3890 1247 3962 Salvatoris
1274 3893 1379 3962 nostri
1399 3888 1480 3961 Josu
1499 3887 1629 3976 Christi,
1658 3892 1729 3984 spei
1755 3899 1907 3961 nostrae:
1935 3893 1968 3960 in

605 4027 670 4098 quo
699 4001 880 4076 absconditi
917 4013 991 4076 sunt
1026 4029 1142 4077 omncs
1178 4008 1320 4078 thesauri
1348 4009 1531 4101 sapientiae
1564 4016 1597 4076 et
1632 4008 1810 4094 scientiae;
1844 4016 1877 4076 et
1907 4028 1969 4102 per

604 4143 702 4214 quem
730 4123 918 4215 accepimus
946 4126 1168 4214 cognitionem
1197 4124 1337 4216 Spiritus
1365 4125 1494 4210 sancti,
1521 4121 1663 4214 Spiritus
1690 4125 1840 4193 veritatis
1871 4115 1885 4155 ⁶
1913 4125 1967 4216 qui

605 4258 624 4306 a
658 4247 689 4307 te
724 4236 824 4307 Pater
858 4239 1024 4333 procedit,
1059 4249 1092 4310 et
1127 4249 1178 4311 est
1213 4262 1258 4310 ex
1288 4249 1404 4309 natura
1441 4236 1636 4309 abscondita
1669 4237 1848 4310 divinitatis
1880 4248 1965 4309 tuae.

603 4351 680 4445 lpse
707 4364 759 4424 ost
784 4377 846 4450 per
873 4380 969 4450 quem
996 4367 1132 4427 naturae
1166 4379 1281 4427 omnes
1308 4355 1488 4427 rationales
1523 4353 1671 4425 visibiles
1704 4365 1737 4426 ct
1772 4351 1966 4440 invisibiles

603 4468 814 4558 roborantur,
842 4471 1085 4545 sanctificantur
1112 4483 1146 4543 et
1171 4471 1391 4567 perficiuntur.
1452 4470 1496 4542 Et
1521 4469 1590 4559 tihi,
1617 4468 1767 4564 Filioque
1800 4480 1856 4541 tuo
1889 4473 1968 4539 uni-

604 4589 730 4674 genito,
758 4598 791 4658 et
818 4588 952 4682 Spiritui
981 4600 1036 4660 tuo
1071 4597 1199 4676 sancto,
1232 4589 1348 4660 laudes
1376 4598 1553 4683 perpetuas
1587 4585 1727 4657 otieruut
1760 4607 1967 4679 quocumque

605 4709 766 4794 tempore,
795 4708 869 4797 quia
899 4728 1013 4777 onmes
1051 4727 1134 4799 opus
1162 4715 1249 4776 tuum
1277 4714 1362 4776 sunt.
1422 4704 1473 4774 'l'n
1508 4706 1595 4774 enim
1630 4725 1674 4773 ex
1708 4700 1808 4772 nihilo
1844 4723 1905 4772 nos
1933 4712 1968 4773 ut

606 4837 755 4887 essemus
791 4820 991 4912 produxisti,
1034 4833 1066 4893 ct
1104 4821 1272 4893 ordinasti.
1339 4819 1539 4892 Ollendimus
1574 4829 1607 4889 et
1638 4817 1835 4904 cecidimus3
1869 4826 1967 4911 atque

604 4942 769 5004 vetustate
802 4948 992 5008 consumtos
1028 4941 1144 5009 iterum
1179 4921 1241 5011 nos
1277 4937 1466 5022 renovasti,
1509 4936 1646 5005 erexisti
1681 4943 1714 5004 et
1749 4934 1966 5027 acquisivisti,

603 5069 712 5141 neque
748 5056 889 5122 cessasti
926 5057 1002 5146 quin
1028 5056 1183 5127 visitares
1216 5075 1278 5125 nos
1313 5073 1429 5124 omnes
1465 5074 1539 5121 cum
1572 5072 1692 5141 magna
1726 5071 1815 5120 cura.
1867 5047 1966 5120 Adeo

604 5171 640 5233 ut
666 5188 727 5237 nos
755 5167 796 5238 ad
824 5168 953 5240 coelum
980 5169 1162 5242 ascendere
1188 5168 1327 5259 feceris,
1360 5178 1393 5239 et
1418 5189 1557 5259 regnum
1584 5175 1757 5236 venturum
1785 5174 1872 5236 tuum
1905 5186 1966 5258 per

604 5282 862 5356 misericordiam
890 5295 978 5357 tuam
1005 5286 1101 5358 nohis
1129 5285 1270 5358 dederis.
1330 5284 1373 5356 Et
1405 5294 1542 5380 propter
1575 5285 1682 5352 omnia
1715 5278 1877 5352 beneficia
1910 5290 1965 5350 tua

1684 5400 1730 5473 81
1750 5399 1768 5433 ⁴*
