5150 6534
601 851 676 925 ces
921 796 924 805 ’
1107 845 1467 927 uruoacrn

598 1037 674 1127 lice,
701 1059 774 1109 oum
802 1044 894 1109 esset
918 1036 1082 1130 indignus.
1133 1034 1262 1108 Verum
1286 1032 1477 1125 roboretur,
1505 1042 1541 1106 et
1564 1033 1772 1109 confortetur
1798 1039 1837 1110 iu
1864 1043 1982 1113 omni-

600 1151 662 1224 bus
690 1176 776 1249 quae
801 1150 861 1225 tibi
887 1163 964 1224 sunt
989 1152 1126 1249 placita:
1152 1161 1188 1223 ut
1215 1150 1307 1244 digni
1332 1154 1434 1224 simus
1455 1173 1530 1223 cum
1547 1154 1753 1225 conscientia
1772 1177 1863 1250 pura
1882 1178 1985 1230 com·

601 1270 786 1340 muoicandi
813 1272 948 1365 corpori
975 1279 1009 1341 et
1034 1269 1187 1362 sanguini
1202 1265 1324 1340 Christi
1351 1270 1408 1339 tui.
1441 1266 1486 1340 Ut
1512 1265 1643 1363 mando
1670 1265 1837 1342 stabimus
1864 1293 1980 1348 coram

601 1394 635 1455 tc
669 1387 702 1455 in
735 1385 791 1457 illo
825 1384 980 1456 tribunali
1010 1383 1181 1457 tremendo
1217 1392 1252 1455 et
1286 1384 1457 1475 glorioso,
1491 1405 1604 1455 coram
1638 1382 1757 1456 throno
1794 1392 1983 1481 majestatis

600 1510 689 1590 triae,
716 1503 925 1573 inveniamus
951 1501 1212 1574 misericordiam
1239 1507 1273 1570 et
1300 1502 1451 1591 gratim
1478 1498 1692 1594 fruamurque
1716 1500 1821 1575 bonis
1848 1502 1982 1594 futuris,

601 1638 667 1687 non
701 1620 909 1707 transituris,
948 1639 1021 1689 cum
1058 1615 1210 1689 omnibus
1252 1617 1308 1709 qui
1344 1638 1364 1687 a
1398 1615 1535 1688 saeculo
1569 1615 1764 1711 placuerunt
1802 1618 1886 1692 tibi:
1920 1643 1982 1717 pa·

602 1736 747 1822 gratiam
775 1743 808 1804 et
833 1736 1065 1805 miserationes
1091 1732 1263 1824 Unigeniti
1290 1734 1354 1803 tui:
1382 1754 1456 1803 oum
1483 1753 1549 1826 quo
1576 1730 1635 1803 tibi
1660 1734 1830 1824 Domine,
1856 1736 1981 1827 gloria,

599 1847 725 1937 honor,
752 1858 903 1945 potestas
931 1859 965 1921 et
991 1848 1172 1936 exaltatio,
1203 1869 1277 1918 cum
1305 1846 1429 1943 Spiritu
1455 1856 1512 1919 tuo
1539 1849 1620 1920 vivo
1648 1858 1766 1921 sancto
1796 1860 1833 1922 et
1857 1852 1981 1926 viviti-

601 1959 717 2052 oante,
744 1987 830 2035 nunc
857 1974 890 2036 et
916 1986 1051 2060 semper
1076 1975 1110 2037 et
1135 1967 1169 2035 in
1195 1961 1331 2036 saecula
1360 1963 1577 2035 saeculorum.

703 2079 854 2175 Reliqua
875 2083 1103 2175 perficiuntur
1128 2082 1309 2152 meantium
1335 2081 1527 2173 Liturpicm
1552 2080 1809 2174 Apostolorum.

704 2198 823 2268 Conon
848 2200 908 2293 qui
933 2198 1059 2269 licitur
1085 2197 1162 2268 loco
1189 2197 1280 2269 illius
1307 2201 1477 2268 orationis
1502 2218 1591 2291 quae
1621 2199 1752 2289 incipit.

704 2312 836 2406 Dignos
862 2312 916 2384 iao
941 2336 1005 2387 nos
1032 2313 1187 2403 Domine,
1213 2323 1294 2388 cote
1322 2317 1518 2387 Orationem
1544 2318 1770 2388 Dominicom.

702 2428 846 2501 Domine
872 2428 1021 2501 habitare
1047 2429 1102 2501 fac
1127 2431 1395 2527 tranquillitatem
1421 2443 1509 2504 tuam
1533 2436 1619 2504 inter
1643 2453 1720 2521 nos,
1746 2455 1873 2528 pacem
1890 2442 1977 2505 tuam

598 2548 632 2616 in
659 2544 821 2616 mentibus
847 2549 990 2619 nostris:
1016 2550 1193 2619 veritatem
1220 2558 1309 2619 tuam
1336 2558 1574 2620 commemoret
1595 2547 1708 2640 lingua
1726 2549 1869 2621 nostra:
1895 2570 1978 2620 crux

599 2671 654 2732 tua
682 2661 724 2732 sit
749 2671 864 2754 custos
891 2664 1074 2735 animarum
1100 2672 1305 2736 nostrarum:
1334 2666 1456 2760 quippe
1482 2662 1619 2761 iacimus
1647 2683 1707 2735 ora
1722 2673 1845 2737 nostra
1866 2663 1976 2736 citbn-

598 2799 655 2849 ras
681 2799 811 2864 novas,
838 2789 872 2850 et
898 2780 1046 2851 cauimus
1072 2777 1169 2850 labiis
1196 2777 1413 2851 inflammatis.
1455 2780 1595 2852 Praesta
1619 2779 1716 2854 nobis
1743 2779 1918 2864 Domine,
1943 2789 1976 2849 nt

599 2916 674 2964 cum
700 2893 818 2965 fiducia
846 2917 931 2987 quae
959 2918 979 2967 a
1006 2904 1039 2967 te
1066 2897 1127 2982 sit,
1154 2897 1413 2991 pronunciemus
1440 2917 1555 2966 coram
1588 2906 1621 2967 te
1653 2899 1845 2969 orationem
1879 2899 1974 2966 istam

597 3031 715 3102 puram
749 3019 783 3080 et
817 3020 982 3099 sanctam,
1018 3033 1116 3105 mam
1148 3009 1260 3083 docuit
1291 3031 1330 3082 os
1364 3019 1453 3083 tuum
1486 3009 1655 3083 vivificum
1688 3010 1878 3105 discipulos
1904 3019 1976 3083 uos

598 3134 732 3196 sanctos
760 3127 939 3221 participes
966 3128 1203 3222 mysteriorum
1229 3135 1378 3214 tuorum,
1412 3148 1486 3198 oum
1522 3125 1622 3212 dixit,
1655 3125 1790 3222 quanam
1823 3123 1974 3212 orabitis,

574 3229 696 3312 'dicite
732 3242 782 3311 sic
809 3251 955 3329 orantes,
983 3243 1111 3333 gratias
1139 3251 1300 3334 agentes,
1327 3242 1495 3329 dicentes,
1522 3251 1557 3313 et
1583 3241 1850 3339 respondenteS,
1878 3242 1975 3314 Pater

596 3366 711 3427 noster
739 3358 793 3449 qui
820 3380 858 3428 es
885 3360 917 3427 in
945 3356 1069 3448 coelis,
1095 3367 1158 3429 etc.

837 3653 843 3665 ·
897 3632 1017 3704 Oratio
1042 3638 1121 3725 post
1146 3636 1393 3726 susceptionem
1418 3636 1662 3726 ntpsleriorum.

700 3818 786 3904 Ouia
814 3822 1003 3915 accepimus
1031 3844 1155 3916 eorpus
1183 3832 1270 3893 tuum
1298 3821 1487 3910 manifeste,
1520 3821 1644 3895 habitet
1676 3825 1708 3893 in
1734 3820 1838 3893 nobis
1865 3827 1965 3893 virtus

595 3944 650 4004 tua
679 3945 825 4022 secreto,
852 3943 887 4005 ut
912 3957 1073 4008 exeamus
1100 3942 1131 4008 in
1160 3959 1335 4009 occursum
1363 3947 1451 4010 tuum
1478 3937 1652 4024 laetanter,
1679 3948 1799 4033 terque
1825 3937 1885 4010 tibi
1903 3960 1965 4008 ca·

595 4070 709 4120 namus
738 4048 893 4152 gloriam,
920 4074 995 4124 cum
1014 4056 1107 4124 veris
1128 4053 1202 4124 tiliis
1227 4056 1625 4150 mysteriorumtuorum,
1643 4057 1788 4127 Domine
1813 4056 1965 4126 onmium.

700 4161 831 4260 Corpus
858 4178 947 4238 tuum
974 4166 1116 4241 Domine
1142 4171 1256 4239 vivum
1285 4169 1372 4263 quod
1399 4169 1619 4258 comedimus,
1652 4179 1686 4241 et
1718 4172 1862 4261 sanguis
1894 4178 1966 4239 tuus

593 4302 697 4377 purus
726 4304 823 4375 quem
850 4281 1008 4368 bibimus,
1036 4308 1078 4356 ne
1105 4287 1149 4357 sit
1173 4285 1271 4358 nobis
1299 4284 1442 4356 Domine
1467 4288 1499 4356 in
1527 4293 1757 4357 nocumentum
1785 4295 1846 4355 aut
1871 4282 1966 4354 infir-

593 4400 757 4487 mitatem,
790 4397 851 4469 sed
878 4396 920 4468 ad
947 4403 1172 4495 expiationem
1199 4399 1392 4472 delictorum
1419 4410 1455 4471 et
1486 4404 1715 4474 remissionem
1749 4407 1966 4494 peccatorum

592 4512 735 4585 Domine
761 4516 915 4585 omnium.

698 4628 897 4721 Obsiqnalic
923 4635 1157 4722 mysteriorum
1182 4654 1243 4702 scu
1269 4632 1386 4702 ultimo
1412 4630 1604 4703 benedictio
1634 4654 1722 4725 quac
1755 4630 1891 4702 dicitur
1924 4631 1968 4701 ml

592 4748 714 4814 ostium
741 4744 978 4816 cancellorum.

695 4858 737 4929 Ei
764 4863 819 4953 qui
847 4864 965 4958 expiat
991 4862 1111 4935 delicta
1137 4874 1252 4935 nostra
1278 4885 1490 4959 percorpus
1517 4887 1621 4950 suuni,
1647 4873 1682 4934 et
1707 4860 1801 4936 delet
1827 4875 1968 4960 peccata

591 4984 707 5047 nostra
734 4998 795 5071 per
821 4980 1017 5069 sanguinem
1044 5000 1158 5067 suum,
1184 4976 1257 5050 laus
1285 4982 1329 5049 sit
1353 4983 1387 5050 in
1412 4978 1567 5052 Ecclesia
1594 4982 1680 5072 ejus:
1708 4986 1742 5048 et
1770 5002 1879 5075 super
1904 5001 1969 5053 vos

593 5113 715 5164 servos
742 5091 875 5165 Domini
903 5102 936 5165 et
962 5116 1048 5167 oves
1073 5115 1222 5190 pascuae
1249 5098 1321 5187 ejus
1348 5094 1493 5167 effimdat
1516 5095 1607 5168 bona
1632 5115 1706 5184 soa,
1731 5104 1769 5165 et
1787 5094 1884 5191 pluat
1907 5120 1969 5170 su-

595 5228 657 5301 per
682 5228 748 5279 vos
775 5204 1023 5282 benedictiones
1050 5232 1146 5283 suas:
1173 5208 1382 5285 liberaturos
1410 5235 1430 5283 a
1455 5212 1557 5301 malo,
1583 5221 1617 5283 et
1632 5209 1858 5305 potestatibus
1880 5217 1970 5307 ejus:

591 5320 693 5394 iaciat
719 5344 785 5394 vos
812 5345 897 5396 vasa
923 5325 1099 5421 praeclara
1125 5326 1166 5398 ad
1193 5326 1355 5401 honorem
1382 5326 1560 5403 divinitatis
1574 5348 1671 5400 suae:
1700 5338 1878 5420 avertata
1897 5352 1969 5403 vo-
