5150 6534
611 860 689 935 340
953 858 1169 937 truttam
1201 856 1371 935 tutoni
1395 857 1640 937 BlellATl.

611 1050 688 1142 quia
714 1057 747 1118 tu
775 1046 886 1119 omnia
912 1053 1027 1140 potes,
1054 1053 1153 1138 teque
1180 1044 1278 1116 decet
1304 1046 1412 1119 omnis
1438 1042 1548 1137 gloria
1574 1053 1609 1116 et
1633 1042 1769 1142 honor,
1787 1035 1888 1119 simul
1912 1066 1985 1120 eum

610 1166 780 1254 unigenito
807 1160 892 1233 Filio
919 1169 988 1250 tuo,
1015 1168 1049 1232 et
1074 1160 1200 1257 Spiritu
1226 1168 1354 1233 sancto.

714 1277 878 1370 Populos.
931 1276 1051 1349 Amen.

716 1393 902 1465 Sacerdos.
954 1393 1039 1464 Pax.

711 1509 876 1602 Populus.
920 1508 974 1579 *Et
999 1529 1073 1579 euru
1100 1507 1216 1603 spiritu
1242 1514 1310 1577 tuo.

715 1623 900 1697 Sacerdos.
954 1623 1188 1697 llliseratiouas
1215 1621 1280 1692 llci
1306 1624 1383 1711 sint,
1410 1631 1474 1693 ete.

714 1740 876 1834 Populus.
928 1739 1074 1812 Etcum
1101 1741 1218 1835 spiritu
1244 1747 1311 1808 tuo.

714 1855 903 1927 Diaconos.
957 1854 1041 1927 Cnm
1067 1856 1196 1926 timore.
1304 1886 1311 1898 ·

715 1971 900 2043 Sacerdos.
954 1970 1078 2044 Sancta
1105 1968 1248 2042 Sanctis.

713 2086 875 2181 Popnlus.
928 2084 1022 2157 Unus
1048 2085 1150 2156 Pater
1176 2092 1323 2172 sanctus,
1350 2090 1413 2153 etc.

715 2202 901 2275 Sacerdos.
953 2200 1060 2293 Unus,
1090 2210 1153 2271 etc.
1187 2226 1191 2235 ’

836 2492 1013 2565 Sacerdos
1039 2493 1124 2563 dicit
1152 2492 1350 2562 Orationem
1377 2491 1575 2562 Gratiarum
1601 2494 1759 2564 actionis.

716 2681 904 2754 Gratiarum
932 2684 1096 2753 actionem
1124 2678 1268 2753 debitam
1296 2679 1464 2751 oderimus
1490 2682 1657 2771 majestati
1675 2689 1761 2751 tuae
1785 2683 1993 2780 incompre-

610 2794 783 2886 hensibili,
817 2798 976 2883 Domine,
1009 2806 1147 2891 propter
1174 2795 1313 2868 salutem
1340 2792 1426 2867 hanc
1454 2817 1552 2889 mam
1578 2798 1772 2890 praestitisti
1796 2795 1900 2874 nobis
1928 2824 1997 2898 pet·-

610 2914 814 3002 unigenitum
846 2911 965 2983 Filium
1009 2921 1115 3000 tuum,
1155 2915 1209 3008 qui
1245 2912 1287 2984 ab
1321 2913 1414 2982 initio
1448 2920 1525 2981 ante
1562 2914 1832 2985 caussationem
1873 2914 1991 2986 mundi

488 3034 494 3038 ’
610 3027 833 3122 praeparabat
858 3030 1050 3123 mysterium
1079 3027 1142 3100 hoc
1169 3026 1399 3099 absconditum
1426 3050 1445 3096 a
1473 3026 1745 3117 generationibus
1777 3038 1812 3099 et
1846 3052 1868 3100 a
1903 3052 1991 3103 sae-

611 3142 713 3228 culis,
751 3143 839 3237 quod
872 3141 1007 3216 infirmis
1042 3154 1076 3214 et
1090 3226 1096 3235 ,
1110 3140 1330 3216 imbecillibus
1361 3141 1460 3215 nobis
1494 3141 1680 3214 revelatum
1707 3151 1775 3231 cst,
1801 3152 1838 3214 et
1862 3145 1990 3218 datum.

611 3256 786 3330 Oderimus
817 3262 925 3353 ipsum
956 3265 971 3305 ³
1002 3259 1061 3331 tibi
1089 3258 1343 3354 deprecatorem
1377 3279 1439 3355 pro
1473 3257 1592 3346 nobis,
1627 3266 1663 3329 ut
1694 3261 1728 3331 in
1763 3280 1823 3346 eo,
1856 3270 1894 3332 et
1927 3283 1991 3356 per

615 3394 690 3444 eum
717 3372 897 3445 liberemur
924 3398 943 3445 a
966 3374 1082 3466 judicii
1108 3377 1241 3446 venturi
1268 3375 1489 3464 damnatione,
1517 3384 1550 3445 et
1569 3373 1661 3465 digni
1679 3375 1858 3447 efficiamur
1876 3398 1992 3450 eoro-

608 3490 661 3558 nis
693 3487 802 3579 gloria
842 3488 1023 3585 splendidis
1056 3489 1221 3562 bominum
1257 3489 1451 3579 beatorum,
1491 3498 1525 3559 et
1562 3511 1637 3560 cum
1673 3491 1756 3584 ipsis
1795 3489 1991 3565 referamus

610 3600 754 3692 gloriam
780 3613 815 3674 et
839 3604 971 3676 laudem
997 3608 1167 3697 unigenito
1194 3604 1279 3679 Filio
1307 3616 1376 3695 tuo.
1403 3614 1437 3676 et
1461 3604 1598 3700 Spiritui
1624 3614 1680 3677 tuo
1707 3614 1836 3678 saneto.

713 3717 876 3810 Poprdue.
927 3719 1048 3791 Amen.

715 3831 899 3905 Sacerdos.
953 3834 1037 3906 Pax.

717 3947 879 4040 Populus.
931 3947 1076 4022 Etcum
1104 3953 1218 4045 spiritu
1245 3960 1312 4021 tuo.

714 4062 903 4135 Diaconos.
957 4066 1149 4161 Postquam,
1177 4076 1240 4137 etc.

712 4179 875 4271 Populus.
930 4179 1054 4254 Coram
1080 4193 1115 4253 te
1140 4183 1292 4254 Domine.

713 4295 900 4368 Sacerdos.
954 4298 1028 4371 'libi
1063 4298 1107 4369 fili
1139 4300 1310 4389 unigenite
1341 4297 1450 4367 Patris
1482 4296 1569 4366 unici
1606 4293 1690 4366 Jesu
1725 4293 1858 4369 Christe
1891 4296 1993 4371 Deus

610 4432 711 4505 snper
739 4415 860 4500 omnia,
888 4417 1015 4504 gratias
1043 4418 1193 4504 agiam.
1228 4412 1466 4505 laudamusque
1500 4431 1661 4483 summam
1693 4421 1781 4482 tuam
1808 4432 1897 4503 erga
1924 4434 1992 4487 nos

609 4524 848 4618 benignitatem
875 4551 938 4623 pro
965 4526 1115 4601 omnibus
1142 4527 1315 4600 beneficiis
1342 4530 1423 4612 tuis,
1459 4530 1514 4621 qui
1539 4546 1602 4598 nos
1630 4525 1894 4614 contemtibiles,
1928 4530 1992 4598 in-

610 4640 738 4731 firmos,
766 4642 928 4737 perditos,
956 4654 1118 4737 errantes,
1146 4667 1293 4737 egenos,
1322 4664 1465 4735 aegrae,
1492 4644 1672 4730 contritos,
1699 4645 1873 4738 captivos,
1903 4644 1992 4713 vin-

611 4768 703 4847 ctos,
736 4762 932 4853 passionum
970 4764 1121 4833 servituti
1156 4759 1347 4853 subjectos,
1388 4759 1567 4830 adorantes
1603 4757 1794 4844 daemonia,
1836 4756 1993 4829 tenebris

612 4873 741 4947 obsitos
769 4884 803 4945 et
830 4875 957 4970 absque
983 4878 1071 4962 Deo,
1098 4898 1160 4969 per
1186 4878 1446 4947 incarnationem
1473 4874 1758 4970 supernaturalem
1783 4882 1874 4944 tuam
1911 4871 1994 4944 lra-

612 4995 683 5059 tres
710 4998 786 5062 tuos
813 4998 847 5059 et
872 4989 958 5062 lilios
984 4992 1093 5062 Patris
1119 4994 1182 5077 tui,
1217 4994 1463 5087 participesque
1497 4991 1640 5084 Spiritus
1672 4990 1778 5062 saneti
1812 4987 1995 5081 perfecisti

610 5123 674 5175 nos
701 5125 763 5197 per
789 5101 987 5198 baptismum
1015 5105 1178 5195 divinum,
1213 5114 1247 5177 et
1273 5110 1408 5201 corpori
1436 5116 1470 5177 et
1496 5107 1648 5197 sanguini
1675 5115 1731 5177 tuo
1759 5113 1878 5177 saneto
1905 5107 1992 5175 uni·-

611 5220 692 5289 visti
718 5241 791 5292 nos.
845 5219 973 5293 ldcirco
1000 5225 1142 5316 petimus
1170 5244 1189 5292 a
1216 5234 1249 5294 te
1275 5224 1418 5294 Domine
1445 5231 1479 5293 et
1505 5223 1597 5294 Deus
1624 5230 1757 5310 noster,
1783 5218 1890 5307 bone,
1918 5217 1993 5291 be-

612 5336 734 5426 nigne,
772 5345 805 5406 et
840 5339 961 5407 veniae
992 5337 1151 5429 largitor,
1184 5347 1320 5409 utnon
1352 5342 1386 5409 in
1417 5348 1545 5409 reatum
1578 5345 1613 5407 et
1645 5337 1895 5410 accusationem
1923 5336 1994 5407 sin't
