5150 6534
913 833 969 908 llll
995 830 1386 908 uastoutnuottun
1420 828 1663 906 LITURGIIS.
1900 828 1976 901 569

602 1018 746 1092 vidimus
773 1020 806 1087 in
834 1019 984 1092 matribus
1013 1020 1104 1106 lsae,
1138 1018 1274 1089 alterius
1302 1041 1347 1088 cx
1374 1017 1494 1089 eadem
1519 1014 1674 1088 Ecclesia
1701 1013 1976 1102 Diarbekerensi,

603 1159 649 1206 ex
676 1157 740 1228 qua
767 1133 859 1204 Elias
887 1144 971 1222 erat,
999 1133 1196 1206 sacerdotis.
1224 1133 1487 1206 Recentissimus
1515 1135 1570 1226 qui
1597 1155 1616 1202 a
1642 1132 1792 1226 losepbe
1821 1134 1976 1204 l'atriar-

603 1249 664 1322 cha
697 1250 827 1321 Romae
860 1255 1002 1345 scriptus
1040 1260 1092 1321 est
1124 1252 1275 1344 exceptis
1310 1248 1373 1319 illis
1407 1245 1711 1341 interpolationibus
1748 1270 1834 1340 quae
1869 1245 1975 1317 rerba

604 1367 725 1438 Christi
752 1369 894 1458 mystica
922 1376 1073 1460 spectant
1099 1376 1132 1436 et
1154 1369 1269 1459 paucis
1293 1365 1377 1448 aliis,
1404 1387 1478 1435 cum
1498 1362 1627 1433 duobus
1649 1365 1762 1457 primis
1783 1366 1863 1434 satis
1886 1386 1975 1435 cen-

601 1481 768 1554 veniebat.
822 1481 973 1552 Tandem
1000 1506 1074 1552 cum
1100 1482 1204 1552 blissa
1227 1478 1486 1550 Christianorum
1508 1477 1715 1549 blalabarum
1744 1481 1798 1572 qui
1826 1478 1974 1569 ejusdem

604 1598 843 1670 communionis
871 1607 987 1684 eraut,
1015 1596 1128 1668 similis
1156 1596 1277 1690 ubique
1308 1598 1510 1691 reperiatur,
1544 1605 1777 1689 praeterquam
1805 1594 1860 1665 ubi
1889 1618 1975 1665 cen-

602 1736 714 1784 suram
740 1710 891 1783 Lusitani
919 1722 1153 1799 exercuerunt,
1182 1712 1269 1806 quod
1298 1733 1486 1802 agnoscere
1513 1709 1612 1780 facile
1636 1721 1698 1796 est,
1727 1732 1772 1780 ex
1792 1713 1855 1782 ista
1875 1734 1975 1781 com-

604 1829 796 1920 paratione,
827 1852 944 1900 reram
979 1852 998 1898 a
1035 1829 1131 1900 nobis
1165 1831 1270 1898 teneri
1303 1828 1486 1917 Liturgiaru
1520 1826 1754 1897 Nestorianam
1789 1824 1975 1898 firmissime

601 1942 771 2037 probatur.

707 2059 794 2129 XIII.
824 2058 931 2128 Prima
960 2082 1045 2153 quae
1072 2056 1312 2150 Apostolorum
1341 2056 1475 2139 dieitur,
1509 2058 1616 2145 magis
1644 2055 1804 2151 simplex,
1837 2058 1975 2129 aliorum
2042 2063 2143 2116 Primae
2170 2062 2294 2134 Litargon

604 2171 722 2243 Canen
750 2183 802 2244 est
829 2184 862 2243 et
889 2199 934 2245 ex
962 2198 1003 2244 ea
1038 2195 1229 2244 eonunuoes
1264 2174 1433 2243 orationes
1465 2171 1583 2241 nudtas
1616 2170 1778 2264 petendas
1810 2194 1906 2263 csse,
1942 2178 1975 2245 iu
2007 2150 2097 2203 ‘⁰⁸⁰⁸‘

605 2286 731 2359 duabus
760 2290 832 2361 aliis
859 2301 1046 2376 coaretatur,
1074 2288 1161 2381 quod
1190 2288 1391 2358 observatur
1417 2291 1449 2358 in
1479 2287 1629 2358 omnibus
1657 2286 1847 2373 codicibus,
1876 2302 1975 2384 atquc

603 2401 687 2476 baec
714 2408 908 2499 primaevae
938 2416 1091 2499 (priamum
1120 2403 1161 2474 ad
1189 2403 1262 2474 illas
1286 2402 1456 2473 Ecclesias
1482 2405 1681 2494 antiquitatis
1705 2415 1795 2475 certa
1814 2417 1893 2477 neta
1915 2417 1975 2478 est.

601 2518 639 2589 Si
668 2525 754 2591 enim
783 2520 836 2592 illa
866 2545 949 2615 quae
985 2521 1103 2590 dIcitur
1131 2517 1298 2590 Theodori
1326 2521 1516 2614 Interpretis
1544 2519 1711 2609 Liturgia,
1744 2524 1835 2613 prius
1871 2546 1975 2594 usur-

601 2645 680 2729 pata
708 2635 834 2722 luisset,
864 2660 909 2707 cx
937 2637 990 2706 illa
1019 2635 1143 2706 similes
1171 2636 1340 2706 orationes
1368 2638 1502 2728 petitae,
1531 2656 1596 2704 non
1624 2656 1669 2704 ex
1697 2634 1799 2708 altera
1824 2636 1975 2725 luissent,

603 2750 692 2842 qued
718 2756 841 2845 pariter
869 2764 901 2822 et
929 2754 1047 2843 majori
1075 2750 1218 2844 quodam
1243 2754 1320 2841 jure
1353 2749 1422 2820 beri
1457 2748 1627 2819 debuisset
1660 2752 1748 2822 circa
1781 2777 1854 2824 eam
1890 2778 1975 2847 quae

601 2863 760 2936 Nestorio
788 2867 946 2939 tribuitur.
986 2869 1113 2938 Desunt
1141 2876 1250 2935 tamen
1279 2869 1311 2935 in
1338 2867 1460 2937 nostris
1489 2864 1659 2937 codicibus
1687 2868 1865 2939 nonnullae
1892 2893 1976 2940 ora-

602 2982 722 3068 tiones,
751 3005 886 3075 quarum
915 2987 1043 3077 primae
1072 2992 1193 3053 tantum
1222 3003 1327 3051 voees
1356 2980 1563 3068 referuntur,
1590 3003 1710 3077 nerupe
1738 2985 1814 3076 quia
1842 2987 1975 3054 recitari

603 3094 724 3166 debent
751 3121 770 3167 a
797 3099 973 3182 Diacono,
1010 3109 1042 3169 et
1077 3102 1110 3168 in
1138 3097 1210 3167 aliis
1239 3097 1330 3169 libris
1357 3100 1583 3190 reperiuntur:
1620 3097 1797 3192 plerasque
1830 3121 1975 3192 reprac-

602 3221 710 3282 sentat
747 3212 852 3283 llissa
890 3214 1111 3285 llulabarica:
1146 3223 1179 3283 et
1219 3224 1373 3306 quantum
1411 3237 1456 3284 ex
1491 3212 1617 3284 illarum
1658 3214 1801 3286 lectione
1836 3213 1974 3305 intelligi
2026 3240 2034 3248 ·

603 3337 726 3420 petest,
753 3327 826 3421 plus
855 3329 976 3400 babent
1003 3332 1174 3417 novitatis,
1202 3350 1276 3398 cum
1304 3331 1331 3399 si
1360 3329 1490 3423 quando
1514 3329 1717 3423 prolixiores
1739 3338 1826 3416 sunt,
1847 3329 1974 3399 decor.

601 3452 678 3512 rant
705 3445 793 3538 stylo
822 3444 877 3515 illo
905 3444 1022 3517 llorido
1051 3456 1084 3516 et
1110 3445 1277 3533 verboso,
1313 3448 1366 3538 qui
1395 3443 1617 3515 Orientalibus
1648 3446 1691 3514 ita
1720 3443 1844 3538 placet,
1879 3449 1974 3516 utin
2006 3483 2008 3488 ·

602 3580 644 3628 ce
673 3563 884 3653 praecipuam
913 3562 1123 3655 eloquentiae
1150 3570 1276 3656 partem
1306 3563 1514 3631 constituant.
1563 3561 1598 3630 ln
1627 3558 1774 3649 ejusdem
1802 3558 1974 3652 Liturgiae

601 3675 881 3761 trasmundum
908 3678 1060 3748 Latinam
1083 3680 1288 3766 versionem,
1313 3676 1563 3747 benedictiones
1584 3687 1762 3746 occurrunt
1785 3679 1864 3745 satis
1886 3701 1973 3771 pro-

600 3790 710 3877 lixae,
752 3815 835 3884 qum
872 3792 1017 3865 Codices
1054 3796 1157 3863 nostri
1194 3815 1259 3864 nou
1296 3802 1567 3885 repraesentant:
1601 3791 1660 3863 sed
1698 3813 1811 3861 earum
1846 3793 1973 3888 aliquas

601 3928 710 4000 parvo
739 3918 795 3976 aut
822 3912 946 4000 exiguo
976 3910 1176 3996 discrimine,
1204 3908 1376 3997 adjunctas
1404 3910 1587 4001 reperimus
1615 3910 1647 3977 iu
1675 3906 1738 3979 bne
1767 3911 1882 3980 tertiae
1909 3909 1974 3979 Li-

601 4024 732 4111 turgiae
760 4028 834 4094 sive
861 4024 1021 4096 Nestorii:
1056 4046 1122 4094 nou
1155 4045 1213 4093 eus
1241 4032 1350 4092 tamen
1379 4021 1479 4092 babet
1507 4022 1627 4094 Codex
1653 4023 1791 4118 Josepbi
1819 4027 1973 4098 Patriar-

601 4135 694 4206 chae.
756 4138 1025 4212 Verbosissimae
1053 4149 1143 4225 suut,
1172 4148 1204 4208 ct
1239 4136 1498 4209 obscurissimae
1533 4137 1640 4210 multis
1674 4143 1707 4210 in
1742 4139 1844 4231 locis,
1884 4142 1972 4237 quod

600 4254 756 4322 novitatis
783 4253 936 4324 indicium
964 4264 1025 4325 est.
1078 4255 1124 4324 At
1151 4277 1225 4323 cum
1253 4256 1284 4322 in
1313 4274 1373 4322 usu
1401 4263 1516 4324 essent
1547 4252 1632 4347 apud
1660 4254 1830 4327 Ecclesias
1857 4257 1972 4327 lllala-

598 4364 749 4449 barieas,
786 4391 851 4440 tion
880 4371 922 4439 ita
951 4393 1062 4443 novae
1091 4368 1281 4440 censendae
1309 4378 1400 4457 suut,
1435 4372 1511 4462 quin
1545 4373 1826 4463 scptiugentorum
1855 4371 1972 4443 saltem

601 4504 761 4553 annorum
789 4487 1012 4578 antiquitatem
1040 4495 1205 4580 superent.
1246 4484 1386 4580 Reliqua
1418 4487 1460 4558 ad
1487 4488 1572 4559 haue
1598 4488 1781 4580 Liturgiam
1809 4502 1971 4585 spectan-

599 4600 658 4684 tia,
687 4603 718 4669 in
747 4605 833 4671 notis
862 4599 1123 4695 explicabuntur.
1533 4614 1535 4617 ’

669 4715 675 4726 “
703 4715 793 4785 XIV.
821 4715 975 4787 Secunda
1003 4724 1055 4786 cst
1081 4715 1250 4790 Theodori
1276 4720 1468 4813 Interpretis
1496 4743 1556 4791 seu
1583 4721 1826 4815 blopsuesteui,
1862 4743 1972 4812 (quam,
2038 4737 2294 4810 theodorititurgi·

599 4840 635 4899 ut
660 4851 705 4898 cx
733 4829 873 4924 Spnodo
901 4832 1133 4925 Iliampereusi
1161 4834 1366 4925 intelligitur,
1399 4834 1583 4907 babuerunt
1617 4858 1747 4931 quoque
1780 4822 2100 4908 ttatuuares¹l⁰l⁰f⁰
2118 4825 2228 4878 “lffll’i
2244 4842 2294 4880 ⁰⁰¹¹

599 4943 800 5015 Nestoriani.
848 4946 895 5015 At
920 4968 1029 5039 noque
1056 4947 1207 5019 Diodoro
1235 4950 1434 5044 adscriptam
1463 4952 1548 5022 illam
1577 4951 1692 5040 luisse,
1720 4963 1776 5022 aut
1802 4909 2070 5023 diversamque

601 5058 738 5130 alteram
767 5059 852 5130 illius
880 5064 1012 5133 nomine
1040 5066 1191 5134 extitisse
1225 5066 1310 5159 apud
1338 5066 1575 5154 NestoriauoS,
1609 5065 1676 5138 ullo
1711 5067 1768 5138 vel
1800 5067 1970 5139 levissimo

598 5175 720 5247 indicio
748 5186 847 5269 patet.
901 5175 1084 5271 Utrumque
1112 5179 1323 5272 distinguunt,
1351 5193 1385 5253 et
1411 5186 1580 5275 utriusque
1607 5185 1818 5272 memoriam,
1846 5195 1880 5255 ut
1907 5206 1971 5255 su-

598 5312 660 5383 pra
688 5290 843 5382 diximuS,
870 5294 955 5364 inter
981 5292 1100 5366 Patres
1129 5295 1279 5368 Graecos
1308 5295 1496 5368 celebrant:
1525 5296 1585 5369 scd
1601 5297 1786 5370 Diodomm
1813 5302 1972 5395 scriptam
