5150 6534
594 805 672 881 244
1091 806 1449 886 LITUltdld

594 996 725 1086 agmina
750 991 1035 1086 Archangelorum
1061 1005 1095 1066 te
1122 993 1269 1066 adorant
1322 994 1438 1068 Gloria
1470 998 1513 1068 sit
1537 992 1612 1081 tibi,
1647 996 1701 1088 qui
1734 994 1958 1087 magnificasti

593 1130 699 1202 genus
720 1119 873 1182 ‘nostrum
899 1110 1072 1200 infirmum,
1107 1119 1141 1181 et
1166 1108 1342 1202 adjunxisti
1368 1109 1519 1184 coetibus
1552 1109 1774 1205 spiritualibus
1807 1110 1957 1184 laudan-

593 1229 672 1297 tium
705 1235 749 1296 te.
801 1225 853 1298 Tu
884 1227 1026 1299 Domine
1056 1248 1119 1322 per
1136 1229 1381 1299 miseruionos
1410 1237 1486 1299 tuas
1511 1226 1652 1316 multas,
1685 1228 1803 1299 misimi
1833 1225 1956 1299 Filium

594 1351 683 1414 tuum
710 1341 862 1415 dilectum
889 1342 931 1413 ad
957 1342 1097 1414 salutem
1122 1350 1287 1430 nostrum,
1314 1352 1473 1438 ortusque
1501 1351 1553 1415 est
1587 1364 1633 1414 ex
1652 1342 1798 1436 ‘Virgine
1823 1353 1956 1431 sauata,

594 1468 748 1553 tanquam
774 1461 864 1530 nictu
890 1458 977 1530 oculi
1002 1460 1185 1554 purissimi,
1221 1462 1433 1554 suscepitque
1468 1457 1708 1532 similitudinem
1739 1461 1851 1549 servi,
1878 1481 1957 1531 eum

595 1583 686 1647 esset
711 1595 795 1645 vere
819 1572 904 1645 lilius
930 1575 1111 1665 majestatis
1137 1582 1223 1645 tuae.
1263 1572 1386 1647 Factus
1414 1585 1466 1648 est
1490 1572 1602 1664 bomo,
1627 1577 1809 1670 sicutipse
1833 1573 1957 1661 voluit,

594 1699 629 1761 ut
653 1712 717 1762 nos
742 1690 836 1761 Deos
862 1688 998 1776 laceret,
1033 1689 1307 1785 quemadmodum
1332 1690 1379 1760 illi
1403 1687 1557 1786 placitum
1585 1701 1646 1762 est
1696 1689 1802 1763 Natus
1828 1701 1882 1763 est
1906 1712 1959 1763 ex

594 1816 688 1876 utero
723 1826 864 1893 carneo,
899 1815 935 1877 ιι
968 1815 1187 1897 regeneraret
1221 1826 1282 1877 nos
1317 1827 1363 1876 ex
1394 1815 1491 1877 utero
1524 1805 1692 1901 spirituali.
1745 1806 1867 1879 Factus
1901 1818 1959 1880 est

594 1919 691 1993 nobis
718 1919 822 1991 frater
847 1943 909 2016 per
934 1925 1074 2013 gratiam
1101 1943 1207 2010 suam,
1233 1931 1269 1992 ut
1295 1919 1422 1992 laceret
1445 1943 1510 1993 uos
1535 1920 1621 1994 lilios
1647 1920 1718 2010 tibi,
1742 1932 1840 2017 pater
1864 1941 1957 1993 coe-

594 2035 696 2106 lestis.
749 2035 876 2108 Extulit
907 2060 970 2111 nos
1002 2034 1044 2108 ab
1078 2035 1189 2108 humili
1222 2058 1397 2109 servorum
1428 2036 1633 2125 conditione,
1669 2036 1822 2132 deditque
1856 2033 1959 2108 nobis

595 2151 756 2223 bonorem
770 2151 957 2223 haeredum.
984 2150 1131 2227 Abstulit
1156 2141 1288 2223 anobis
1309 2156 1501 2224 servitutem
1531 2156 1832 2241 mercenariorum,
1864 2173 1959 2225 con-

596 2269 762 2362 stituitque
781 2290 844 2340 nus
870 2270 904 2339 in
929 2268 1035 2361 gradu
1048 2268 1199 2355 liliorum,
1227 2277 1262 2338 et
1287 2267 1377 2339 dedit
1400 2266 1498 2342 uobis
1524 2272 1648 2365 pignus
1661 2268 1861 2365 adoptionis,
1888 2291 1959 2363 quo

595 2390 629 2452 te
655 2382 756 2454 Pater
779 2403 978 2457 vocaremus
1004 2394 1133 2480 patrem
1158 2391 1307 2455 nostrum
1333 2383 1544 2456 confidenter.

697 2498 846 2569 Eteonos
876 2522 1001 2574 nocem.
1054 2499 1129 2571 Nou
1155 2498 1263 2572 boves
1297 2503 1467 2592 saginatos
1495 2499 1679 2587 adsumus,
1704 2521 1813 2595 neque
1838 2520 1959 2592 ugno-
2048 2581 2052 2592 ,

595 2636 679 2702 rum,
705 2613 904 2703 haedorum,
932 2625 987 2688 aut
1012 2614 1188 2687 vinulorum
1216 2615 1257 2686 ad
1284 2637 1410 2687 cornua
1437 2614 1549 2689 altaris
1576 2618 1767 2708 sanguinem
1792 2620 1960 2711 aspergi-

596 2752 689 2819 mus,
732 2741 787 2802 aut
819 2753 981 2820 coronas,
1017 2730 1146 2803 balteos
1187 2743 1242 2803 aut
1277 2731 1399 2827 Ilpbod
1429 2734 1684 2827 praecingimus.
1736 2730 1837 2803 Venit
1868 2735 1959 2804 enim

597 2868 719 2942 corpus
752 2869 813 2940 pro
845 2845 1064 2937 similitudine,
1090 2846 1216 2918 scilicet
1250 2850 1437 2938 unigenitus
1470 2847 1571 2920 Filius
1597 2857 1691 2935 tuus,
1725 2850 1779 2941 qui
1808 2868 1960 2944 persona

597 2965 732 3056 propria
759 2966 922 3057 praestitit
946 2961 1188 3035 mundationem
1215 2974 1425 3058 peccatorum
1451 2974 1652 3050 nostrorum,
1678 2984 1740 3058 per
1760 2966 1959 3054 sauguinem

596 3100 691 3151 suum
717 3080 898 3174 pretiosum
935 3081 989 3171 qui
1017 3078 1138 3149 ediusus
1165 3088 1218 3149 est
1243 3101 1305 3174 pro
1331 3078 1438 3151 nobis.
1491 3081 1528 3151 ln
1559 3088 1659 3152 nocte
1689 3077 1875 3173 siquidem
1902 3076 1959 3151 illu

597 3216 662 3288 qua
689 3192 825 3265 traditus
852 3191 911 3264 luit
938 3192 980 3263 ad
1006 3202 1159 3281 mortem,
1183 3215 1245 3288 pro
1273 3196 1342 3265 vita
1369 3204 1403 3265 et
1421 3193 1527 3266 salute
1544 3192 1667 3280 mundi,
1693 3197 1821 3288 accepit
1834 3215 1958 3289 punem

595 3311 628 3379 in
655 3331 769 3380 manus
797 3330 875 3380 suas
902 3319 1051 3395 sanctas,
1079 3311 1212 3404 aspexit
1238 3308 1280 3380 ad
1306 3317 1356 3395 te,
1381 3311 1474 3382 Deus
1500 3308 1618 3395 Pater,
1654 3319 1688 3380 et
1719 3312 1844 3401 gratias
1873 3312 1959 3402 egit,

597 3432 617 3507 †
644 3424 825 3513 benedixit,
851 3432 871 3506 ι
898 3425 1127 3512 sanctificavit,
1153 3432 1174 3507 †
1200 3423 1370 3516 etfregit,
1397 3425 1551 3519 deditque
1577 3424 1744 3519 discipulis
1766 3426 1835 3497 suis
1851 3426 1959 3521 Apo-

597 3538 692 3612 stolis
725 3543 847 3613 sanctis
879 3539 1011 3611 dicens:
1043 3542 1216 3633 Accipite,
1250 3539 1338 3611 edite
1370 3563 1416 3611 ex
1451 3563 1510 3612 eo:
1552 3538 1626 3611 Hoc
1664 3549 1717 3612 est
1750 3529 1835 3612 euim
1872 3562 1960 3613 vere

598 3679 720 3751 corpus
747 3677 870 3743 meum,
897 3654 985 3750 qnod
1010 3677 1072 3750 pro
1098 3651 1213 3744 vobis,
1249 3664 1282 3726 et
1307 3676 1368 3750 pro
1394 3656 1503 3727 multis
1529 3655 1691 3748 frangitur
1716 3665 1751 3727 et
1775 3654 1891 3744 datum,
1923 3660 1961 3728 in

599 3773 827 3843 remissionem
854 3779 1078 3866 peccatorum,
1105 3780 1141 3840 et
1166 3774 1268 3841 vitam
1296 3781 1473 3843 aeternam:
1831 3790 1833 3795 ·

704 3885 887 3957 Sacerdos.
940 3884 1096 3957 Similiter
1123 3896 1157 3956 et
1182 3885 1321 3957 calicem
1335 3897 1509 3981 postquam
1526 3897 1763 3976 coenaverunt,
1789 3889 1961 3983 accipiens

597 4006 678 4074 vino
706 4010 740 4072 et
765 4025 850 4096 aqua
876 4002 1048 4074 moderate
1062 4011 1108 4072 'et
1134 4000 1283 4075 ordinate
1309 4004 1448 4093 miscuit,
1475 4008 1601 4096 gratias
1619 4009 1699 4097 egit,
1725 3999 1961 4092 †benedixil,

598 4117 878 4205 †sauotilicarit,
911 4118 940 4204 ι
974 4128 1008 4188 et
1034 4116 1124 4189 dedit
1147 4117 1264 4190 iisdem
1291 4116 1458 4214 discipulis
1490 4124 1578 4205 suis,
1612 4119 1786 4216 Apostolis
1818 4120 1959 4206 sanctis,

599 4233 729 4305 dicens:
763 4234 927 4327 Accipite,
962 4231 1063 4305 bibite
1098 4256 1143 4304 ex
1171 4255 1211 4303 eo
1237 4254 1303 4306 vos
1335 4255 1461 4306 omues.
1513 4235 1575 4306 llic
1606 4238 1692 4307 enim
1731 4246 1787 4308 est
1816 4238 1960 4328 sangu'm

599 4370 692 4420 meus
718 4370 814 4437 vere,
841 4352 912 4442 ipse
939 4352 993 4441 qui
1019 4371 1081 4443 pro
1108 4349 1207 4422 vobis
1234 4359 1268 4419 et
1294 4370 1355 4443 pro
1382 4351 1489 4421 multis
1516 4350 1708 4440 effunditur,
1742 4359 1777 4420 et
1801 4348 1897 4422 datur
1923 4354 1960 4423 in

598 4466 827 4535 remissionem
856 4472 1066 4558 peccatorum
1094 4474 1128 4535 et
1153 4468 1257 4536 vitam
1284 4473 1468 4538 aeternam:
1495 4465 1559 4538 hoc
1576 4467 1675 4539 facite
1691 4470 1724 4538 in
1739 4468 1804 4537 mei
1819 4487 1959 4538 memo·

598 4582 691 4650 riam.
730 4579 1009 4672 Quotiescumque
1036 4582 1121 4651 euim
1147 4577 1385 4653 manducabitis
1412 4603 1530 4675 panem
1556 4582 1642 4654 hunc
1668 4593 1702 4653 et
1716 4582 1854 4655 calicem
1869 4580 1961 4655 bunc

600 4693 730 4782 bibetis,
755 4702 895 4765 mortem
922 4718 1026 4765 meam
1054 4692 1305 4781 annunciabitis,
1331 4693 1438 4767 donec
1463 4701 1605 4769 veniam
1761 4697 1767 4703 ’

702 4809 861 4902 Populus.
913 4809 1030 4883 Mortis
1057 4820 1133 4882 tuae
1159 4813 1313 4884 Domine.

703 4924 884 4996 Sacerdos.
926 4923 1007 5010 Quis
1033 4930 1139 5020 possit
1164 4947 1323 4997 enarrare
1357 4923 1631 5016 magnificentiam
1661 4933 1749 4997 tuam
1784 4924 1958 4999 excelsam

602 5049 635 5112 et
662 5048 841 5130 aeternam,
869 5062 889 5110 o
916 5038 1063 5112 Verbum
1088 5042 1166 5113 Dei:
1194 5052 1228 5113 et
1254 5042 1626 5112 exinanitionemtuam
1651 5039 1868 5113 voluntariam
1890 5064 1958 5137 pro

601 5156 716 5243 uobis,
749 5159 821 5249 quis
848 5155 1130 5250 comprehendat?
1165 5158 1246 5244 Quis
1281 5145 1425 5227 noverit*
1440 5178 1597 5227 enarrare
1629 5160 1835 5229 nativitatem
1865 5167 1960 5230 tuam

600 5271 781 5343 mirabilem
809 5296 854 5343 ex
879 5272 1036 5365 Virgine,
1071 5271 1209 5366 illasque
1241 5275 1415 5368 passiones
1449 5272 1674 5363 voluntarias,
1708 5271 1961 5347 immersisset
