5150 6534
875 903 906 981 s.
931 900 1129 980 uusmmu
1153 885 1415 980 rumusculo
1440 899 1680 978 nurocusur.
1753 875 1757 882 '
1884 863 1989 1001 ass

706 1089 880 1162 Sacerdos
904 1088 1094 1160 inclinatas.
1147 1089 1280 1162 Gratias
1297 1110 1447 1181 agamus,
1474 1087 1662 1174 adoremus,
1689 1098 1723 1159 et
1737 1084 1960 1180 glorificamus

601 1207 751 1294 Patrem,
777 1204 911 1293 Filium,
938 1215 972 1277 at
997 1204 1152 1301 Spiritum
1180 1215 1330 1277 sanonum
1355 1226 1454 1275 unum
1479 1201 1585 1275 Deum
1612 1224 1740 1275 verum.
1838 1265 1841 1273 c

705 1322 855 1394 Elccons
879 1342 1004 1391 cocao.
1056 1320 1336 1413 Magnificentiam
1362 1329 1450 1391 tuam
1466 1320 1609 1391 Domine
1634 1317 1820 1411 glorificant
1846 1337 1961 1390 omues

602 1441 742 1511 virtutes
779 1439 938 1508 materiae
972 1444 1147 1531 expertes:
1181 1433 1334 1528 legiones
1368 1432 1588 1507 inflammatae
1627 1457 1673 1505 ex
1704 1432 1833 1506 flamma
1873 1453 1961 1527 pro-

603 1554 739 1625 ductae:
766 1556 899 1644 agmina
926 1552 1073 1624 ardentia
1101 1551 1279 1624 Cherubim
1311 1550 1460 1624 fortium:
1495 1560 1623 1623 turmae
1655 1547 1820 1621 terribiles
1853 1547 1962 1619 Sera-

602 1667 689 1764 pbim
716 1678 922 1756 sanctorum:
949 1670 1004 1762 qui
1036 1677 1211 1747 moventes
1246 1666 1317 1739 alas
1352 1688 1447 1754 suas,
1483 1664 1642 1755 clamant,
1672 1664 1898 1738 vociferantur
1929 1673 1964 1734 et

603 1784 721 1855 dicunt.

706 1898 866 1993 Populos.
918 1897 1077 1985 Sanctus,
1102 1896 1263 1984 Sanctus,
1291 1897 1442 1969 Sanctus.

706 2013 880 2085 Sacerdos
905 2012 1095 2083 inclinatus.
1148 2012 1268 2084 Trinas
1295 2012 1570 2085 sanctificationes
1587 2012 1752 2085 offerimus
1775 2010 1845 2100 tibi,
1870 2013 1962 2084 Deus

601 2128 721 2217 Pater,
751 2139 784 2198 et
809 2131 977 2220 unigenito
1003 2127 1088 2200 Filio
1124 2138 1200 2216 tuo,
1234 2135 1267 2199 et
1300 2127 1435 2224 Spiritui
1469 2138 1526 2200 tuo
1564 2137 1696 2202 sancto:
1734 2151 1843 2222 neque
1876 2128 1962 2198 enim

601 2239 832 2316 mensurabilis
859 2254 911 2315 est
937 2244 1093 2316 sanctitas
1119 2253 1175 2315 tua
1201 2244 1361 2317 Domine:
1389 2248 1443 2339 qui
1469 2235 1542 2315 cum
1568 2243 1692 2336 indigui
1707 2265 1868 2333 essemus,
1893 2246 1960 2313 mi-

603 2359 804 2457 sistilFilium
828 2368 918 2431 tuum
944 2362 978 2429 iu
1003 2357 1156 2430 muudum
1182 2380 1244 2455 pro
1270 2359 1376 2432 salute
1401 2367 1532 2432 nostra:
1560 2372 1717 2455 ortusque
1735 2370 1787 2434 est
1807 2382 1853 2431 ex
1876 2357 1968 2430 Vir-

602 2475 698 2567 gine,
725 2486 759 2546 et
784 2496 845 2569 per
870 2484 1010 2545 mortem
1036 2496 1129 2546 suam
1163 2477 1264 2545 vitam
1292 2477 1453 2569 praestitit
1478 2474 1667 2546 mortalitati
1692 2485 1837 2548 nostrae.

706 2590 857 2660 bleonus
882 2610 1007 2662 cocao.
1062 2589 1125 2675 Qui
1151 2612 1225 2661 com
1252 2589 1422 2662 voluntate
1447 2612 1525 2680 sua,
1552 2593 1646 2685 quasi
1660 2576 1875 2664 succidaneos
1900 2610 1962 2686 pro

601 2703 699 2778 nobis
724 2704 955 2801 peccatoribus
981 2708 1074 2775 venit
1101 2705 1329 2796 admotam,
1356 2710 1486 2801 accepit
1509 2728 1630 2801 panem
1665 2711 1699 2778 iu
1732 2727 1849 2778 manus
1884 2727 1962 2778 suas

603 2830 754 2907 soncos,
786 2821 815 2907 †
845 2818 1030 2907 benedixit,
1067 2828 1087 2903 †
1121 2820 1353 2909 sanctificavit,
1396 2820 1422 2914 †
1456 2821 1572 2915 fregit,
1608 2823 1761 2917 deditque
1795 2821 1962 2918 discipulis

603 2939 671 3011 sois
698 2939 839 3025 sanctis,
866 2945 900 3007 et
926 2935 1023 3007 dixit:
1051 2938 1191 3032 accipite
1217 2937 1411 3009 manducate
1438 2960 1484 3009 ex
1519 2961 1577 3010 eo:
1609 2932 1623 2971 ²
1649 2939 1724 3011 lloc
1757 2948 1809 3011 est
1841 2960 1963 3033 corpus

602 3075 729 3144 meum,
756 3054 845 3148 quod
876 3077 940 3127 vos
967 3063 1000 3125 et
1035 3076 1149 3126 omnes
1184 3057 1402 3149 suscipientes
1433 3053 1512 3126 illud
1544 3054 1677 3145 fideles,
1708 3065 1887 3152 praeparat
1921 3051 1964 3123 ad

602 3172 704 3243 vitam
732 3179 912 3242 aeternam.
1436 3181 1440 3188 '
1591 3184 1593 3186 ’
2033 3154 2035 3160 ’

706 3285 866 3380 Poprduc.
918 3288 1037 3358 Amen.

706 3401 890 3476 Sacerdos.
942 3402 1100 3475 Sbniliter
1126 3414 1159 3476 et
1185 3402 1323 3476 calicem
1351 3426 1448 3499 quem
1474 3405 1651 3475 miscuerat
1684 3404 1764 3473 vino
1800 3409 1834 3470 et
1864 3421 1963 3493 aqua,

604 3518 633 3606 †
657 3515 843 3607 benedixit,
873 3520 902 3606 †
934 3519 1170 3609 sanctificavit,
1205 3520 1294 3607 †et
1326 3518 1415 3591 dedit
1447 3519 1565 3591 iisdem
1590 3518 1756 3614 discipulis
1783 3518 1904 3588 sanctis
1931 3523 1965 3586 et

605 3633 703 3706 dixit:
729 3635 897 3730 Accipite,
924 3634 1026 3707 bibite
1053 3657 1097 3705 ex
1125 3658 1166 3707 eo
1196 3657 1261 3708 vos
1298 3658 1428 3708 omnes:
1453 3635 1516 3707 llic
1542 3646 1594 3708 est
1628 3637 1765 3726 sanguis
1790 3652 1883 3703 meos
1910 3632 1966 3726 qui

602 3770 667 3824 vos
694 3758 729 3820 et
756 3773 873 3823 omnes
899 3754 1119 3846 suscipientes
1149 3774 1223 3824 eum
1258 3749 1373 3830 fideles
1396 3764 1574 3848 praeparat
1595 3752 1760 3824 advitam
1785 3758 1964 3820 aeternam.

637 3963 639 3967 .
707 3864 867 3959 Populos.
919 3868 1059 3939 Amen*

707 3980 889 4053 Sacerdos.
942 3982 1011 4054 Sed
1037 3993 1071 4079 et
1102 3982 1233 4077 quaudo
1266 3986 1458 4078 mysterium
1492 3984 1576 4056 istud
1610 3979 1841 4071 celebrabitis,
1875 3984 1964 4073 agite

604 4100 796 4168 memoriam
824 4101 939 4169 mortis
966 4121 1081 4187 meae,
1109 4097 1217 4170 donec
1243 4103 1387 4170 veniam.

707 4213 867 4306 Populos.
920 4213 1037 4285 Mortis
1064 4224 1140 4285 tuae
1165 4215 1307 4286 Domine
1334 4218 1526 4286 memoriam
1554 4220 1691 4307 agimus.

708 4326 891 4401 Sacerdos.
944 4331 1053 4402 Etiam
1078 4327 1254 4401 adventum
1280 4339 1368 4402 tuum
1395 4330 1591 4419 salutarem,
1619 4343 1652 4404 ct
1679 4331 1856 4403 secundum
1875 4331 1964 4426 illum

605 4441 829 4516 retributionis
870 4456 1165 4518 commemorantes
1205 4446 1366 4535 Domine,
1407 4446 1521 4533 laudes
1564 4470 1636 4518 cum
1678 4446 1964 4543 deprecationibus
2016 4521 2019 4530 ,

605 4561 768 4650 majestati
801 4569 877 4631 tuae
911 4562 1096 4651 offerimus,
1129 4576 1162 4637 ut
1189 4565 1222 4633 in
1249 4561 1302 4633 die
1329 4562 1384 4634 illo
1411 4585 1534 4655 magno
1556 4562 1670 4656 judicii
1698 4568 1743 4635 toi
1765 4567 1866 4656 justi,
1897 4586 1965 4635 non

605 4699 666 4773 per
692 4688 830 4771 peccata
856 4680 1111 4752 nostradamus
1139 4682 1231 4753 cibus
1259 4679 1439 4753 carbonum
1466 4683 1565 4771 ignis,
1591 4679 1843 4774 alimentumque
1864 4679 1964 4750 flam-

605 4814 681 4865 mae
707 4794 875 4865 terribibs:
902 4817 969 4866 non
996 4794 1227 4888 demergamur
1251 4799 1286 4867 in
1311 4819 1402 4867 mare
1421 4796 1558 4886 ardens,
1585 4807 1641 4867 aut
1658 4798 1773 4888 jactati
1788 4793 1965 4865 obruamur

605 4906 757 4981 lluctibus
783 4913 916 5001 ignium.
969 4909 1046 4982 Non
1074 4915 1174 4984 simus
1201 4912 1364 4983 haeredes
1392 4915 1618 5008 suspiriorum:
1648 4933 1756 5005 neque
1788 4908 1963 5000 gemitibus

607 5022 738 5095 acerbis
764 5024 900 5097 addicas
933 5048 1010 5098 nos:
1044 5049 1111 5099 uou
1144 5027 1259 5100 fiamus
1289 5028 1491 5100 habitatores
1526 5028 1675 5099 locorum
1701 5024 1963 5113 tenebrosorum,

607 5149 640 5211 et
664 5145 840 5233 regionum
867 5145 984 5214 timore
1010 5143 1195 5237 plenarum:
1221 5166 1289 5216 non
1315 5144 1414 5216 alieni
1439 5144 1554 5215 fiamus
1587 5141 1628 5212 ab
1661 5140 1863 5213 haereditate
1897 5152 1964 5225 ma,

606 5278 715 5350 neque
740 5259 863 5353 privati
895 5257 1113 5330 familiaritate
1153 5269 1226 5331 tua:
1259 5258 1320 5335 sed
1352 5282 1425 5332 cum
1458 5262 1603 5332 invitatis
1636 5244 1678 5330 ad
1709 5255 1963 5329 recumbendum

606 5380 732 5462 tecum,
769 5382 804 5443 et
833 5377 964 5447 vocatis
996 5373 1038 5446 ad
1070 5377 1259 5448 convivium
1293 5385 1383 5447 tuum
1415 5378 1579 5467 conjunge
1611 5396 1691 5463 nos,
1725 5383 1758 5445 et
1788 5372 1965 5469 splendore

660 5509 782 5555 romoalt
1693 5492 1741 5567 33
