5150 6534
381 4078 408 4132 l'.
427 4083 471 4133 ³9.
490 4083 504 4134 l.
524 4083 549 4134 il.

675 845 749 923 112
827 949 830 954 Ι
1049 845 1669 926 ousnnvru1onns

757 1028 878 1112 Accipit
900 1029 1076 1111 particulam
1099 1049 1139 1093 ex
1161 1047 1293 1113 corpore
1316 1037 1347 1093 et
1368 1031 1457 1093 mittit
1478 1031 1559 1093 illam
1580 1032 1612 1094 in
1634 1032 1774 1111 calicem,
1804 1038 1838 1094 ut
1859 1031 2052 1119 intelligutur

670 1129 749 1192 bunc
771 1147 843 1192 esse
864 1130 1043 1212 sangninem
1070 1129 1158 1209 hujus
1186 1130 1345 1211 corporis,
1375 1137 1406 1192 et
1433 1128 1493 1191 hoc
1523 1147 1635 1211 corpus
1663 1129 1752 1211 bujus
1779 1132 1954 1215 ειυςαίιιίι,
1983 1151 2053 1199 non

671 1229 807 1306 alteriuS,
829 1228 884 1291 sed
907 1235 1066 1309 utrumque
1082 1228 1160 1290 idem
1183 1228 1263 1309 quod
1286 1230 1317 1290 in
1339 1246 1431 1291 cruce
1452 1229 1634 1297 immolatum
1656 1236 1719 1292 est:
1742 1229 1928 1311 significatur
1943 1233 2052 1313 etiarn,

671 1324 846 1406 quodlicet
867 1328 897 1390 in
920 1328 1002 1391 vasis
1025 1326 1142 1389 duobus
1164 1328 1264 1408 posita
1285 1328 1345 1391 sint
1367 1345 1477 1408 corpus
1500 1335 1531 1391 et
1553 1330 1697 1412 sanguis,
1725 1335 1825 1391 tamen
1852 1346 1942 1394 unum
1966 1349 2053 1396 cor-

604 1463 610 1478 ·
671 1443 729 1507 pus
751 1426 932 1489 dominicum
955 1436 1019 1504 est,
1043 1426 1137 1488 Verbi
1159 1426 1226 1496 Dei.

758 1524 865 1587 Postea
889 1542 1000 1607 corpus
1024 1527 1054 1587 in
1076 1525 1180 1604 plures
1202 1523 1368 1606 particulas
1391 1524 1508 1605 dividit,
1533 1528 1602 1607 quia
1631 1527 1673 1588 ita
1703 1523 1775 1588 lecit
1803 1526 1948 1590 Dominus
1978 1544 2053 1591 cuns

671 1640 784 1703 corpus
807 1642 893 1686 suum
915 1624 1007 1708 fregit
1029 1632 1061 1686 et
1083 1623 1186 1687 divisit
1207 1624 1238 1685 in
1260 1624 1443 1688 coenaculo:
1471 1624 1618 1706 particula
1648 1642 1770 1706 quomis
1791 1625 1860 1688 sive
1879 1625 2053 1710 llnrgm'tn

670 1740 750 1802 quae
777 1723 808 1784 in
837 1721 964 1785 calicem
986 1723 1125 1800 mittitur,
1160 1722 1325 1806 significat,
1356 1724 1434 1785 lrunc
1462 1726 1641 1808 sauguinem
1670 1741 1741 1786 esse
1775 1722 1864 1806 hujus
1893 1725 2051 1807 corporis,

669 1839 822 1902 unumque
845 1830 876 1883 et
897 1821 1034 1884 eumdem
1057 1839 1127 1883 esse
1150 1823 1302 1896 occisum,
1326 1822 1527 1906 insanguine
1550 1832 1581 1885 et
1603 1840 1745 1903 corpore.

753 1919 904 1984 Obsersat
926 1927 1088 2001 praeterea
1109 1920 1189 1983 idem
1211 1919 1357 1983 Barsalibi
1378 1930 1502 2001 praeter
1522 1922 1590 1984 illas
1611 1922 1775 2002 particulas
1803 1923 1913 2004 quibus
1938 1923 2052 1986 oonsi-

670 2020 774 2098 gnatio
797 2018 882 2081 litet
905 2038 984 2099 quae
1007 2020 1037 2082 in
1068 2020 1191 2082 calicem
1222 2022 1391 2095 mittuntur,
1420 2020 1534 2101 aliquas
1562 2023 1692 2102 majores
1720 2024 1876 2085 reservari
1903 2029 2052 2103 unquam

670 2118 850 2197 praecipuas
874 2127 976 2198 partes
1000 2121 1138 2199 corporis
1161 2117 1317 2196 dominici,
1341 2137 1418 2199 quae
1442 2120 1628 2201 dignioribus
1651 2119 1837 2202 praebentur
1858 2119 2052 2184 adcumu-

669 2217 803 2280 nionem:
835 2217 916 2297 quod
947 2236 1007 2280 non
1035 2220 1109 2280 satis
1139 2218 1259 2281 videtur
1287 2218 1479 2299 explicatum.
1524 2219 1630 2300 Neque
1652 2219 1738 2300 {enim
1769 2218 1940 2283 Orientales
1969 2221 2052 2282 exi-

669 2315 790 2378 stimant
816 2318 992 2399 particulam
1026 2318 1117 2380 ullam
1147 2317 1204 2379 alia
1240 2336 1311 2380 esse
1345 2318 1528 2398 digniorem:
1559 2326 1589 2380 et
1618 2319 1704 2380 istam
1734 2320 1906 2400 opinionem
1933 2318 2052 2383 refellit

669 2415 886 2479 Ecbmimensis
908 2419 938 2479 in
960 2434 1016 2479 sua
1039 2417 1195 2479 Cauonum
1219 2416 1424 2493 Collectiune,
1448 2418 1562 2479 docens
1584 2417 1615 2478 in
1642 2419 1755 2499 exigua
1776 2417 1924 2499 particula
1946 2435 2052 2500 aequo

669 2517 818 2579 contineri
847 2516 957 2579 Christi
980 2535 1110 2597 eorpus,
1140 2533 1176 2576 ac
1205 2516 1236 2576 in
1266 2523 1329 2577 tota
1352 2515 1470 2579 Oblata.
1517 2518 1630 2578 Verum
1653 2534 1738 2595 cum,
1769 2524 1801 2579 ut
1831 2515 1901 2579 alibi
1923 2535 1965 2579 ex
1987 2515 2052 2580 Ja-

670 2615 748 2677 cobo
770 2615 944 2694 Edesseno,
968 2615 1095 2697 aliisque
1117 2615 1204 2695 Syris
1227 2615 1382 2676 autoribus
1413 2616 1605 2677 observatum
1634 2623 1699 2693 est,
1728 2615 1904 2696 Episcopis,
1935 2616 1963 2678 si
1991 2615 2051 2697 qui

670 2712 786 2794 adsint,
809 2722 840 2778 et
862 2714 1072 2778 sacerdotibus
1102 2713 1249 2794 particula
1271 2713 1472 2794 praebeatur,
1507 2722 1569 2776 tum
1598 2713 1677 2775 calix
1707 2732 1748 2775 ex
1774 2731 1836 2795 quo
1864 2714 2051 2798 sangninem

668 2812 789 2890 bibant,
811 2814 882 2876 illae
903 2813 1071 2896 particulae
1093 2814 1124 2874 in
1146 2813 1232 2875 diseo
1252 2821 1464 2874 reservantur:
1486 2812 1623 2893 reliquae
1642 2814 1795 2890 intinctae,
1818 2811 1974 2876 cochleari
1985 2813 2051 2877 ad-

669 2912 885 2977 minislranlur.
929 2913 1033 2975 Monet
1056 2912 1144 2974 etiam
1171 2910 1317 2973 Barsalibi
1344 2919 1377 2972 ut
1403 2911 1472 2973 dum
1493 2910 1662 2992 particulae
1691 2912 1822 2992 majores
1850 2910 2049 2994 franguntur,

670 3012 758 3074 etiam
792 3012 829 3074 ad
860 3012 1098 3076 communionem
1132 3010 1293 3072 infantibus
1323 3008 1576 3088 distribuendam,
1609 3008 1760 3074 Sacerdos
1791 3009 1843 3072 det
1869 3027 1997 3092 opersrn
2012 3019 2050 3076 ut

668 3111 787 3192 signum
810 3113 926 3189 erucis,
950 3110 1031 3192 quod
1053 3110 1179 3192 singulis
1203 3111 1382 3189 impressum
1413 3117 1460 3171 est
1490 3117 1699 3173 conservetur.
1743 3108 1875 3192 Nempe,
1904 3118 1938 3173 ut
1966 3109 2050 3176 stim

668 3211 916 3289 observavimus,
939 3211 1036 3273 Panes
1058 3210 1257 3272 Eucharistici
1280 3210 1346 3271 sive
1376 3207 1521 3285 Oblatas,
1555 3208 1655 3270 multis
1684 3209 1845 3271 cruciculis
1873 3211 2050 3293 sumuntur,

668 3317 699 3371 et
721 3310 869 3391 particula
890 3309 940 3372 illa
963 3328 1041 3391 quac
1063 3327 1184 3372 crucem
1208 3308 1313 3385 babet,
1337 3315 1386 3370 est
1407 3309 1532 3389 proprie
1555 3306 1707 3388 loquendo
1730 3325 1767 3370 ea
1795 3326 1884 3389 quam
1905 3319 2049 3390 marna,

668 3407 856 3485 emonam,
877 3409 1096 3489 llnrpnritom,
1118 3409 1255 3488 Sigillum
1282 3415 1402 3469 nocant.
1447 3406 1537 3480 Quod
1559 3408 1652 3488 igitur
1673 3407 1714 3468 ait
1734 3405 1899 3488 Barsalibi,
1929 3409 1969 3472 dc
1993 3411 2049 3473 in-

666 3505 797 3569 lantibus
820 3508 1047 3588 intelligendum
1070 3509 1122 3586 qui
1145 3507 1257 3588 glutire
1280 3514 1408 3586 possunt
1431 3513 1462 3567 et
1484 3505 1637 3583 mandere,
1660 3523 1722 3568 non
1735 3505 1775 3568 de
1790 3505 1873 3569 allis:
1894 3514 1927 3570 ut
1942 3523 2049 3589 neque

666 3605 814 3686 particula
838 3605 984 3686 ejusmodi
1007 3606 1261 3688 integrusemper
1284 3606 1353 3667 data
1373 3613 1435 3667 est:
1459 3623 1526 3666 cum
1549 3605 1927 3687 inminutissimsspartes,
1950 3607 2048 3670 etism

668 3703 748 3783 apud
772 3703 907 3766 Graecos
930 3706 1089 3766 coniminni
1113 3704 1221 3767 Oblata
1243 3704 1358 3782 soleat,
1383 3712 1413 3765 et
1436 3704 1521 3765 calici
1542 3704 1668 3781 immitti,
1690 3704 1772 3767 unde
1785 3704 1937 3767 cochleari
1955 3706 2046 3769 scci-

666 3803 763 3883 pitur‚
786 3809 817 3864 et
840 3803 1069 3866 communicanti
1091 3804 1323 3866 administratur.

988 4081 1165 4153 Sacerdos
1190 4088 1272 4152 urile
1299 4084 1490 4150 orationem
1516 4079 1728 4148 dominicum.

329 4345 335 4350 .
378 4283 656 4342 oratioalterum
769 4271 884 4352 Bnnms
907 4285 1054 4367 quaedam
1075 4285 1224 4366 praelatio
1246 4284 1375 4346 orationi
1398 4284 1582 4358 Donninicae,
1604 4283 1665 4343 ritu
1687 4280 1842 4358 Orientali,
1865 4298 1954 4361 mmm
1977 4280 2046 4346 Oen

343 4379 432 4422 susten

666 4388 831 4452 cidcntales
855 4406 976 4471 quoquo
998 4390 1138 4460 retinent,
1161 4388 1311 4468 praemitti
1334 4388 1422 4449 solet.
1468 4387 1511 4448 lta
1533 4386 1670 4462 dicimus,
1692 4385 1871 4464 Praeceptis
1891 4385 2047 4449 mtcoet-

666 4488 723 4551 bats
743 4490 851 4550 moniti
870 4497 899 4550 et
920 4490 1026 4550 diuitis
1047 4489 1233 4550 institutione
1251 4487 1389 4565 strrtnnti,
1413 4488 1560 4547 trudemus
1581 4487 1693 4548 dicae.
1728 4485 1821 4546 Pater
1840 4491 1957 4562 noster,
1982 4491 2044 4548 etc.

665 4587 771 4650 Oratio
794 4605 883 4668 quam
906 4587 990 4668 Syri,
1021 4586 1078 4647 hirc
1101 4586 1169 4648 loeo
1192 4587 1319 4648 recitant
1342 4603 1490 4665 expmssa
1513 4592 1559 4646 est
1583 4603 1623 4646 ex
1651 4585 1786 4660 Graeca,
1816 4601 1896 4664 quse
1924 4582 2045 4665 incipit.

662 4677 697 4750 ‘0
724 4675 809 4760 Θεός
829 4681 883 4748 xul
906 4676 1027 4769 πατήρ,
1051 4681 1112 4746 τοῦ
1133 4678 1248 4768 trepton
1269 4681 1324 4747 καὶ
1349 4684 1449 4748 Θεοῦ,
1471 4681 1526 4745 καὶ
1548 4680 1695 4767 σωτῆρος
1717 4674 1807 4766 ἡμῶν
1827 4670 1942 4765 Ἰησοῦ,
1973 4701 2047 4747 cum

665 4787 726 4850 luci
749 4785 931 4862 discrimine,
955 4785 1035 4866 quiid
1058 4783 1237 4846 observatur
1260 4803 1382 4866 quinque
1403 4787 1482 4846 iuter
1504 4783 1578 4844 alias
1591 4782 1862 4863 ejusdemlingune
1876 4781 2046 4864 liturgias.

665 4885 798 4950 lacobus
820 4884 1005 4948 Edessenus.
1051 4882 1126 4943 lltm
1148 4882 1303 4946 Srreerrtos
1331 4903 1435 4945 omnes
1462 4885 1618 4944 omnum
1646 4882 1827 4954 menan,
1854 4879 1912 4941 dut
1932 4898 2049 4959 puceu

664 4985 785 5064 popndo,
807 4984 866 5048 boc
888 4990 936 5046 est
958 4984 1034 5046 dicit
1054 4982 1117 5044 Pax
1140 4999 1207 5043 eum
1229 4984 1366 5046 ouantibus
1389 4984 1495 5057 robis3
1523 4991 1553 5044 et
1577 4991 1625 5044 ter
1644 4984 1731 5062 nyso
1755 4981 1858 5043 ersus
1876 4978 1964 5058 [octo
1986 4978 2049 5041 bs-

666 5084 796 5158 nedieit,
819 5085 933 5147 edicens.
972 5080 1198 5144 Misericordiae
1220 5081 1338 5144 Domini
1361 5085 1422 5145 sint
1443 5099 1539 5161 super
1558 5097 1624 5143 sos.
1657 5080 1733 5142 dioc
1750 5078 1871 5158 [rugit
1890 5083 1922 5139 et
1940 5079 2052 5158 sigua

666 5181 908 5256 Erreinristium,
930 5189 992 5244 bant
1014 5183 1119 5261 incipit
1140 5183 1306 5242 unitionem
1329 5183 1527 5256 dominicum,
1556 5200 1634 5261 onae
1655 5179 1765 5241 deinde
1785 5196 1806 5239 o
1824 5176 1939 5257 populo
1961 5176 2050 5237 its&-

664 5297 725 5359 9rc
746 5284 914 5344 recitatur.-
936 5279 969 5342 ln
991 5279 1049 5343 illis
1072 5280 1176 5344 serbis
1198 5281 1376 5362 agrioseitur
1396 5280 1484 5364 bujus
1501 5282 1597 5362 partis
1609 5280 1766 5363 liturgiae
1781 5275 1950 5358 dispositio.
1972 5273 2052 5338 [ltd-
