5150 6534
513 416 815 662 v

592 822 671 896 600
1173 815 1403 894 NOTAE

592 1008 655 1070 bita
677 1023 738 1066 non
761 1011 818 1081 est,
844 1020 910 1064 cum
940 1010 973 1064 ut
1003 1001 1109 1083 aliquis
1140 1000 1178 1064 de
1206 1000 1266 1063 hoc
1288 1009 1466 1082 argumento
1496 999 1640 1063 articulus
1670 998 1815 1081 synodali
1844 997 1975 1060 Decreta

593 1109 792 1182 insereretur,
817 1103 955 1164 obtinere
977 1118 1037 1162 oon
1060 1102 1200 1183 potuerit.
1229 1101 1271 1162 nt
1293 1117 1360 1162 cum
1383 1118 1444 1164 non
1467 1100 1554 1162 ahter
1576 1117 1611 1161 se
1634 1098 1767 1160 habeant
1791 1097 1926 1160 Codices
1947 1097 1975 1158 ia

593 1203 811 1283 Mesopotamia
834 1201 949 1281 scripti,
972 1200 1071 1262 nullus
1100 1200 1169 1262 huic
1198 1199 1390 1281 conjecturae
1420 1199 1505 1262 locus
1536 1205 1592 1260 est.
1643 1197 1769 1278 Neque¹
1784 1204 1886 1258 tamen
1916 1195 1976 1258 ulla

593 1302 664 1365 inde
687 1301 821 1382 suspicio
845 1301 928 1362 nasci
951 1306 1063 1380 potest,
1088 1298 1235 1360 adversas
1264 1299 1338 1360 duas
1362 1297 1472 1360 alteras
1494 1297 1664 1378 Liturgias,
1697 1315 1777 1377 quae
1811 1315 1880 1358 cum
1910 1295 1975 1358 aliis

595 1401 733 1464 omnibus
770 1400 971 1462 consentiunt.
1024 1399 1131 1479 Neque
1167 1399 1339 1460 omisissent
1378 1395 1530 1460 Censores
1564 1395 1714 1475 Lusitani,
1749 1396 1975 1458 invocationem

597 1501 734 1562 Graecae
757 1498 894 1575 similem,
918 1499 1074 1559 teterrima
1097 1496 1196 1578 aliqua
1218 1503 1289 1559 nota
1313 1495 1484 1578 configere,
1513 1496 1594 1575 quod
1616 1503 1716 1558 tamen
1737 1493 1973 1578 nonleceruot

598 1597 683 1660 Unde
707 1605 792 1658 certo
815 1596 918 1677 colligi
942 1613 1033 1677 posse
1056 1595 1195 1672 videtur,
1226 1595 1387 1658 lectionem
1410 1595 1553 1657 librorum
1581 1593 1740 1657 Ecclesiae
1772 1593 1974 1655 hlalabaricae

598 1697 732 1760 earndcrn
756 1695 850 1757 luisse
874 1714 951 1775 quae
975 1695 1005 1756 in
1027 1697 1139 1757 nostris
1163 1695 1354 1772 observatur,
1377 1693 1509 1775 nihilque
1531 1693 1649 1755 deesse.
1695 1692 1783 1754 Patet
1806 1693 1897 1755 etiam
1919 1692 1975 1753 la·

598 1797 785 1859 vocationem
810 1795 936 1874 Spiritus
959 1795 1056 1856 sancti
1087 1795 1217 1874 quaein
1246 1793 1371 1875 reliquis
1402 1794 1539 1856 omnibus
1567 1792 1710 1872 liturgiis
1738 1790 1880 1853 occurrit
1908 1795 1974 1870 post

597 1894 789 1977 pronuntiato
814 1892 924 1955 Christi
947 1892 1052 1968 verba,
1077 1911 1134 1955 non
1158 1895 1198 1955 ita
1228 1895 1431 1956 neeessariam
1453 1894 1547 1955 visam
1571 1893 1664 1954 luisse
1693 1891 1732 1952 ad
1763 1889 1974 1951 consecratio-

597 2013 667 2056 nem
689 1991 913 2073 perficiendam,
935 2000 967 2054 ut
989 1993 1105 2073 absque
1127 1992 1178 2055 illa
1202 1994 1392 2055 consecratio
1413 1991 1495 2055 nulla
1517 1998 1611 2069 osset,
1634 1997 1685 2052 aut
1706 1990 1738 2051 in
1762 2007 1802 2051 ea
1823 1989 1975 2050 consista-

598 2100 656 2171 rot,
680 2090 762 2172 quod
785 2092 919 2153 nonnulli
942 2091 1141 2171 scripserunt.
1185 2091 1260 2153 Nam
1291 2093 1366 2153 ritus
1389 2091 1440 2154 ille
1463 2108 1530 2153 cum
1555 2091 1780 2171 antiquissimus
1804 2089 1857 2165 sit,
1880 2103 1973 2148 neca

596 2181 784 2253 Nestorianis
807 2190 994 2268 adinventus,
1018 2190 1073 2252 sed
1097 2190 1134 2252 ab
1158 2191 1287 2271 antiquis
1311 2190 1456 2252 Ecclesiis
1484 2190 1616 2271 Syriacis
1640 2193 1800 2267 acceptus,
1824 2203 1890 2248 non
1912 2203 1973 2246 me-

599 2290 736 2352 diocrem
759 2287 848 2351 habet
872 2291 1077 2351 autoritatem:
1100 2297 1131 2351 et
1154 2289 1205 2351 illa
1228 2297 1325 2351 tamen
1350 2290 1487 2352 oratione
1511 2295 1603 2351 caret.

1015 2584 1076 2654 15.
1111 2584 1258 2676 imponit
1284 2554 1474 2670 incensam*
1493 2589 1555 2653 etc.

714 2771 750 2848 ln
774 2782 840 2844 aliis
862 2784 1017 2867 liturgiis
1047 2788 1182 2867 quamvis
1211 2806 1334 2868 semper
1363 2793 1426 2848 toto
1456 2785 1552 2848 Olllcii
1581 2786 1712 2848 decursu
1742 2784 1902 2847 Diaconus
1929 2784 1974 2844 in·

600 2905 723 2949 censum
754 2884 887 2964 adoleat,
918 2897 1015 2950 tamen
1045 2891 1194 2954 Sacerdos
1225 2898 1293 2972 post
1320 2888 1539 2953 Praelationem
1567 2908 1638 2952 raro
1669 2889 1699 2951 id
1727 2888 1820 2963 lacit,
1851 2896 1883 2949 et
1912 2887 1973 2948 lere

598 3003 759 3064 nunquam.
805 2985 909 3066 ltaque
932 2995 963 3049 et
986 2989 1061 3050 hacc
1084 3009 1205 3070 quoque
1234 2989 1397 3073 singularis
1421 2997 1468 3051 est
1490 2988 1688 3051 Nestorianae
1710 2988 1878 3049 Ecclesiae
1901 3003 1975 3048 con·

599 3084 740 3244 quietudo,
764 3092 796 3145 ut
819 3094 889 3165 post
913 3086 1049 3168 Sanctus,
1074 3089 1142 3150 thus
1166 3089 1356 3151 adhibeatur:
1380 3088 1434 3151 sed
1463 3088 1521 3150 hoc
1544 3089 1621 3150 inter
1644 3073 1817 3170 ἅδιᾶφορα
1847 3100 1975 3146 censen-

621 3200 668 3243 um
691 3191 746 3244 cst.

688 3416 739 3482 16.
776 3405 861 3484 Posr
885 3420 1050 3481 orationem
1074 3438 1151 3501 quac
1175 3421 1287 3502 incipit,
1311 3421 1396 3482 Laos
1416 3422 1531 3482 raomini
1551 3430 1602 3482 too
1624 3427 1731 3481 soracte
1754 3419 1897 3494 Domine,
1920 3415 1975 3477 Sa·

603 3521 711 3584 cerdos
745 3541 812 3583 eam
841 3529 957 3602 partem
986 3523 1079 3584 Olheii
1108 3525 1211 3605 incipit
1240 3543 1328 3605 quam
1361 3532 1483 3586 veteres
1513 3523 1609 3585 Latini
1636 3522 1744 3584 Pridie
1772 3521 1973 3603 appellabant

601 3620 680 3700 quod
702 3621 817 3682 initium
840 3621 916 3682 illius
942 3630 1035 3697 esset,
1058 3621 1118 3697 Oai
1142 3625 1244 3702 pridie
1266 3642 1355 3703 quom
1375 3631 1541 3702 poteretur.
1587 3622 1683 3683 Prinna
1712 3620 1855 3703 Liturgia
1882 3620 1973 3701 magis

600 3738 688 3800 quam
712 3720 826 3782 alterae
850 3720 938 3798 duae,
962 3721 1078 3783 recedit
1100 3721 1136 3781 ab
1161 3723 1226 3783 aliis
1238 3722 1451 3800 Orientalibus,
1475 3721 1636 3801 inquibus
1660 3721 1806 3781 memoria
1830 3719 1863 3780 sn
1885 3720 1973 3779 totius

599 3818 829 3901 dispensationis
851 3819 925 3880 Jcsu
949 3819 1057 3881 Christi
1087 3820 1204 3883 Donrini
1235 3823 1330 3882 nostri
1358 3823 1388 3884 in
1419 3839 1529 3896 carne,
1561 3839 1655 3901 usquc
1687 3817 1724 3879 ad
1754 3817 1972 3879 institutionem

598 3917 816 3981 Eucharistiae.
847 3919 921 3979 Nam
943 3920 1045 3981 brevis
1069 3921 1165 3982 oratio
1189 3939 1267 4001 quae
1290 3939 1377 3981 sacra
1400 3920 1479 3981 illius
1504 3920 1598 3981 verba
1621 3917 1787 3998 praeeedit,
1813 3936 1875 3978 non
1899 3932 1974 3976 con-

599 4017 674 4077 tinet
697 4019 951 4080 enumerationem
974 4020 1185 4099 mysteriorum
1213 4017 1272 4103 τῆς
1300 4007 1457 4103 ἑνσᾰοκοο
1487 4011 1687 4094 οἰκονομίας,
1720 4035 1810 4096 quam
1843 4015 1974 4094 reliquae

599 4117 698 4178 multis
721 4117 823 4179 verbis
846 4119 1028 4197 exprimunt,
1052 4136 1151 4198 neque
1174 4126 1206 4179 ut
1228 4121 1259 4179 in
1282 4118 1341 4180 illis
1358 4118 1548 4197 observatur,
1572 4117 1716 4179 cohaeret
1729 4116 1806 4177 satis
1823 4115 1972 4176 institutae

598 4213 805 4279 Eucharistiae
835 4220 967 4279 narratio
1002 4235 1069 4278 cum
1109 4217 1372 4297 praecedentibus.
1431 4217 1549 4280 Dcessc
1583 4214 1694 4296 aliquid
1728 4215 1882 4294 suspicari
1910 4213 1973 4293 quis

601 4321 718 4394 posset,
740 4334 807 4377 eum
830 4316 982 4378 'lhcodori
1005 4324 1036 4377 et
1058 4315 1189 4378 Nestorii
1215 4316 1372 4399 liturgiae
1403 4317 1439 4378 ad
1468 4318 1592 4378 aliarum
1615 4315 1726 4376 diversi
1749 4315 1828 4376 ritus
1852 4312 1973 4375 tonnam

601 4429 768 4492 expressae
792 4415 860 4492 sint,
883 4414 937 4477 scd
961 4434 1027 4477 cum
1050 4415 1141 4478 blissa
1161 4416 1342 4478 lllalabarica
1366 4417 1477 4479 nostris
1500 4416 1632 4496 Syriacis
1655 4412 1812 4476 codicibus
1836 4419 1974 4475 accurate

600 4512 795 4591 respondeat,
819 4513 931 4574 nullum
953 4513 1177 4576 fundamentum
1199 4514 1289 4576 habet
1313 4515 1387 4578 haec
1410 4516 1553 4595 suspicio.
1598 4513 1709 4575 Verum
1740 4516 1771 4574 iu
1803 4513 1889 4575 Eliae
1914 4509 1975 4573 Co-

600 4607 667 4671 dice
689 4609 795 4673 lacnna
816 4613 903 4673 unius
927 4620 977 4673 aut
1000 4611 1126 4675 duorum
1148 4612 1287 4675 loliorum
1310 4612 1364 4676 luit
1388 4633 1475 4695 quam
1499 4614 1652 4676 asteriscis
1675 4613 1867 4684 notavimus;
1891 4611 1974 4672 deest

602 4710 682 4770 enim
705 4728 810 4772 sacrae
835 4710 971 4772 Actionis
1001 4730 1072 4791 pars
1103 4715 1276 4792 praecipua,
1300 4713 1502 4793 pronuntiatio
1525 4712 1641 4774 scilicet
1662 4712 1830 4774 verborum
1854 4710 1975 4787 Christi,

601 4807 666 4868 sine
689 4808 796 4887 quibus
820 4827 969 4889 nunquam
994 4812 1185 4873 corasecratio
1209 4810 1287 4874 laeta
1303 4813 1397 4875 luisse
1417 4813 1559 4889 creditur,
1583 4828 1643 4873 non
1665 4813 1761 4874 minus
1785 4813 1818 4873 in
1841 4812 1975 4885 Oriente,

602 4923 691 4985 quam
721 4907 750 4966 in
782 4908 956 4973 Occidente.
1008 4910 1115 4989 Neque
1147 4919 1193 4973 est
1222 4913 1300 4993 quod
1326 4915 1463 4992 cuiquam
1495 4914 1526 4974 in
1555 4919 1684 4974 mentem
1711 4909 1837 4988 veniat,
1867 4911 1976 4972 omissa

602 5023 674 5066 esse
697 5005 791 5066 verba
814 5006 864 5068 illa
887 5017 972 5071 certo
996 5010 1140 5088 consilio,
1174 5012 1262 5091 quia,
1285 5019 1317 5073 ut
1341 5011 1470 5074 Critieus
1492 5019 1617 5074 nostrae
1641 5012 1748 5074 aetatis
1769 5009 1906 5073 famosus
1929 5017 1977 5071 te-

602 5121 686 5165 mere
717 5106 837 5167 nimium
867 5107 1030 5188 affirmavit,
1060 5109 1230 5172 Orientales
1259 5110 1362 5173 verbis
1393 5111 1505 5174 Christi
1531 5109 1794 5172 consecrationem
1825 5111 1892 5173 lieri
1918 5126 1977 5170 non

602 5202 739 5281 credunt,
763 5205 818 5266 sod
841 5204 1034 5271 invocatione
1058 5208 1186 5289 Spiritus
1209 5212 1315 5273 saneti.
1352 5210 1427 5273 Nam
1449 5212 1475 5273 si
1497 5212 1539 5273 ita
1561 5220 1655 5290 esset,
1680 5210 1760 5290 quod
1785 5209 1976 5274 falsissimum

602 5320 674 5364 esse
697 5302 766 5364 alibi
790 5305 880 5366 certis
904 5306 1088 5389 argumentis
1111 5307 1322 5388 probavimus,
1351 5310 1431 5372 nulla
1461 5310 1625 5373 secundum
1655 5311 1781 5390 primam
1813 5309 1976 5392 Liturgiam
