5150 6534
599 785 673 858 106
968 780 1610 860 OBSERVATIONES'

592 967 766 1040 nitentibus,
788 963 998 1027 multominus
1019 981 1076 1044 pro
1099 962 1270 1027 infidelibus
1293 967 1431 1044 mortuis,
1451 982 1582 1046 unquam
1604 966 1864 1049 oravitllccleqia,
1886 969 1975 1052 quod

593 1074 693 1128 tamen
706 1065 815 1126 Graeci
838 1064 1027 1126 recentiores
1049 1063 1116 1125 lieri
1139 1081 1230 1143 posse
1253 1061 1433 1143 concedunt,
1457 1063 1548 1144 idque
1571 1071 1604 1127 ut
1619 1065 1974 1132 confirmentrecurrunt

592 1162 630 1225 ad
651 1162 770 1224 tabulas
793 1161 977 1225 Falconillae
1000 1169 1031 1223 et
1057 1162 1188 1241 Trajani.
1228 1161 1294 1234 Qua
1316 1181 1390 1226 vero
1414 1165 1548 1241 ratione,
1572 1165 1733 1244 quandove
1755 1165 1870 1230 imum
1894 1185 1974 1232 ora-

590 1264 705 1324 tionum
735 1269 766 1323 et
794 1262 941 1323 bonomm
971 1277 1099 1340 opemm
1127 1259 1165 1322 ad
1188 1260 1295 1322 lideles
1319 1260 1479 1324 defunctos
1500 1263 1695 1342 perveniret,
1718 1263 1838 1330 divinae
1860 1268 1975 1346 provi·

593 1361 713 1423 dentiae
735 1359 875 1422 relictum
898 1366 954 1421 est.
999 1358 1126 1440 Purgant
1153 1375 1248 1438 porro
1277 1367 1403 1438 peccata
1426 1359 1522 1437 levia,
1551 1369 1602 1423 aut
1624 1361 1801 1442 graviorum
1823 1363 1972 1446 reliquias

590 1460 787 1540 perignem,
810 1460 998 1539 Augustinus
1022 1456 1131 1519 dudum
1156 1456 1319 1534 docuerat,
1343 1466 1375 1520 ut
1398 1460 1486 1522 etiarn
1510 1458 1684 1538 Caesarius,
1708 1479 1786 1542 quos
1809 1461 1894 1526 multi
1918 1463 1973 1528 alii

531 1573 544 1598 ·
591 1559 694 1620 imitati
717 1565 787 1620 sunt
808 1559 887 1620 inter
909 1557 1041 1618 Latinos.
1086 1555 1134 1617 Ex
1157 1555 1282 1617 Graecis
1306 1574 1380 1618 vcro
1403 1558 1541 1620 Patribus
1564 1577 1639 1638 prae
1657 1559 1787 1621 cacteris
1799 1559 1972 1642 Gregorius

591 1657 766 1737 Npssenus,
790 1658 876 1737 cujus
899 1654 1008 1729 verba,
1038 1671 1105 1716 curn
1128 1655 1317 1716 recentiores
1340 1655 1377 1716 ad
1401 1674 1486 1718 suam
1508 1657 1686 1719 sententiam
1708 1656 1829 1720 trabere
1851 1656 1974 1739 despe-

590 1763 710 1829 rarent,
738 1754 836 1829 illum,
865 1762 897 1815 ut
920 1752 1063 1834 origenis
1087 1752 1241 1814 erroribus
1265 1752 1397 1833 alllnem,
1428 1775 1469 1816 ex
1491 1757 1612 1817 testium
1635 1773 1760 1819 numero
1782 1757 1972 1838 rejecerunt.

591 1854 717 1926 Quantis
741 1871 815 1915 vero
839 1851 1062 1916 difficultatibus
1084 1849 1204 1914 laboret
1224 1851 1375 1915 bominum
1406 1855 1530 1917 istorum
1555 1853 1721 1936 'lbeologia
1743 1863 1885 1918 accurate
1909 1875 1974 1918 cx-

333 1944 436 2044 {³¹³⁸ss
458 1942 578 1998 ΒΜ·
590 1954 693 2034 posuit
715 1952 836 2013 ultimus
858 1969 986 2032 operum
1009 1951 1041 2013 S.
1064 1950 1190 2012 loannis
1213 1950 1391 2013 Daurasceni
1422 1951 1520 2015 editor
1548 1953 1583 2016 a.
1615 1953 1646 2015 P.
1674 1952 1802 2015 llicbael
1829 1953 1974 2036 Lequien

298 2030 400 2082 mu·
419 2039 442 2082 θ’
459 2049 509 2099 '‘l·
591 2052 713 2114 Ordinis
730 2049 974 2113 Praedicatorum
997 2049 1191 2111 doctissimus
1207 2048 1393 2131 Theologus,
1417 2058 1447 2113 et
1469 2068 1526 2114 nos
1549 2058 1690 2132 quantum
1712 2052 1785 2114 satis
1808 2061 1906 2132 esaei,
1930 2051 1972 2116 de

591 2151 699 2214 codem
722 2157 900 2229 argumento
924 2148 993 2210 loco
1017 2149 1108 2209 citato
1132 2146 1269 2208 diximus.

298 2251 419 2306 bonitate
447 2270 492 2305 ιιιι
530 2272 576 2306 ιιι-
678 2248 780 2312 Omnis
802 2268 896 2331 porro
920 2250 1079 2311 inauditae·
1093 2249 1172 2310 illius
1189 2248 1378 2332 Theologiao
1402 2248 1606 2310 Graecanicae
1627 2248 1717 2324 ratio,
1739 2249 1806 2312 sola
1827 2265 1884 2311 sua
1907 2267 1973 2314 no-

283 2347 350 2404 t⁰⁶¹¹¹
368 2349 414 2392 0⁸¹·
590 2350 684 2412 vitate
706 2358 848 2431 suspecta
871 2367 941 2411 esse
964 2348 1072 2425 debet,
1101 2348 1187 2428 cujus
1210 2356 1334 2429 praeter
1356 2348 1424 2424 alia,
1448 2365 1507 2409 non
1530 2347 1599 2409 leve
1620 2348 1760 2410 indicium
1783 2347 1905 2411 ducitur
1927 2368 1973 2412 ex

589 2448 783 2512 Orientalium
813 2448 953 2525 silentio,
982 2450 1040 2527 ,qui
1070 2447 1151 2509 illam
1180 2465 1306 2527 prorsus
1337 2449 1487 2528 ignorant.
1532 2446 1573 2507 At
1603 2447 1783 2526 quicumque
1817 2446 1973 2528 ejusmodi
2017 2471 2019 2478 ·

588 2549 762 2627 opinionum
785 2547 978 2628 praejudiciis
1002 2546 1089 2608 liberi
1112 2554 1193 2620 sunt,
1216 2554 1248 2607 et
1270 2548 1455 2621 orationem,
1486 2544 1713 2627 liturgiamque
1735 2562 1792 2625 pro
1815 2544 1971 2608 defunctis

587 2646 752 2709 observant
774 2667 815 2710 ex
837 2654 955 2709 vetusta
979 2645 1151 2721 traditione,
1174 2651 1286 2707 animas
1311 2662 1434 2720 eorum,
1462 2645 1489 2706 si
1510 2643 1661 2724 Martyres
1685 2651 1715 2706 et
1738 2642 1814 2705 alios
1836 2643 1972 2708 eximiae

585 2747 752 2808 sanctitatis
765 2747 943 2827 excipimus,
966 2746 1147 2825 purgatione
1170 2743 1320 2825 indigere,
1343 2740 1430 2804 simul
1453 2750 1632 2823 agnoscunt.
1662 2742 1834 2824 Nonigitur
1847 2749 1969 2806 tenuere

586 2863 604 2906 a
632 2845 813 2908 doctissimis
844 2844 1008 2925 Theologis
1038 2844 1148 2904 dictum
1176 2841 1248 2920 luit,
1291 2843 1458 2925 orationem
1487 2859 1545 2922 pro
1572 2843 1697 2904 mortuis
1730 2859 1797 2903 cum
1825 2841 1970 2906 doctrina

585 2945 755 3028 Purgatorii
778 2948 819 3008 ita
841 2963 911 3008 esse
935 2944 1134 3024 conjunctam,
1159 2951 1191 3003 ut
1213 2959 1272 3004 una
1295 2942 1362 3002 sine
1385 2940 1481 3003 altera
1503 2948 1586 3003 stare
1608 2958 1670 3003 non
1692 2942 1800 3021 possit.
1823 2939 1889 3002 Nec
1902 2955 1968 3020 op-

564 3047 657 3125 -poni
688 3045 778 3107 debet
808 3045 957 3107 obstinata
985 3042 1171 3104 Graecorum
1200 3040 1403 3102 recentiorum
1427 3039 1642 3117 contradictio,
1669 3037 1748 3101 illam
1774 3037 1846 3102 licet
1867 3036 1970 3102 disci·

583 3145 694 3226 plinam
707 3152 898 3207 conservent.
922 3143 1042 3223 Quippe
1060 3138 1201 3221 quamdiu
1223 3140 1253 3200 in
1275 3137 1403 3219 simplici
1425 3137 1504 3200 illius
1528 3137 1968 3216 observationcconstiterunt,

585 3245 667 3308 nulla
699 3247 777 3306 inter
811 3261 865 3305 cos
899 3249 930 3304 et
960 3241 1085 3302 Latinos
1116 3238 1326 3300 controversia
1355 3237 1538 3300 intercessit.
1584 3238 1696 3300 Verum
1725 3255 1793 3300 cunr
1822 3253 1968 3318 eaquae

583 3347 733 3409 subtiliter
755 3344 852 3423 inagis
875 3359 963 3421 quam
987 3359 1078 3413 vere,
1101 3356 1119 3399 a
1142 3336 1293 3399 nonnullis
1312 3335 1520 3416 jactabantur,
1548 3337 1726 3416 impugnare
1754 3321 1853 3396 conati
1874 3343 1967 3398 sunt:

582 3443 674 3504 nrulta
697 3461 753 3524 per
775 3459 917 3504 summam
941 3439 1117 3503 calumniam
1139 3436 1252 3497 Latinis
1276 3436 1513 3515 imputaverunt,
1544 3452 1621 3515 quae
1652 3450 1802 3515 nunquam
1830 3435 1966 3498 univer-

583 3545 638 3606 sali
651 3543 808 3606 Ecclesiae
822 3558 974 3604 consensu
992 3546 1117 3618 recepta
1138 3537 1265 3613 lucrant,
1290 3542 1340 3595 aut
1362 3533 1500 3597 fidelibus
1524 3533 1561 3595 ad
1584 3531 1767 3596 credendum
1788 3535 1966 3614 proposita:
2064 3515 2070 3534 '

584 3642 641 3720 ipsi
666 3645 694 3704 in
718 3647 916 3728 gravissimos
940 3661 1064 3706 errores
1087 3641 1221 3721 prolapsi
1244 3646 1326 3714 sunt,
1350 3633 1458 3716 quibus
1482 3639 1587 3694 carent
1608 3631 1788 3695 orientales.
1823 3631 1915 3696 'Sane
1933 3634 1968 3696 in

584 3743 721 3805 omrulms
745 3743 887 3822 liturgiis
911 3760 966 3824 pro
989 3741 1047 3804 illis
1071 3737 1276 3801 tantummodo
1300 3732 1490 3810 Christianis,
1514 3733 1565 3810 qui
1588 3731 1619 3792 in
1640 3729 1698 3792 lide
1721 3729 1964 3810 obdormierunt,

583 3859 692 3920 preces
716 3843 903 3916 timerentur,
933 3860 993 3902 non
1023 3858 1079 3920 pro
1101 3838 1290 3910 infidelibus,
1321 3836 1378 3895 nisi
1406 3849 1464 3913 pro
1494 3830 1551 3892 illis
1580 3829 1631 3909 qui
1661 3828 1757 3891 adbuc
1779 3830 1810 3891 in
1830 3830 1964 3894 saeculo

583 3941 734 4002 constituti
748 3942 783 4002 ml
797 3942 892 4002 llenm
907 3941 1056 4013 converti,
1079 3945 1110 4000 et
1132 3936 1348 4017 poenitentiam
1372 3949 1466 4014 agere
1489 3936 1626 4008 possunt,
1648 3926 1688 3988 de
1710 3944 1838 4008 quorum
1859 3927 1964 3992 salute

583 4056 645 4100 non
668 4039 904 4120 (impermeabile,
936 4048 966 4101 et
989 4039 1104 4100 idcirco
1126 4055 1183 4116 pro
1211 4035 1269 4096 illis
1298 4033 1462 4106 orandum,
1493 4028 1604 4090 docent
1625 4026 1758 4088 lacobus
1781 4025 1963 4092 Edessenus

584 4145 613 4199 ct
637 4138 800 4218 Dionysius
831 4139 996 4216 lior-satim,
1026 4138 1106 4218 quod
1135 4134 1371 4197 Ecclesiasticae
1401 4128 1531 4192 omnium
1561 4125 1753 4189 saeculorum
1782 4123 1963 4205 disciplinae

584 4240 739 4302 conformo
768 4245 822 4301 est
870 4239 943 4298 (lum
975 4245 1078 4298 irruitur
1108 4235 1210 4311 Deus,
1243 4241 1276 4294 ut
1304 4233 1416 4294 animas
1446 4245 1550 4290 eorunr
1579 4225 1681 4305 quiin
1705 4221 1874 4286 Christiana
1898 4225 1961 4288 bdo

584 4341 733 4410 vixerunt,
757 4339 844 4398 retiam
868 4335 1068 4412 lurrdubiliter,
1094 4335 1201 4396 liberet
1224 4350 1241 4393 a
1262 4330 1372 4411 poenis
1394 4326 1512 4401 interni,
1536 4343 1553 4386 a
1576 4321 1732 4385 doloribus
1755 4322 1961 4403 sempiternis,

585 4437 622 4499 ab
646 4439 716 4519 igne
740 4434 976 4514 inextinguibili,
1007 4452 1067 4495 non
1099 4435 1139 4494 ita
1169 4431 1244 4493 ltaec
1268 4428 1454 4506 intelligunt,
1481 4432 1514 4484 ut
1537 4422 1653 4485 illorum
1684 4421 1812 4498 animas,
1849 4419 1962 4484 talibus

584 4537 744 4617 subjacere
777 4535 932 4614 suppliciis
966 4534 1148 4594 existiment.
1201 4532 1313 4591 Verum
1347 4526 1445 4588 statim
1482 4523 1627 4583 rationem
1657 4520 1857 4602 subjungunt,
1888 4521 1961 4600 quia

584 4635 683 4696 nullus
703 4635 852 4695 boninum
868 4630 993 4692 rnundns
1017 4651 1032 4691 ιι
1056 4638 1185 4710 peceato
1209 4635 1266 4704 est,
1291 4624 1528 4707 praetechsum
1540 4620 1705 4683 Christum:
1729 4617 1828 4680 nullus
1850 4618 1960 4682 timere

584 4751 644 4795 non
674 4733 764 4795 debet
791 4733 815 4793 si
848 4732 930 4792 licus
961 4729 1116 4790 andriscum
1146 4747 1206 4788 non
1236 4734 1306 4806 apat
1329 4722 1492 4785 secundum
1515 4718 1749 4781 misericordiam
1771 4734 1872 4794 suam,
1903 4717 1961 4780 sed

584 4834 749 4894 secuudum
773 4837 899 4910 peccatu
923 4835 1037 4889 nrrstru.
1083 4827 1151 4888 Non
1175 4827 1268 4904 igitur
1292 4824 1387 4904 rrragis
1410 4822 1533 4901 impingi
1556 4817 1615 4880 illis
1625 4816 1729 4880 similis
1743 4833 1831 4878 error
1843 4823 1962 4897 polest,

585 4950 673 5012 (quarm
686 4928 985 5002 Latinacllcclesiue,
997 4945 1075 5006 qnae
1092 4924 1283 5004 rcrgattlleum
1301 4932 1332 4985 nt
1348 4922 1455 4984 liberet
1469 4922 1589 4980 arrianos
1601 4917 1732 4997 fidelium
1740 4912 1962 4992 desuetorum,

520 5019 525 5034 ⁸
584 5031 621 5089 tle
642 5033 748 5108 poernb
769 5029 882 5108 torpino
903 5035 933 5090 et
954 5028 992 5088 tte
1011 5025 1165 5104 prrtrsrmdo
1188 5025 1272 5092 tneo,
1296 5023 1335 5082 de
1356 5040 1409 5082 ore
1431 5020 1536 5092 leontis,
1558 5037 1596 5078 ne
1617 5014 1780 5078 commeat
1800 5030 1855 5074 etta
1878 5011 1962 5076 Tna-

583 5135 669 5188 torns
699 5136 728 5188 et
756 5137 787 5189 nt
816 5133 974 5189 truttmunt
1002 5127 1040 5187 de
1069 5132 1164 5185 morte
1190 5122 1232 5182 od
1261 5122 1364 5182 citant.
1411 5118 1485 5181 Cum
1508 5119 1595 5180 etiam
1618 5121 1725 5198 petunt
1746 5109 1919 5176 orientales
1942 5131 1961 5174 a

584 5224 667 5302 lieo,
696 5234 728 5287 ut
751 5229 869 5288 orrirnas
889 5225 1020 5304 fideliam
1042 5224 1167 5285 collocet
1189 5223 1268 5282 tom·
1288 5220 1399 5281 eboreo
1420 5218 1614 5295 Sanctomm,
1645 5215 1677 5274 io
1703 5212 1780 5274 loeis
1808 5213 1960 5290 anunm,
