<?xml version="1.0" encoding="UTF-8"?>
<!DOCTYPE html PUBLIC "-//W3C//DTD XHTML 1.0 Transitional//EN"
    "http://www.w3.org/TR/xhtml1/DTD/xhtml1-transitional.dtd">
<html xmlns="http://www.w3.org/1999/xhtml" xml:lang="en" lang="en">
 <head>
  <title>
</title>
<meta http-equiv="Content-Type" content="text/html;charset=utf-8" />
  <meta name='ocr-system' content='tesseract 3.04.00' />
  <meta name='ocr-capabilities' content='ocr_page ocr_carea ocr_par ocr_line ocrx_word'/>
</head>
<body>
  <div class='ocr_page' id='page_1' title='image "./liturgiarumorie00renagoog_0673.png"; bbox 0 0 5150 6534; ppageno 0'>
   <div class='ocr_carea' id='block_1_1' title="bbox 839 832 1827 915">
    <p class='ocr_par' dir='ltr' id='par_1_1' title="bbox 839 832 1827 915">
     <span class='ocr_line' id='line_1_1' title="bbox 839 832 1827 915; baseline -0.005 -3"><span class='ocrx_word' id='word_1_1' title='bbox 839 838 898 912; x_wconf 85' lang='lat' dir='ltr'><strong>hl)</strong></span> <span class='ocrx_word' id='word_1_2' title='bbox 933 832 1145 915; x_wconf 74' lang='lat' dir='ltr'><strong>historin</strong></span> <span class='ocrx_word' id='word_1_3' title='bbox 1175 833 1437 910; x_wconf 84' lang='lat' dir='ltr'><strong>LITURGlhll.</strong></span> <span class='ocrx_word' id='word_1_4' title='bbox 1752 833 1827 907; x_wconf 82' lang='grc'><strong>635</strong></span> 
     </span>
    </p>
   </div>
   <div class='ocr_carea' id='block_1_2' title="bbox 365 1016 1853 5365">
    <p class='ocr_par' dir='ltr' id='par_1_2' title="bbox 365 1016 1853 5365">
     <span class='ocr_line' id='line_1_2' title="bbox 457 1016 1829 1100; baseline -0.004 -15"><span class='ocrx_word' id='word_1_5' title='bbox 457 1023 487 1085; x_wconf 91' lang='lat' dir='ltr'><strong>in</strong></span> <span class='ocrx_word' id='word_1_6' title='bbox 510 1021 654 1086; x_wconf 72' lang='lat' dir='ltr'><strong>Oratione</strong></span> <span class='ocrx_word' id='word_1_7' title='bbox 678 1022 716 1084; x_wconf 91' lang='lat' dir='ltr'><strong>dc</strong></span> <span class='ocrx_word' id='word_1_8' title='bbox 737 1029 818 1085; x_wconf 88' lang='lat' dir='ltr'><strong>statu</strong></span> <span class='ocrx_word' id='word_1_9' title='bbox 839 1021 1043 1083; x_wconf 86' lang='lat' dir='ltr'><strong>Ecclesiarum</strong></span> <span class='ocrx_word' id='word_1_10' title='bbox 1065 1019 1095 1080; x_wconf 91' lang='lat' dir='ltr'><strong>in</strong></span> <span class='ocrx_word' id='word_1_11' title='bbox 1119 1017 1248 1081; x_wconf 80' lang='lat' dir='ltr'><strong>Graecia</strong></span> <span class='ocrx_word' id='word_1_12' title='bbox 1270 1024 1301 1080; x_wconf 90' lang='lat' dir='ltr'><strong>et</strong></span> <span class='ocrx_word' id='word_1_13' title='bbox 1322 1016 1410 1095; x_wconf 78' lang='lat' dir='ltr'><strong>Asia,</strong></span> <span class='ocrx_word' id='word_1_14' title='bbox 1440 1037 1498 1100; x_wconf 89' lang='lat' dir='ltr'><strong>qua</strong></span> <span class='ocrx_word' id='word_1_15' title='bbox 1526 1018 1734 1082; x_wconf 80' lang='lat' dir='ltr'>lucubratione</span> <span class='ocrx_word' id='word_1_16' title='bbox 1756 1018 1829 1080; x_wconf 92' lang='lat' dir='ltr'><strong>nibil</strong></span> 
     </span>
     <span class='ocr_line' id='line_1_3' title="bbox 459 1114 1827 1202; baseline -0.003 -19"><span class='ocrx_word' id='word_1_17' title='bbox 459 1122 587 1185; x_wconf 80' lang='lat' dir='ltr'><strong>fortasse</strong></span> <span class='ocrx_word' id='word_1_18' title='bbox 616 1140 746 1202; x_wconf 89' lang='lat' dir='ltr'><strong>unquam</strong></span> <span class='ocrx_word' id='word_1_19' title='bbox 773 1120 885 1202; x_wconf 92' lang='lat' dir='ltr'><strong>prodiit</strong></span> <span class='ocrx_word' id='word_1_20' title='bbox 913 1117 1031 1197; x_wconf 80' lang='lat' dir='ltr'><strong>falsius,</strong></span> <span class='ocrx_word' id='word_1_21' title='bbox 1061 1115 1210 1180; x_wconf 73' lang='lat' dir='ltr'><strong>indoctius</strong></span> <span class='ocrx_word' id='word_1_22' title='bbox 1233 1123 1283 1178; x_wconf 86' lang='lat' dir='ltr'><strong>aut</strong></span> <span class='ocrx_word' id='word_1_23' title='bbox 1306 1114 1455 1180; x_wconf 80' lang='lat' dir='ltr'><strong>infantius.</strong></span> <span class='ocrx_word' id='word_1_24' title='bbox 1500 1117 1541 1180; x_wconf 81' lang='lat' dir='ltr'><strong>m</strong></span> <span class='ocrx_word' id='word_1_25' title='bbox 1563 1136 1602 1181; x_wconf 93' lang='lat' dir='ltr'><strong>ne</strong></span> <span class='ocrx_word' id='word_1_26' title='bbox 1623 1117 1683 1181; x_wconf 91' lang='lat' dir='ltr'><strong>ulla</strong></span> <span class='ocrx_word' id='word_1_27' title='bbox 1706 1117 1827 1198; x_wconf 87' lang='lat' dir='ltr'><strong>quidem</strong></span> 
     </span>
     <span class='ocr_line' id='line_1_4' title="bbox 459 1215 1825 1304; baseline -0.003 -22"><span class='ocrx_word' id='word_1_28' title='bbox 459 1221 576 1284; x_wconf 90' lang='lat' dir='ltr'><strong>Graeca</strong></span> <span class='ocrx_word' id='word_1_29' title='bbox 603 1220 737 1304; x_wconf 79' lang='lat' dir='ltr'><strong>liturgia</strong></span> <span class='ocrx_word' id='word_1_30' title='bbox 769 1226 853 1283; x_wconf 92' lang='lat' dir='ltr'><strong>caret</strong></span> <span class='ocrx_word' id='word_1_31' title='bbox 881 1219 931 1280; x_wconf 90' lang='lat' dir='ltr'><strong>illa</strong></span> <span class='ocrx_word' id='word_1_32' title='bbox 959 1215 1100 1279; x_wconf 87' lang='lat' dir='ltr'><strong>sacrificii</strong></span> <span class='ocrx_word' id='word_1_33' title='bbox 1122 1216 1417 1295; x_wconf 75' lang='lat' dir='ltr'><strong>commemoratione,</strong></span> <span class='ocrx_word' id='word_1_34' title='bbox 1442 1235 1528 1297; x_wconf 90' lang='lat' dir='ltr'><strong>quam</strong></span> <span class='ocrx_word' id='word_1_35' title='bbox 1551 1217 1664 1298; x_wconf 90' lang='lat' dir='ltr'><strong>pariter</strong></span> <span class='ocrx_word' id='word_1_36' title='bbox 1685 1222 1825 1297; x_wconf 87' lang='lat' dir='ltr'><strong>repetunt</strong></span> 
     </span>
     <span class='ocr_line' id='line_1_5' title="bbox 457 1314 1823 1401; baseline -0.003 -19"><span class='ocrx_word' id='word_1_37' title='bbox 457 1321 608 1383; x_wconf 76' lang='lat' dir='ltr'><strong>multoties</strong></span> <span class='ocrx_word' id='word_1_38' title='bbox 632 1320 710 1401; x_wconf 78' lang='lat' dir='ltr'><strong>Syri,</strong></span> <span class='ocrx_word' id='word_1_39' title='bbox 734 1318 883 1400; x_wconf 85' lang='lat' dir='ltr'><strong>Coptitae,</strong></span> <span class='ocrx_word' id='word_1_40' title='bbox 905 1316 1085 1397; x_wconf 75' lang='lat' dir='ltr'><strong>Aethiopes,</strong></span> <span class='ocrx_word' id='word_1_41' title='bbox 1108 1333 1212 1378; x_wconf 90' lang='lat' dir='ltr'><strong>omnes</strong></span> <span class='ocrx_word' id='word_1_42' title='bbox 1235 1314 1355 1378; x_wconf 86' lang='lat' dir='ltr'><strong>tandem</strong></span> <span class='ocrx_word' id='word_1_43' title='bbox 1378 1315 1548 1379; x_wconf 86' lang='lat' dir='ltr'><strong>Orientales</strong></span> <span class='ocrx_word' id='word_1_44' title='bbox 1571 1318 1602 1379; x_wconf 93' lang='lat' dir='ltr'><strong>in</strong></span> <span class='ocrx_word' id='word_1_45' title='bbox 1624 1317 1696 1380; x_wconf 90' lang='lat' dir='ltr'><strong>suis.</strong></span> <span class='ocrx_word' id='word_1_46' title='bbox 1721 1315 1823 1378; x_wconf 84' lang='lat' dir='ltr'><strong>Grae-</strong></span> 
     </span>
     <span class='ocr_line' id='line_1_6' title="bbox 459 1413 1828 1495; baseline -0.004 -13"><span class='ocrx_word' id='word_1_47' title='bbox 459 1438 510 1482; x_wconf 90' lang='lat' dir='ltr'><strong>cas</strong></span> <span class='ocrx_word' id='word_1_48' title='bbox 531 1421 755 1482; x_wconf 89' lang='lat' dir='ltr'><strong>recentissimas</strong></span> <span class='ocrx_word' id='word_1_49' title='bbox 777 1418 982 1494; x_wconf 83' lang='lat' dir='ltr'><strong>arbitrantur,</strong></span> <span class='ocrx_word' id='word_1_50' title='bbox 1011 1414 1088 1478; x_wconf 91' lang='lat' dir='ltr'><strong>adeo</strong></span> <span class='ocrx_word' id='word_1_51' title='bbox 1111 1421 1142 1475; x_wconf 93' lang='lat' dir='ltr'><strong>ut</strong></span> <span class='ocrx_word' id='word_1_52' title='bbox 1165 1422 1293 1482; x_wconf 87' lang='lat' dir='ltr'><strong>aetatem</strong></span> <span class='ocrx_word' id='word_1_53' title='bbox 1316 1414 1430 1477; x_wconf 90' lang='lat' dir='ltr'><strong>illarum</strong></span> <span class='ocrx_word' id='word_1_54' title='bbox 1455 1415 1491 1477; x_wconf 89' lang='lat' dir='ltr'><strong>ad</strong></span> <span class='ocrx_word' id='word_1_55' title='bbox 1513 1413 1613 1477; x_wconf 82' lang='lat' dir='ltr'><strong>Alexii</strong></span> <span class='ocrx_word' id='word_1_56' title='bbox 1635 1415 1828 1495; x_wconf 87' lang='lat' dir='ltr'><strong>lmperatoris</strong></span> 
     </span>
     <span class='ocr_line' id='line_1_7' title="bbox 457 1512 1828 1595; baseline -0.001 -15"><span class='ocrx_word' id='word_1_57' title='bbox 457 1526 586 1582; x_wconf 89' lang='lat' dir='ltr'><strong>aetatem</strong></span> <span class='ocrx_word' id='word_1_58' title='bbox 608 1517 733 1580; x_wconf 86' lang='lat' dir='ltr'><strong>Rivetus</strong></span> <span class='ocrx_word' id='word_1_59' title='bbox 755 1515 957 1580; x_wconf 89' lang='lat' dir='ltr'><strong>revocandam</strong></span> <span class='ocrx_word' id='word_1_60' title='bbox 979 1515 1140 1577; x_wconf 87' lang='lat' dir='ltr'><strong>censuerit.</strong></span> <span class='ocrx_word' id='word_1_61' title='bbox 1171 1514 1282 1575; x_wconf 89' lang='lat' dir='ltr'><strong>Verum</strong></span> <span class='ocrx_word' id='word_1_62' title='bbox 1305 1512 1502 1576; x_wconf 88' lang='lat' dir='ltr'><strong>Nestorianas</strong></span> <span class='ocrx_word' id='word_1_63' title='bbox 1525 1532 1602 1595; x_wconf 91' lang='lat' dir='ltr'><strong>quae</strong></span> <span class='ocrx_word' id='word_1_64' title='bbox 1625 1514 1745 1577; x_wconf 86' lang='lat' dir='ltr'><strong>Criticis</strong></span> <span class='ocrx_word' id='word_1_65' title='bbox 1768 1514 1828 1578; x_wconf 92' lang='lat' dir='ltr'><strong>illis</strong></span> 
     </span>
     <span class='ocr_line' id='line_1_8' title="bbox 459 1612 1827 1702; baseline -0.003 -22"><span class='ocrx_word' id='word_1_66' title='bbox 459 1619 584 1702; x_wconf 84' lang='lat' dir='ltr'><strong>ignotae</strong></span> <span class='ocrx_word' id='word_1_67' title='bbox 608 1617 745 1695; x_wconf 85' lang='lat' dir='ltr'><strong>luerunt,</strong></span> <span class='ocrx_word' id='word_1_68' title='bbox 775 1617 919 1697; x_wconf 89' lang='lat' dir='ltr'><strong>majorem</strong></span> <span class='ocrx_word' id='word_1_69' title='bbox 948 1613 1063 1694; x_wconf 89' lang='lat' dir='ltr'><strong>aliquot</strong></span> <span class='ocrx_word' id='word_1_70' title='bbox 1091 1612 1223 1675; x_wconf 85' lang='lat' dir='ltr'><strong>saeculis</strong></span> <span class='ocrx_word' id='word_1_71' title='bbox 1254 1612 1458 1692; x_wconf 88' lang='lat' dir='ltr'><strong>antiquitatem</strong></span> <span class='ocrx_word' id='word_1_72' title='bbox 1487 1613 1600 1675; x_wconf 90' lang='lat' dir='ltr'><strong>habere</strong></span> <span class='ocrx_word' id='word_1_73' title='bbox 1630 1615 1827 1676; x_wconf 88' lang='lat' dir='ltr'><strong>certissimum</strong></span> 
     </span>
     <span class='ocr_line' id='line_1_9' title="bbox 460 1704 1827 1798; baseline -0.004 -18"><span class='ocrx_word' id='word_1_74' title='bbox 460 1725 517 1781; x_wconf 91' lang='lat' dir='ltr'><strong>est.</strong></span> <span class='ocrx_word' id='word_1_75' title='bbox 548 1718 591 1779; x_wconf 90' lang='lat' dir='ltr'><strong>lta</strong></span> <span class='ocrx_word' id='word_1_76' title='bbox 615 1717 706 1798; x_wconf 87' lang='lat' dir='ltr'><strong>longe</strong></span> <span class='ocrx_word' id='word_1_77' title='bbox 728 1723 797 1778; x_wconf 90' lang='lat' dir='ltr'><strong>anto</strong></span> <span class='ocrx_word' id='word_1_78' title='bbox 819 1713 1012 1795; x_wconf 83' lang='lat' dir='ltr'><strong>imaginarias</strong></span> <span class='ocrx_word' id='word_1_79' title='bbox 1034 1704 1098 1775; x_wconf 90' lang='lat' dir='ltr'><strong>illas</strong></span> <span class='ocrx_word' id='word_1_80' title='bbox 1112 1710 1261 1793; x_wconf 87' lang='lat' dir='ltr'><strong>Epochas,</strong></span> <span class='ocrx_word' id='word_1_81' title='bbox 1284 1730 1369 1792; x_wconf 83' lang='lat' dir='ltr'><strong>quas·</strong></span> <span class='ocrx_word' id='word_1_82' title='bbox 1382 1712 1619 1774; x_wconf 89' lang='lat' dir='ltr'><strong>Protestantibus</strong></span> <span class='ocrx_word' id='word_1_83' title='bbox 1642 1715 1692 1792; x_wconf 91' lang='lat' dir='ltr'><strong>qui</strong></span> <span class='ocrx_word' id='word_1_84' title='bbox 1715 1712 1827 1774; x_wconf 88' lang='lat' dir='ltr'><strong>similes</strong></span> 
     </span>
     <span class='ocr_line' id='line_1_10' title="bbox 459 1810 1827 1894; baseline -0.005 -15"><span class='ocrx_word' id='word_1_85' title='bbox 459 1826 582 1879; x_wconf 86' lang='lat' dir='ltr'><strong>autores</strong></span> <span class='ocrx_word' id='word_1_86' title='bbox 605 1813 741 1878; x_wconf 89' lang='lat' dir='ltr'><strong>studiose</strong></span> <span class='ocrx_word' id='word_1_87' title='bbox 765 1815 1004 1894; x_wconf 81' lang='lat' dir='ltr'><strong>exscripserunt,</strong></span> <span class='ocrx_word' id='word_1_88' title='bbox 1027 1810 1210 1874; x_wconf 88' lang='lat' dir='ltr'><strong>comminisci</strong></span> <span class='ocrx_word' id='word_1_89' title='bbox 1232 1810 1354 1891; x_wconf 86' lang='lat' dir='ltr'><strong>placuit,</strong></span> <span class='ocrx_word' id='word_1_90' title='bbox 1376 1810 1548 1873; x_wconf 91' lang='lat' dir='ltr'><strong>Nestoriani</strong></span> <span class='ocrx_word' id='word_1_91' title='bbox 1568 1811 1619 1891; x_wconf 93' lang='lat' dir='ltr'><strong>qui</strong></span> <span class='ocrx_word' id='word_1_92' title='bbox 1632 1810 1668 1872; x_wconf 93' lang='lat' dir='ltr'><strong>ab</strong></span> <span class='ocrx_word' id='word_1_93' title='bbox 1683 1811 1827 1893; x_wconf 89' lang='lat' dir='ltr'><strong>Ephesini</strong></span> 
     </span>
     <span class='ocr_line' id='line_1_11' title="bbox 460 1908 1827 1996; baseline -0.006 -17"><span class='ocrx_word' id='word_1_94' title='bbox 460 1915 585 1979; x_wconf 84' lang='lat' dir='ltr'><strong>Concilii</strong></span> <span class='ocrx_word' id='word_1_95' title='bbox 608 1924 755 1996; x_wconf 89' lang='lat' dir='ltr'><strong>tempore,</strong></span> <span class='ocrx_word' id='word_1_96' title='bbox 778 1914 887 1976; x_wconf 90' lang='lat' dir='ltr'><strong>nullam</strong></span> <span class='ocrx_word' id='word_1_97' title='bbox 911 1931 977 1975; x_wconf 89' lang='lat' dir='ltr'><strong>curn</strong></span> <span class='ocrx_word' id='word_1_98' title='bbox 1000 1909 1184 1973; x_wconf 84' lang='lat' dir='ltr'><strong>Orthodoxis</strong></span> <span class='ocrx_word' id='word_1_99' title='bbox 1208 1908 1419 1988; x_wconf 87' lang='lat' dir='ltr'><strong>Orientalibus,</strong></span> <span class='ocrx_word' id='word_1_100' title='bbox 1442 1909 1535 1971; x_wconf 90' lang='lat' dir='ltr'><strong>multo</strong></span> <span class='ocrx_word' id='word_1_101' title='bbox 1558 1910 1654 1972; x_wconf 90' lang='lat' dir='ltr'><strong>minus</strong></span> <span class='ocrx_word' id='word_1_102' title='bbox 1677 1928 1744 1971; x_wconf 91' lang='lat' dir='ltr'><strong>cum</strong></span> <span class='ocrx_word' id='word_1_103' title='bbox 1764 1910 1827 1972; x_wconf 92' lang='lat' dir='ltr'><strong>La·</strong></span> 
     </span>
     <span class='ocr_line' id='line_1_12' title="bbox 459 2006 1825 2089; baseline -0.007 -11"><span class='ocrx_word' id='word_1_104' title='bbox 459 2017 527 2078; x_wconf 91' lang='lat' dir='ltr'><strong>tinis</strong></span> <span class='ocrx_word' id='word_1_105' title='bbox 551 2016 787 2077; x_wconf 87' lang='lat' dir='ltr'><strong>communionem</strong></span> <span class='ocrx_word' id='word_1_106' title='bbox 809 2012 987 2089; x_wconf 89' lang='lat' dir='ltr'><strong>habuerunt,</strong></span> <span class='ocrx_word' id='word_1_107' title='bbox 1010 2010 1175 2073; x_wconf 90' lang='lat' dir='ltr'><strong>doctrinam</strong></span> <span class='ocrx_word' id='word_1_108' title='bbox 1197 2006 1236 2070; x_wconf 90' lang='lat' dir='ltr'><strong>de</strong></span> <span class='ocrx_word' id='word_1_109' title='bbox 1257 2008 1404 2071; x_wconf 86' lang='lat' dir='ltr'><strong>sacrificio</strong></span> <span class='ocrx_word' id='word_1_110' title='bbox 1422 2008 1629 2072; x_wconf 87' lang='lat' dir='ltr'><strong>Eucharistiae</strong></span> <span class='ocrx_word' id='word_1_111' title='bbox 1652 2008 1825 2071; x_wconf 80' lang='lat' dir='ltr'><strong>familiarem</strong></span> 
     </span>
     <span class='ocr_line' id='line_1_13' title="bbox 458 2106 1827 2194; baseline -0.006 -18"><span class='ocrx_word' id='word_1_112' title='bbox 458 2114 624 2191; x_wconf 89' lang='lat' dir='ltr'><strong>habebant,</strong></span> <span class='ocrx_word' id='word_1_113' title='bbox 649 2121 680 2176; x_wconf 88' lang='lat' dir='ltr'><strong>et</strong></span> <span class='ocrx_word' id='word_1_114' title='bbox 701 2111 783 2194; x_wconf 91' lang='lat' dir='ltr'><strong>plebi</strong></span> <span class='ocrx_word' id='word_1_115' title='bbox 805 2113 884 2174; x_wconf 92' lang='lat' dir='ltr'><strong>inter</strong></span> <span class='ocrx_word' id='word_1_116' title='bbox 906 2128 1061 2173; x_wconf 89' lang='lat' dir='ltr'><strong>sacromm</strong></span> <span class='ocrx_word' id='word_1_117' title='bbox 1082 2109 1227 2171; x_wconf 89' lang='lat' dir='ltr'><strong>solemnia</strong></span> <span class='ocrx_word' id='word_1_118' title='bbox 1249 2107 1446 2172; x_wconf 82' lang='lat' dir='ltr'><strong>inculcabant.</strong></span> <span class='ocrx_word' id='word_1_119' title='bbox 1491 2108 1569 2171; x_wconf 89' lang='lat' dir='ltr'><strong>Nihil</strong></span> <span class='ocrx_word' id='word_1_120' title='bbox 1593 2126 1685 2190; x_wconf 91' lang='lat' dir='ltr'><strong>porro</strong></span> <span class='ocrx_word' id='word_1_121' title='bbox 1708 2106 1827 2189; x_wconf 89' lang='lat' dir='ltr'><strong>simpli-</strong></span> 
     </span>
     <span class='ocr_line' id='line_1_14' title="bbox 460 2200 1826 2291; baseline -0.006 -15"><span class='ocrx_word' id='word_1_122' title='bbox 460 2214 524 2276; x_wconf 91' lang='lat' dir='ltr'><strong>cius</strong></span> <span class='ocrx_word' id='word_1_123' title='bbox 547 2220 578 2276; x_wconf 91' lang='lat' dir='ltr'><strong>et</strong></span> <span class='ocrx_word' id='word_1_124' title='bbox 601 2211 711 2274; x_wconf 87' lang='lat' dir='ltr'><strong>clarius</strong></span> <span class='ocrx_word' id='word_1_125' title='bbox 726 2200 793 2273; x_wconf 77' lang='lat' dir='ltr'><strong>&#39;hoe</strong></span> <span class='ocrx_word' id='word_1_126' title='bbox 815 2212 845 2272; x_wconf 94' lang='lat' dir='ltr'><strong>in</strong></span> <span class='ocrx_word' id='word_1_127' title='bbox 868 2217 1044 2291; x_wconf 83' lang='lat' dir='ltr'><strong>argumento</strong></span> <span class='ocrx_word' id='word_1_128' title='bbox 1067 2209 1126 2272; x_wconf 93' lang='lat' dir='ltr'><strong>dici</strong></span> <span class='ocrx_word' id='word_1_129' title='bbox 1149 2213 1286 2289; x_wconf 89' lang='lat' dir='ltr'><strong>poterat,</strong></span> <span class='ocrx_word' id='word_1_130' title='bbox 1310 2226 1396 2287; x_wconf 89' lang='lat' dir='ltr'><strong>quam</strong></span> <span class='ocrx_word' id='word_1_131' title='bbox 1419 2226 1497 2289; x_wconf 90' lang='lat' dir='ltr'><strong>quae</strong></span> <span class='ocrx_word' id='word_1_132' title='bbox 1519 2209 1622 2288; x_wconf 89' lang='lat' dir='ltr'><strong>paucis</strong></span> <span class='ocrx_word' id='word_1_133' title='bbox 1643 2207 1701 2269; x_wconf 91' lang='lat' dir='ltr'><strong>illis</strong></span> <span class='ocrx_word' id='word_1_134' title='bbox 1725 2207 1826 2269; x_wconf 91' lang='lat' dir='ltr'><strong>verbis</strong></span> 
     </span>
     <span class='ocr_line' id='line_1_15' title="bbox 461 2306 1826 2393; baseline -0.004 -19"><span class='ocrx_word' id='word_1_135' title='bbox 461 2313 680 2393; x_wconf 86' lang='lat' dir='ltr'><strong>exprimuntur.</strong></span> <span class='ocrx_word' id='word_1_136' title='bbox 726 2309 836 2373; x_wconf 85' lang='lat' dir='ltr'><strong>Olierri</strong></span> <span class='ocrx_word' id='word_1_137' title='bbox 859 2308 1153 2393; x_wconf 25' lang='lat' dir='ltr'><strong>dicunthestoriani</strong></span> <span class='ocrx_word' id='word_1_138' title='bbox 1175 2306 1365 2369; x_wconf 90' lang='lat' dir='ltr'><strong>Oblationem</strong></span> <span class='ocrx_word' id='word_1_139' title='bbox 1387 2307 1486 2368; x_wconf 84' lang='lat' dir='ltr'><strong>vivam</strong></span> <span class='ocrx_word' id='word_1_140' title='bbox 1509 2315 1539 2369; x_wconf 89' lang='lat' dir='ltr'><strong>et</strong></span> <span class='ocrx_word' id='word_1_141' title='bbox 1565 2306 1756 2382; x_wconf 90' lang='lat' dir='ltr'><strong>rationalem,</strong></span> <span class='ocrx_word' id='word_1_142' title='bbox 1785 2309 1826 2369; x_wconf 91' lang='lat' dir='ltr'><strong>ita</strong></span> 
     </span>
     <span class='ocr_line' id='line_1_16' title="bbox 461 2405 1827 2492; baseline -0.004 -19"><span class='ocrx_word' id='word_1_143' title='bbox 461 2413 573 2491; x_wconf 93' lang='lat' dir='ltr'><strong>quippe</strong></span> <span class='ocrx_word' id='word_1_144' title='bbox 595 2410 790 2492; x_wconf 84' lang='lat' dir='ltr'><strong>rigidiuscule</strong></span> <span class='ocrx_word' id='word_1_145' title='bbox 813 2409 1006 2489; x_wconf 89' lang='lat' dir='ltr'><strong>interpretari</strong></span> <span class='ocrx_word' id='word_1_146' title='bbox 1029 2413 1179 2489; x_wconf 87' lang='lat' dir='ltr'><strong>praestat,</strong></span> <span class='ocrx_word' id='word_1_147' title='bbox 1210 2424 1297 2486; x_wconf 89' lang='lat' dir='ltr'><strong>quam</strong></span> <span class='ocrx_word' id='word_1_148' title='bbox 1325 2405 1513 2469; x_wconf 90' lang='lat' dir='ltr'><strong>accuratiore</strong></span> <span class='ocrx_word' id='word_1_149' title='bbox 1536 2413 1566 2468; x_wconf 91' lang='lat' dir='ltr'><strong>et</strong></span> <span class='ocrx_word' id='word_1_150' title='bbox 1589 2408 1625 2469; x_wconf 89' lang='lat' dir='ltr'><strong>ad</strong></span> <span class='ocrx_word' id='word_1_151' title='bbox 1648 2408 1827 2469; x_wconf 86' lang='lat' dir='ltr'><strong>sententiam</strong></span> 
     </span>
     <span class='ocr_line' id='line_1_17' title="bbox 460 2503 1826 2594; baseline -0.004 -22"><span class='ocrx_word' id='word_1_152' title='bbox 460 2511 574 2594; x_wconf 86' lang='lat' dir='ltr'><strong>magis,</strong></span> <span class='ocrx_word' id='word_1_153' title='bbox 608 2528 695 2593; x_wconf 85' lang='lat' dir='ltr'><strong>quarn</strong></span> <span class='ocrx_word' id='word_1_154' title='bbox 725 2509 762 2571; x_wconf 89' lang='lat' dir='ltr'><strong>ad</strong></span> <span class='ocrx_word' id='word_1_155' title='bbox 788 2510 854 2589; x_wconf 88' lang='lat' dir='ltr'><strong>ipsa</strong></span> <span class='ocrx_word' id='word_1_156' title='bbox 876 2508 970 2570; x_wconf 87' lang='lat' dir='ltr'><strong>verba</strong></span> <span class='ocrx_word' id='word_1_157' title='bbox 993 2506 1217 2570; x_wconf 88' lang='lat' dir='ltr'><strong>accommodata</strong></span> <span class='ocrx_word' id='word_1_158' title='bbox 1238 2505 1504 2585; x_wconf 81' lang='lat' dir='ltr'><strong>interpretatione,</strong></span> <span class='ocrx_word' id='word_1_159' title='bbox 1533 2503 1697 2568; x_wconf 86' lang='lat' dir='ltr'><strong>calumniae</strong></span> <span class='ocrx_word' id='word_1_160' title='bbox 1726 2505 1826 2567; x_wconf 89' lang='lat' dir='ltr'><strong>locum</strong></span> 
     </span>
     <span class='ocr_line' id='line_1_18' title="bbox 461 2603 1825 2687; baseline -0.006 -15"><span class='ocrx_word' id='word_1_161' title='bbox 461 2610 544 2674; x_wconf 88' lang='lat' dir='ltr'><strong>dare.</strong></span> <span class='ocrx_word' id='word_1_162' title='bbox 566 2609 690 2671; x_wconf 84' lang='lat' dir='ltr'><strong>llirihca</strong></span> <span class='ocrx_word' id='word_1_163' title='bbox 704 2608 787 2686; x_wconf 71' lang='lat' dir='ltr'><strong>enirn,</strong></span> <span class='ocrx_word' id='word_1_164' title='bbox 796 2613 843 2669; x_wconf 88' lang='lat' dir='ltr'><strong>est</strong></span> <span class='ocrx_word' id='word_1_165' title='bbox 859 2606 1042 2669; x_wconf 90' lang='lat' dir='ltr'><strong>eruditorum</strong></span> <span class='ocrx_word' id='word_1_166' title='bbox 1064 2604 1257 2687; x_wconf 88' lang='lat' dir='ltr'><strong>quommdam</strong></span> <span class='ocrx_word' id='word_1_167' title='bbox 1281 2603 1510 2666; x_wconf 89' lang='lat' dir='ltr'><strong>Protestantium</strong></span> <span class='ocrx_word' id='word_1_168' title='bbox 1533 2605 1640 2686; x_wconf 93' lang='lat' dir='ltr'><strong>religio</strong></span> <span class='ocrx_word' id='word_1_169' title='bbox 1663 2606 1692 2667; x_wconf 93' lang='lat' dir='ltr'><strong>in</strong></span> <span class='ocrx_word' id='word_1_170' title='bbox 1715 2604 1825 2686; x_wconf 88' lang='lat' dir='ltr'><strong>linguis</strong></span> 
     </span>
     <span class='ocr_line' id='line_1_19' title="bbox 365 2695 1827 2788; baseline -0.005 -17"><span class='ocrx_word' id='word_1_171' title='bbox 365 2695 369 2701; x_wconf 64' lang='grc'><strong>’</strong></span> <span class='ocrx_word' id='word_1_172' title='bbox 461 2708 664 2772; x_wconf 85' lang='lat' dir='ltr'><strong>Orientalibus</strong></span> <span class='ocrx_word' id='word_1_173' title='bbox 687 2707 918 2788; x_wconf 88' lang='lat' dir='ltr'><strong>interpretandis</strong></span> <span class='ocrx_word' id='word_1_174' title='bbox 941 2725 981 2768; x_wconf 83' lang='lat' dir='ltr'><strong>ex</strong></span> <span class='ocrx_word' id='word_1_175' title='bbox 1004 2714 1103 2786; x_wconf 73' lang='lat' dir='ltr'><strong>etymo</strong></span> <span class='ocrx_word' id='word_1_176' title='bbox 1128 2705 1229 2784; x_wconf 88' lang='lat' dir='ltr'><strong>aliquo</strong></span> <span class='ocrx_word' id='word_1_177' title='bbox 1251 2702 1413 2779; x_wconf 89' lang='lat' dir='ltr'><strong>llebraico,</strong></span> <span class='ocrx_word' id='word_1_178' title='bbox 1434 2703 1516 2766; x_wconf 90' lang='lat' dir='ltr'><strong>nulla</strong></span> <span class='ocrx_word' id='word_1_179' title='bbox 1537 2703 1575 2765; x_wconf 88' lang='lat' dir='ltr'><strong>ad</strong></span> <span class='ocrx_word' id='word_1_180' title='bbox 1597 2703 1696 2766; x_wconf 90' lang='lat' dir='ltr'><strong>stilum</strong></span> <span class='ocrx_word' id='word_1_181' title='bbox 1713 2703 1827 2765; x_wconf 87' lang='lat' dir='ltr'><strong>Eccle-</strong></span> 
     </span>
     <span class='ocr_line' id='line_1_20' title="bbox 461 2803 1826 2886; baseline -0.005 -15"><span class='ocrx_word' id='word_1_182' title='bbox 461 2810 613 2871; x_wconf 88' lang='lat' dir='ltr'><strong>siasticum</strong></span> <span class='ocrx_word' id='word_1_183' title='bbox 643 2806 742 2869; x_wconf 87' lang='lat' dir='ltr'><strong>habita</strong></span> <span class='ocrx_word' id='word_1_184' title='bbox 769 2807 904 2883; x_wconf 90' lang='lat' dir='ltr'><strong>ratione,</strong></span> <span class='ocrx_word' id='word_1_185' title='bbox 933 2823 1033 2886; x_wconf 89' lang='lat' dir='ltr'><strong>aquo</strong></span> <span class='ocrx_word' id='word_1_186' title='bbox 1062 2814 1159 2868; x_wconf 89' lang='lat' dir='ltr'><strong>tamen</strong></span> <span class='ocrx_word' id='word_1_187' title='bbox 1181 2820 1290 2864; x_wconf 84' lang='lat' dir='ltr'><strong>vocum</strong></span> <span class='ocrx_word' id='word_1_188' title='bbox 1313 2803 1350 2865; x_wconf 90' lang='lat' dir='ltr'><strong>ad</strong></span> <span class='ocrx_word' id='word_1_189' title='bbox 1375 2803 1570 2884; x_wconf 86' lang='lat' dir='ltr'><strong>Theologiam</strong></span> <span class='ocrx_word' id='word_1_190' title='bbox 1592 2805 1727 2885; x_wconf 91' lang='lat' dir='ltr'><strong>ritusque</strong></span> <span class='ocrx_word' id='word_1_191' title='bbox 1749 2821 1826 2884; x_wconf 88' lang='lat' dir='ltr'><strong>spe-</strong></span> 
     </span>
     <span class='ocr_line' id='line_1_21' title="bbox 459 2902 1825 2989; baseline -0.004 -19"><span class='ocrx_word' id='word_1_192' title='bbox 459 2909 599 2970; x_wconf 88' lang='lat' dir='ltr'><strong>ctantium</strong></span> <span class='ocrx_word' id='word_1_193' title='bbox 622 2905 800 2989; x_wconf 85' lang='lat' dir='ltr'><strong>significatio</strong></span> <span class='ocrx_word' id='word_1_194' title='bbox 823 2922 883 2966; x_wconf 94' lang='lat' dir='ltr'><strong>non</strong></span> <span class='ocrx_word' id='word_1_195' title='bbox 906 2903 1026 2966; x_wconf 91' lang='lat' dir='ltr'><strong>aliunde</strong></span> <span class='ocrx_word' id='word_1_196' title='bbox 1052 2903 1182 2984; x_wconf 89' lang='lat' dir='ltr'><strong>petenda</strong></span> <span class='ocrx_word' id='word_1_197' title='bbox 1201 2909 1257 2965; x_wconf 87' lang='lat' dir='ltr'><strong>est.</strong></span> <span class='ocrx_word' id='word_1_198' title='bbox 1290 2903 1358 2964; x_wconf 86' lang='lat' dir='ltr'><strong>Vox</strong></span> <span class='ocrx_word' id='word_1_199' title='bbox 1370 2902 1493 2984; x_wconf 82' lang='lat' dir='ltr'><strong>Syriaca</strong></span> <span class='ocrx_word' id='word_1_200' title='bbox 1516 2913 1634 2989; x_wconf 63' lang='lat' dir='ltr'><strong>atati?</strong></span> <span class='ocrx_word' id='word_1_201' title='bbox 1651 2903 1825 2981; x_wconf 75' lang='lat' dir='ltr'><strong>liorabonn,</strong></span> 
     </span>
     <span class='ocr_line' id='line_1_22' title="bbox 460 3001 1826 3086; baseline -0.006 -16"><span class='ocrx_word' id='word_1_202' title='bbox 460 3008 639 3070; x_wconf 83' lang='lat' dir='ltr'><strong>oblationem</strong></span> <span class='ocrx_word' id='word_1_203' title='bbox 661 3004 825 3086; x_wconf 60' lang='lat' dir='ltr'><strong>significan</strong></span> <span class='ocrx_word' id='word_1_204' title='bbox 847 3010 881 3066; x_wconf 86' lang='lat' dir='ltr'><strong>ut</strong></span> <span class='ocrx_word' id='word_1_205' title='bbox 903 3005 990 3065; x_wconf 89' lang='lat' dir='ltr'><strong>etiam</strong></span> <span class='ocrx_word' id='word_1_206' title='bbox 1012 3002 1223 3081; x_wconf 74' lang='lat' dir='ltr'><strong>Sacrificium:</strong></span> <span class='ocrx_word' id='word_1_207' title='bbox 1246 3001 1287 3063; x_wconf 90' lang='lat' dir='ltr'><strong>ita</strong></span> <span class='ocrx_word' id='word_1_208' title='bbox 1300 3003 1388 3064; x_wconf 59' lang='lat' dir='ltr'><strong>‘verti</strong></span> <span class='ocrx_word' id='word_1_209' title='bbox 1409 3008 1511 3083; x_wconf 83' lang='lat' dir='ltr'><strong>potest</strong></span> <span class='ocrx_word' id='word_1_210' title='bbox 1532 3002 1742 3081; x_wconf 72' lang='lat' dir='ltr'><strong>Sacrificium,</strong></span> <span class='ocrx_word' id='word_1_211' title='bbox 1765 3018 1826 3063; x_wconf 92' lang='lat' dir='ltr'><strong>non</strong></span> 
     </span>
     <span class='ocr_line' id='line_1_23' title="bbox 459 3100 1825 3185; baseline -0.001 -20"><span class='ocrx_word' id='word_1_212' title='bbox 459 3107 555 3167; x_wconf 93' lang='lat' dir='ltr'><strong>minus</strong></span> <span class='ocrx_word' id='word_1_213' title='bbox 584 3123 672 3185; x_wconf 91' lang='lat' dir='ltr'><strong>quam</strong></span> <span class='ocrx_word' id='word_1_214' title='bbox 700 3103 829 3166; x_wconf 77' lang='lat' dir='ltr'><strong>odanto.</strong></span> <span class='ocrx_word' id='word_1_215' title='bbox 874 3101 934 3167; x_wconf 86' lang='lat' dir='ltr'><strong>Sed</strong></span> <span class='ocrx_word' id='word_1_216' title='bbox 956 3120 1085 3164; x_wconf 90' lang='lat' dir='ltr'><strong>necesse</strong></span> <span class='ocrx_word' id='word_1_217' title='bbox 1108 3118 1168 3162; x_wconf 93' lang='lat' dir='ltr'><strong>non</strong></span> <span class='ocrx_word' id='word_1_218' title='bbox 1191 3108 1255 3178; x_wconf 91' lang='lat' dir='ltr'><strong>est,</strong></span> <span class='ocrx_word' id='word_1_219' title='bbox 1287 3119 1355 3162; x_wconf 91' lang='lat' dir='ltr'><strong>curn</strong></span> <span class='ocrx_word' id='word_1_220' title='bbox 1376 3119 1438 3164; x_wconf 84' lang='lat' dir='ltr'><strong>vox</strong></span> <span class='ocrx_word' id='word_1_221' title='bbox 1460 3112 1579 3169; x_wconf 67' lang='lat' dir='ltr'><strong>etnim</strong></span> <span class='ocrx_word' id='word_1_222' title='bbox 1608 3100 1764 3163; x_wconf 80' lang='lat' dir='ltr'><strong>Debalihto</strong></span> <span class='ocrx_word' id='word_1_223' title='bbox 1787 3100 1825 3163; x_wconf 90' lang='lat' dir='ltr'><strong>de</strong></span> 
     </span>
     <span class='ocr_line' id='line_1_24' title="bbox 458 3193 1826 3287; baseline -0.005 -20"><span class='ocrx_word' id='word_1_224' title='bbox 458 3223 515 3285; x_wconf 93' lang='lat' dir='ltr'><strong>qua</strong></span> <span class='ocrx_word' id='word_1_225' title='bbox 540 3203 717 3287; x_wconf 83' lang='lat' dir='ltr'><strong>ambiguitas</strong></span> <span class='ocrx_word' id='word_1_226' title='bbox 740 3202 821 3265; x_wconf 90' lang='lat' dir='ltr'><strong>nulla</strong></span> <span class='ocrx_word' id='word_1_227' title='bbox 843 3209 892 3265; x_wconf 91' lang='lat' dir='ltr'><strong>est</strong></span> <span class='ocrx_word' id='word_1_228' title='bbox 913 3200 1047 3263; x_wconf 86' lang='lat' dir='ltr'><strong>Graecae</strong></span> <span class='ocrx_word' id='word_1_229' title='bbox 1064 3193 1170 3263; x_wconf 75' lang='lat' dir='ltr'><strong>Senia</strong></span> <span class='ocrx_word' id='word_1_230' title='bbox 1195 3200 1390 3279; x_wconf 89' lang='lat' dir='ltr'><strong>respondeat,</strong></span> <span class='ocrx_word' id='word_1_231' title='bbox 1414 3209 1445 3263; x_wconf 88' lang='lat' dir='ltr'><strong>et</strong></span> <span class='ocrx_word' id='word_1_232' title='bbox 1466 3201 1564 3262; x_wconf 89' lang='lat' dir='ltr'><strong>statim</strong></span> <span class='ocrx_word' id='word_1_233' title='bbox 1587 3198 1772 3281; x_wconf 89' lang='lat' dir='ltr'><strong>subjiciatur,</strong></span> <span class='ocrx_word' id='word_1_234' title='bbox 1795 3206 1826 3262; x_wconf 86' lang='lat' dir='ltr'><strong>et</strong></span> 
     </span>
     <span class='ocr_line' id='line_1_25' title="bbox 461 3296 1825 3383; baseline -0.002 -20"><span class='ocrx_word' id='word_1_235' title='bbox 461 3303 492 3365; x_wconf 94' lang='lat' dir='ltr'><strong>in</strong></span> <span class='ocrx_word' id='word_1_236' title='bbox 515 3302 658 3366; x_wconf 88' lang='lat' dir='ltr'><strong>Oratione</strong></span> <span class='ocrx_word' id='word_1_237' title='bbox 681 3301 838 3383; x_wconf 71' lang='lat' dir='ltr'><strong>prolixiori</strong></span> <span class='ocrx_word' id='word_1_238' title='bbox 862 3308 932 3381; x_wconf 91' lang='lat' dir='ltr'><strong>post</strong></span> <span class='ocrx_word' id='word_1_239' title='bbox 954 3302 1149 3381; x_wconf 90' lang='lat' dir='ltr'><strong>pronunciata</strong></span> <span class='ocrx_word' id='word_1_240' title='bbox 1174 3298 1285 3361; x_wconf 89' lang='lat' dir='ltr'><strong>Christi</strong></span> <span class='ocrx_word' id='word_1_241' title='bbox 1307 3298 1399 3361; x_wconf 81' lang='lat' dir='ltr'><strong>rerba</strong></span> <span class='ocrx_word' id='word_1_242' title='bbox 1429 3299 1548 3382; x_wconf 89' lang='lat' dir='ltr'><strong>legatur</strong></span> <span class='ocrx_word' id='word_1_243' title='bbox 1579 3299 1701 3360; x_wconf 91' lang='lat' dir='ltr'><strong>iterum:</strong></span> <span class='ocrx_word' id='word_1_244' title='bbox 1740 3296 1825 3378; x_wconf 75' lang='lat' dir='ltr'><strong>Offe-</strong></span> 
     </span>
     <span class='ocr_line' id='line_1_26' title="bbox 457 3398 1825 3480; baseline -0.004 -17"><span class='ocrx_word' id='word_1_245' title='bbox 457 3403 553 3463; x_wconf 86' lang='lat' dir='ltr'><strong>rimns</strong></span> <span class='ocrx_word' id='word_1_246' title='bbox 575 3402 631 3463; x_wconf 86' lang='lat' dir='ltr'><strong>tibi</strong></span> <span class='ocrx_word' id='word_1_247' title='bbox 650 3401 840 3480; x_wconf 76' lang='lat' dir='ltr'><strong>sacrificium</strong></span> <span class='ocrx_word' id='word_1_248' title='bbox 861 3400 1039 3475; x_wconf 75' lang='lat' dir='ltr'><strong>heroicam</strong></span> <span class='ocrx_word' id='word_1_249' title='bbox 1061 3407 1212 3476; x_wconf 78' lang='lat' dir='ltr'><strong>sanctam,</strong></span> <span class='ocrx_word' id='word_1_250' title='bbox 1231 3398 1430 3478; x_wconf 81' lang='lat' dir='ltr'><strong>acceptabile,</strong></span> <span class='ocrx_word' id='word_1_251' title='bbox 1449 3399 1645 3478; x_wconf 78' lang='lat' dir='ltr'><strong>praeclar-itm</strong></span> <span class='ocrx_word' id='word_1_252' title='bbox 1666 3405 1697 3458; x_wconf 82' lang='lat' dir='ltr'><strong>et</strong></span> <span class='ocrx_word' id='word_1_253' title='bbox 1717 3399 1825 3458; x_wconf 83' lang='lat' dir='ltr'><strong>incra-</strong></span> 
     </span>
     <span class='ocr_line' id='line_1_27' title="bbox 458 3495 1853 3582; baseline -0.001 -22"><span class='ocrx_word' id='word_1_254' title='bbox 458 3509 564 3561; x_wconf 86' lang='lat' dir='ltr'><strong>entam.</strong></span> <span class='ocrx_word' id='word_1_255' title='bbox 593 3500 705 3562; x_wconf 87' lang='lat' dir='ltr'><strong>Dicunt</strong></span> <span class='ocrx_word' id='word_1_256' title='bbox 728 3517 803 3582; x_wconf 85' lang='lat' dir='ltr'><strong>ergo</strong></span> <span class='ocrx_word' id='word_1_257' title='bbox 826 3499 1008 3576; x_wconf 88' lang='lat' dir='ltr'><strong>Nestoriani,</strong></span> <span class='ocrx_word' id='word_1_258' title='bbox 1031 3497 1136 3560; x_wconf 83' lang='lat' dir='ltr'><strong>offerri</strong></span> <span class='ocrx_word' id='word_1_259' title='bbox 1154 3497 1219 3559; x_wconf 86' lang='lat' dir='ltr'><strong>Deo</strong></span> <span class='ocrx_word' id='word_1_260' title='bbox 1232 3495 1412 3559; x_wconf 89' lang='lat' dir='ltr'><strong>oblationem</strong></span> <span class='ocrx_word' id='word_1_261' title='bbox 1436 3497 1533 3559; x_wconf 86' lang='lat' dir='ltr'><strong>vivam</strong></span> <span class='ocrx_word' id='word_1_262' title='bbox 1556 3504 1586 3558; x_wconf 90' lang='lat' dir='ltr'><strong>et</strong></span> <span class='ocrx_word' id='word_1_263' title='bbox 1607 3495 1853 3576; x_wconf 64' lang='lat' dir='ltr'><strong>rationabilem*</strong></span> 
     </span>
     <span class='ocr_line' id='line_1_28' title="bbox 458 3578 1824 3682; baseline 0 -22"><span class='ocrx_word' id='word_1_264' title='bbox 458 3587 588 3682; x_wconf 66' lang='grc' dir='ltr'><em>λθγικὴν</em></span> <span class='ocrx_word' id='word_1_265' title='bbox 610 3601 814 3679; x_wconf 72' lang='lat' dir='ltr'><strong>spiritualem,</strong></span> <span class='ocrx_word' id='word_1_266' title='bbox 843 3601 884 3662; x_wconf 89' lang='lat' dir='ltr'><strong>ita</strong></span> <span class='ocrx_word' id='word_1_267' title='bbox 913 3599 992 3661; x_wconf 90' lang='lat' dir='ltr'><strong>enim</strong></span> <span class='ocrx_word' id='word_1_268' title='bbox 1015 3616 1076 3661; x_wconf 87' lang='lat' dir='ltr'><strong>vox</strong></span> <span class='ocrx_word' id='word_1_269' title='bbox 1096 3598 1161 3678; x_wconf 92' lang='lat' dir='ltr'><strong>ipsa</strong></span> <span class='ocrx_word' id='word_1_270' title='bbox 1183 3578 1286 3664; x_wconf 59' lang='lat' dir='ltr'><strong>abiba</strong></span> <span class='ocrx_word' id='word_1_271' title='bbox 1308 3596 1435 3682; x_wconf 80' lang='lat' dir='ltr'><strong>intelligi</strong></span> <span class='ocrx_word' id='word_1_272' title='bbox 1457 3596 1564 3674; x_wconf 91' lang='lat' dir='ltr'><strong>dehet,</strong></span> <span class='ocrx_word' id='word_1_273' title='bbox 1594 3603 1628 3659; x_wconf 85' lang='lat' dir='ltr'><strong>ut</strong></span> <span class='ocrx_word' id='word_1_274' title='bbox 1657 3615 1697 3658; x_wconf 90' lang='lat' dir='ltr'><strong>ex</strong></span> <span class='ocrx_word' id='word_1_275' title='bbox 1725 3597 1824 3660; x_wconf 89' lang='lat' dir='ltr'><strong>multis</strong></span> 
     </span>
     <span class='ocr_line' id='line_1_29' title="bbox 457 3692 1825 3778; baseline -0.002 -20"><span class='ocrx_word' id='word_1_276' title='bbox 457 3698 609 3759; x_wconf 87' lang='lat' dir='ltr'><strong>versionis</strong></span> <span class='ocrx_word' id='word_1_277' title='bbox 627 3698 769 3778; x_wconf 82' lang='lat' dir='ltr'><strong>Syriacae</strong></span> <span class='ocrx_word' id='word_1_278' title='bbox 792 3698 868 3762; x_wconf 89' lang='lat' dir='ltr'><strong>locis</strong></span> <span class='ocrx_word' id='word_1_279' title='bbox 891 3698 1121 3765; x_wconf 87' lang='lat' dir='ltr'><strong>demonstratur.</strong></span> <span class='ocrx_word' id='word_1_280' title='bbox 1157 3696 1197 3759; x_wconf 80' lang='lat' dir='ltr'><strong>ht</strong></span> <span class='ocrx_word' id='word_1_281' title='bbox 1220 3696 1340 3760; x_wconf 87' lang='lat' dir='ltr'><strong>Oblatio</strong></span> <span class='ocrx_word' id='word_1_282' title='bbox 1361 3697 1433 3758; x_wconf 87' lang='lat' dir='ltr'><strong>oica</strong></span> <span class='ocrx_word' id='word_1_283' title='bbox 1455 3703 1486 3758; x_wconf 89' lang='lat' dir='ltr'><strong>et</strong></span> <span class='ocrx_word' id='word_1_284' title='bbox 1508 3697 1675 3775; x_wconf 75' lang='lat' dir='ltr'><strong>apirimabs</strong></span> <span class='ocrx_word' id='word_1_285' title='bbox 1696 3692 1825 3778; x_wconf 81' lang='lat' dir='ltr'><strong>intelligi</strong></span> 
     </span>
     <span class='ocr_line' id='line_1_30' title="bbox 459 3792 1824 3877; baseline 0 -22"><span class='ocrx_word' id='word_1_286' title='bbox 459 3795 515 3856; x_wconf 91' lang='lat' dir='ltr'><strong>alia</strong></span> <span class='ocrx_word' id='word_1_287' title='bbox 539 3813 598 3856; x_wconf 90' lang='lat' dir='ltr'><strong>non</strong></span> <span class='ocrx_word' id='word_1_288' title='bbox 620 3803 731 3877; x_wconf 89' lang='lat' dir='ltr'><strong>potest,</strong></span> <span class='ocrx_word' id='word_1_289' title='bbox 755 3814 841 3876; x_wconf 90' lang='lat' dir='ltr'><strong>quam</strong></span> <span class='ocrx_word' id='word_1_290' title='bbox 861 3796 980 3876; x_wconf 88' lang='lat' dir='ltr'><strong>Corpus</strong></span> <span class='ocrx_word' id='word_1_291' title='bbox 1002 3798 1102 3859; x_wconf 86' lang='lat' dir='ltr'><strong>vivum</strong></span> <span class='ocrx_word' id='word_1_292' title='bbox 1125 3794 1235 3858; x_wconf 85' lang='lat' dir='ltr'><strong>Christi</strong></span> <span class='ocrx_word' id='word_1_293' title='bbox 1258 3796 1386 3870; x_wconf 88' lang='lat' dir='ltr'><strong>Domini,</strong></span> <span class='ocrx_word' id='word_1_294' title='bbox 1410 3795 1489 3877; x_wconf 94' lang='lat' dir='ltr'><strong>quod</strong></span> <span class='ocrx_word' id='word_1_295' title='bbox 1513 3792 1640 3856; x_wconf 80' lang='lat' dir='ltr'><strong>offertur</strong></span> <span class='ocrx_word' id='word_1_296' title='bbox 1661 3812 1722 3858; x_wconf 94' lang='lat' dir='ltr'><strong>non</strong></span> <span class='ocrx_word' id='word_1_297' title='bbox 1744 3812 1824 3856; x_wconf 85' lang='lat' dir='ltr'><strong>sen-</strong></span> 
     </span>
     <span class='ocr_line' id='line_1_31' title="bbox 458 3893 1824 3986; baseline 0.001 -31"><span class='ocrx_word' id='word_1_298' title='bbox 458 3893 599 3986; x_wconf 89' lang='lat' dir='ltr'><strong>sibiliter,</strong></span> <span class='ocrx_word' id='word_1_299' title='bbox 629 3893 684 3957; x_wconf 90' lang='lat' dir='ltr'><strong>sed</strong></span> <span class='ocrx_word' id='word_1_300' title='bbox 711 3895 917 3976; x_wconf 87' lang='lat' dir='ltr'><strong>spiritualiter.</strong></span> <span class='ocrx_word' id='word_1_301' title='bbox 967 3896 1093 3959; x_wconf 83' lang='lat' dir='ltr'><strong>Victima</strong></span> <span class='ocrx_word' id='word_1_302' title='bbox 1115 3897 1202 3958; x_wconf 89' lang='lat' dir='ltr'><strong>etiam</strong></span> <span class='ocrx_word' id='word_1_303' title='bbox 1226 3913 1285 3958; x_wconf 93' lang='lat' dir='ltr'><strong>non</strong></span> <span class='ocrx_word' id='word_1_304' title='bbox 1307 3894 1461 3957; x_wconf 84' lang='lat' dir='ltr'><strong>immolata</strong></span> <span class='ocrx_word' id='word_1_305' title='bbox 1482 3894 1605 3972; x_wconf 89' lang='lat' dir='ltr'><strong>dicitur,</strong></span> <span class='ocrx_word' id='word_1_306' title='bbox 1633 3894 1702 3974; x_wconf 90' lang='lat' dir='ltr'><strong>quia</strong></span> <span class='ocrx_word' id='word_1_307' title='bbox 1725 3895 1824 3956; x_wconf 88' lang='lat' dir='ltr'><strong>sacri-</strong></span> 
     </span>
     <span class='ocr_line' id='line_1_32' title="bbox 458 3991 1825 4075; baseline 0.001 -22"><span class='ocrx_word' id='word_1_308' title='bbox 458 3992 555 4054; x_wconf 82' lang='lat' dir='ltr'><strong>ficium</strong></span> <span class='ocrx_word' id='word_1_309' title='bbox 576 3995 763 4055; x_wconf 89' lang='lat' dir='ltr'><strong>incruentum</strong></span> <span class='ocrx_word' id='word_1_310' title='bbox 786 4001 852 4070; x_wconf 91' lang='lat' dir='ltr'><strong>est,</strong></span> <span class='ocrx_word' id='word_1_311' title='bbox 876 3994 988 4075; x_wconf 85' lang='lat' dir='ltr'><strong>absque</strong></span> <span class='ocrx_word' id='word_1_312' title='bbox 1012 3995 1166 4057; x_wconf 91' lang='lat' dir='ltr'><strong>occisione</strong></span> <span class='ocrx_word' id='word_1_313' title='bbox 1185 3995 1341 4073; x_wconf 81' lang='lat' dir='ltr'><strong>victimae,</strong></span> <span class='ocrx_word' id='word_1_314' title='bbox 1365 4011 1443 4074; x_wconf 92' lang='lat' dir='ltr'><strong>quae</strong></span> <span class='ocrx_word' id='word_1_315' title='bbox 1464 3994 1534 4055; x_wconf 87' lang='lat' dir='ltr'><strong>viva</strong></span> <span class='ocrx_word' id='word_1_316' title='bbox 1557 4002 1588 4056; x_wconf 92' lang='lat' dir='ltr'><strong>et</strong></span> <span class='ocrx_word' id='word_1_317' title='bbox 1609 3991 1726 4075; x_wconf 89' lang='lat' dir='ltr'><strong>integra</strong></span> <span class='ocrx_word' id='word_1_318' title='bbox 1748 4010 1825 4074; x_wconf 90' lang='lat' dir='ltr'><strong>per-</strong></span> 
     </span>
     <span class='ocr_line' id='line_1_33' title="bbox 457 4090 1825 4173; baseline 0 -19"><span class='ocrx_word' id='word_1_319' title='bbox 457 4100 588 4154; x_wconf 86' lang='lat' dir='ltr'><strong>severat.</strong></span> <span class='ocrx_word' id='word_1_320' title='bbox 633 4091 749 4154; x_wconf 90' lang='lat' dir='ltr'><strong>Dicitur</strong></span> <span class='ocrx_word' id='word_1_321' title='bbox 770 4101 869 4154; x_wconf 90' lang='lat' dir='ltr'><strong>autem</strong></span> <span class='ocrx_word' id='word_1_322' title='bbox 892 4091 1011 4155; x_wconf 87' lang='lat' dir='ltr'><strong>Oblatio</strong></span> <span class='ocrx_word' id='word_1_323' title='bbox 1029 4095 1234 4172; x_wconf 84' lang='lat' dir='ltr'><strong>primitiaram</strong></span> <span class='ocrx_word' id='word_1_324' title='bbox 1255 4101 1440 4167; x_wconf 70' lang='lat' dir='ltr'><strong>normarum,</strong></span> <span class='ocrx_word' id='word_1_325' title='bbox 1462 4092 1530 4172; x_wconf 91' lang='lat' dir='ltr'><strong>quia</strong></span> <span class='ocrx_word' id='word_1_326' title='bbox 1550 4090 1685 4154; x_wconf 85' lang='lat' dir='ltr'><strong>Christus</strong></span> <span class='ocrx_word' id='word_1_327' title='bbox 1709 4093 1825 4173; x_wconf 92' lang='lat' dir='ltr'><strong>primo-</strong></span> 
     </span>
     <span class='ocr_line' id='line_1_34' title="bbox 457 4191 1822 4275; baseline 0.001 -23"><span class='ocrx_word' id='word_1_328' title='bbox 457 4192 578 4271; x_wconf 85' lang='lat' dir='ltr'><strong>genitus</strong></span> <span class='ocrx_word' id='word_1_329' title='bbox 608 4193 702 4254; x_wconf 91' lang='lat' dir='ltr'><strong>omnis</strong></span> <span class='ocrx_word' id='word_1_330' title='bbox 731 4200 904 4270; x_wconf 90' lang='lat' dir='ltr'><strong>creaturae,</strong></span> <span class='ocrx_word' id='word_1_331' title='bbox 934 4191 1042 4256; x_wconf 91' lang='lat' dir='ltr'><strong>obtulit</strong></span> <span class='ocrx_word' id='word_1_332' title='bbox 1064 4210 1098 4254; x_wconf 92' lang='lat' dir='ltr'><strong>se</strong></span> <span class='ocrx_word' id='word_1_333' title='bbox 1121 4194 1219 4275; x_wconf 89' lang='lat' dir='ltr'><strong>ipsum</strong></span> <span class='ocrx_word' id='word_1_334' title='bbox 1240 4192 1322 4271; x_wconf 86' lang='lat' dir='ltr'><strong>Deo,</strong></span> <span class='ocrx_word' id='word_1_335' title='bbox 1350 4210 1407 4273; x_wconf 94' lang='lat' dir='ltr'><strong>pro</strong></span> <span class='ocrx_word' id='word_1_336' title='bbox 1429 4191 1527 4255; x_wconf 89' lang='lat' dir='ltr'><strong>salute</strong></span> <span class='ocrx_word' id='word_1_337' title='bbox 1548 4191 1667 4254; x_wconf 90' lang='lat' dir='ltr'><strong>humani</strong></span> <span class='ocrx_word' id='word_1_338' title='bbox 1688 4192 1822 4272; x_wconf 80' lang='lat' dir='ltr'><strong>generis,</strong></span> 
     </span>
     <span class='ocr_line' id='line_1_35' title="bbox 457 4288 1823 4374; baseline -0.001 -24"><span class='ocrx_word' id='word_1_339' title='bbox 457 4308 549 4354; x_wconf 90' lang='lat' dir='ltr'><strong>verus</strong></span> <span class='ocrx_word' id='word_1_340' title='bbox 580 4291 686 4368; x_wconf 91' lang='lat' dir='ltr'><strong>homo,</strong></span> <span class='ocrx_word' id='word_1_341' title='bbox 715 4291 800 4354; x_wconf 91' lang='lat' dir='ltr'><strong>nobis</strong></span> <span class='ocrx_word' id='word_1_342' title='bbox 830 4311 887 4374; x_wconf 90' lang='lat' dir='ltr'><strong>per</strong></span> <span class='ocrx_word' id='word_1_343' title='bbox 915 4293 1013 4354; x_wconf 87' lang='lat' dir='ltr'><strong>omnia</strong></span> <span class='ocrx_word' id='word_1_344' title='bbox 1043 4292 1145 4354; x_wconf 89' lang='lat' dir='ltr'><strong>similis</strong></span> <span class='ocrx_word' id='word_1_345' title='bbox 1174 4291 1285 4369; x_wconf 85' lang='lat' dir='ltr'><strong>iactus,</strong></span> <span class='ocrx_word' id='word_1_346' title='bbox 1317 4299 1447 4372; x_wconf 84' lang='lat' dir='ltr'><strong>excepto</strong></span> <span class='ocrx_word' id='word_1_347' title='bbox 1476 4299 1613 4374; x_wconf 89' lang='lat' dir='ltr'><strong>peccato.</strong></span> <span class='ocrx_word' id='word_1_348' title='bbox 1657 4291 1690 4352; x_wconf 93' lang='lat' dir='ltr'><strong>ln</strong></span> <span class='ocrx_word' id='word_1_349' title='bbox 1717 4288 1823 4352; x_wconf 91' lang='lat' dir='ltr'><strong>eadem</strong></span> 
     </span>
     <span class='ocr_line' id='line_1_36' title="bbox 458 4387 1822 4473; baseline 0 -22"><span class='ocrx_word' id='word_1_350' title='bbox 458 4391 594 4453; x_wconf 88' lang='lat' dir='ltr'><strong>oratione</strong></span> <span class='ocrx_word' id='word_1_351' title='bbox 628 4411 684 4472; x_wconf 92' lang='lat' dir='ltr'><strong>per</strong></span> <span class='ocrx_word' id='word_1_352' title='bbox 721 4393 814 4454; x_wconf 89' lang='lat' dir='ltr'><strong>verba</strong></span> <span class='ocrx_word' id='word_1_353' title='bbox 842 4392 999 4473; x_wconf 89' lang='lat' dir='ltr'><strong>sequentia</strong></span> <span class='ocrx_word' id='word_1_354' title='bbox 1029 4390 1222 4454; x_wconf 86' lang='lat' dir='ltr'><strong>confirmatur</strong></span> <span class='ocrx_word' id='word_1_355' title='bbox 1250 4391 1360 4453; x_wconf 83' lang='lat' dir='ltr'><strong>eximie</strong></span> <span class='ocrx_word' id='word_1_356' title='bbox 1387 4399 1476 4454; x_wconf 90' lang='lat' dir='ltr'><strong>vetus</strong></span> <span class='ocrx_word' id='word_1_357' title='bbox 1504 4390 1659 4454; x_wconf 89' lang='lat' dir='ltr'><strong>Ecclesiae</strong></span> <span class='ocrx_word' id='word_1_358' title='bbox 1687 4389 1761 4451; x_wconf 86' lang='lat' dir='ltr'><strong>lidos</strong></span> <span class='ocrx_word' id='word_1_359' title='bbox 1784 4387 1822 4451; x_wconf 91' lang='lat' dir='ltr'><strong>de</strong></span> 
     </span>
     <span class='ocr_line' id='line_1_37' title="bbox 457 4488 1824 4571; baseline 0 -22"><span class='ocrx_word' id='word_1_360' title='bbox 457 4489 642 4552; x_wconf 84' lang='lat' dir='ltr'><strong>revelatione</strong></span> <span class='ocrx_word' id='word_1_361' title='bbox 673 4497 703 4552; x_wconf 92' lang='lat' dir='ltr'><strong>et</strong></span> <span class='ocrx_word' id='word_1_362' title='bbox 726 4492 957 4553; x_wconf 90' lang='lat' dir='ltr'><strong>annunciatione</strong></span> <span class='ocrx_word' id='word_1_363' title='bbox 978 4508 1035 4571; x_wconf 88' lang='lat' dir='ltr'><strong>per</strong></span> <span class='ocrx_word' id='word_1_364' title='bbox 1057 4489 1221 4571; x_wconf 92' lang='lat' dir='ltr'><strong>Prophetas</strong></span> <span class='ocrx_word' id='word_1_365' title='bbox 1244 4488 1322 4553; x_wconf 84' lang='lat' dir='ltr'><strong>facta</strong></span> <span class='ocrx_word' id='word_1_366' title='bbox 1344 4491 1481 4553; x_wconf 84' lang='lat' dir='ltr'><strong>sacrificii</strong></span> <span class='ocrx_word' id='word_1_367' title='bbox 1505 4488 1699 4571; x_wconf 86' lang='lat' dir='ltr'><strong>Evangelici,</strong></span> <span class='ocrx_word' id='word_1_368' title='bbox 1728 4504 1824 4567; x_wconf 89' lang='lat' dir='ltr'><strong>prae-</strong></span> 
     </span>
     <span class='ocr_line' id='line_1_38' title="bbox 460 4585 1824 4673; baseline -0.001 -24"><span class='ocrx_word' id='word_1_369' title='bbox 460 4587 547 4650; x_wconf 92' lang='lat' dir='ltr'><strong>dicati</strong></span> <span class='ocrx_word' id='word_1_370' title='bbox 570 4607 627 4669; x_wconf 94' lang='lat' dir='ltr'><strong>per</strong></span> <span class='ocrx_word' id='word_1_371' title='bbox 637 4589 814 4670; x_wconf 81' lang='lat' dir='ltr'><strong>Apostolos,</strong></span> <span class='ocrx_word' id='word_1_372' title='bbox 837 4598 1001 4670; x_wconf 83' lang='lat' dir='ltr'><strong>martyrum</strong></span> <span class='ocrx_word' id='word_1_373' title='bbox 1024 4590 1190 4652; x_wconf 91' lang='lat' dir='ltr'><strong>testimonio</strong></span> <span class='ocrx_word' id='word_1_374' title='bbox 1214 4589 1389 4669; x_wconf 82' lang='lat' dir='ltr'><strong>confirmati,</strong></span> <span class='ocrx_word' id='word_1_375' title='bbox 1412 4585 1824 4673; x_wconf 67' lang='lat' dir='ltr'><strong>quotidianoque&#39;Sacerdo·</strong></span> 
     </span>
     <span class='ocr_line' id='line_1_39' title="bbox 456 4686 1823 4772; baseline -0.001 -23"><span class='ocrx_word' id='word_1_376' title='bbox 456 4695 518 4749; x_wconf 85' lang='lat' dir='ltr'><strong>turn</strong></span> <span class='ocrx_word' id='word_1_377' title='bbox 541 4688 705 4751; x_wconf 89' lang='lat' dir='ltr'><strong>ministerio</strong></span> <span class='ocrx_word' id='word_1_378' title='bbox 729 4689 883 4766; x_wconf 83' lang='lat' dir='ltr'><strong>celebrati,</strong></span> <span class='ocrx_word' id='word_1_379' title='bbox 906 4706 923 4750; x_wconf 90' lang='lat' dir='ltr'><strong>a</strong></span> <span class='ocrx_word' id='word_1_380' title='bbox 945 4689 1068 4767; x_wconf 87' lang='lat' dir='ltr'><strong>Levitis,</strong></span> <span class='ocrx_word' id='word_1_381' title='bbox 1090 4689 1149 4753; x_wconf 90' lang='lat' dir='ltr'><strong>hoc</strong></span> <span class='ocrx_word' id='word_1_382' title='bbox 1164 4696 1210 4752; x_wconf 89' lang='lat' dir='ltr'><strong>est</strong></span> <span class='ocrx_word' id='word_1_383' title='bbox 1221 4691 1360 4753; x_wconf 82' lang='lat' dir='ltr'><strong>[liaconis</strong></span> <span class='ocrx_word' id='word_1_384' title='bbox 1372 4691 1492 4772; x_wconf 76' lang='lat' dir='ltr'><strong>portati,</strong></span> <span class='ocrx_word' id='word_1_385' title='bbox 1516 4691 1584 4770; x_wconf 93' lang='lat' dir='ltr'><strong>quia</strong></span> <span class='ocrx_word' id='word_1_386' title='bbox 1606 4686 1823 4749; x_wconf 82' lang='lat' dir='ltr'><strong>Eucharistiam</strong></span> 
     </span>
     <span class='ocr_line' id='line_1_40' title="bbox 457 4784 1824 4871; baseline -0.001 -23"><span class='ocrx_word' id='word_1_387' title='bbox 457 4787 638 4849; x_wconf 89' lang='lat' dir='ltr'><strong>distribuere</strong></span> <span class='ocrx_word' id='word_1_388' title='bbox 659 4807 764 4851; x_wconf 87' lang='lat' dir='ltr'><strong>munus</strong></span> <span class='ocrx_word' id='word_1_389' title='bbox 787 4788 906 4851; x_wconf 89' lang='lat' dir='ltr'><strong>illorum</strong></span> <span class='ocrx_word' id='word_1_390' title='bbox 928 4787 993 4866; x_wconf 87' lang='lat' dir='ltr'><strong>luit,</strong></span> <span class='ocrx_word' id='word_1_391' title='bbox 1017 4796 1123 4870; x_wconf 91' lang='lat' dir='ltr'><strong>estque</strong></span> <span class='ocrx_word' id='word_1_392' title='bbox 1146 4791 1304 4852; x_wconf 87' lang='lat' dir='ltr'><strong>etiamnum</strong></span> <span class='ocrx_word' id='word_1_393' title='bbox 1326 4791 1357 4852; x_wconf 93' lang='lat' dir='ltr'><strong>in</strong></span> <span class='ocrx_word' id='word_1_394' title='bbox 1378 4789 1534 4871; x_wconf 89' lang='lat' dir='ltr'><strong>plerisque</strong></span> <span class='ocrx_word' id='word_1_395' title='bbox 1555 4786 1699 4849; x_wconf 85' lang='lat' dir='ltr'><strong>Ecclesiis</strong></span> <span class='ocrx_word' id='word_1_396' title='bbox 1711 4784 1824 4849; x_wconf 91' lang='lat' dir='ltr'><strong>Orien-</strong></span> 
     </span>
     <span class='ocr_line' id='line_1_41' title="bbox 456 4883 1824 4967; baseline 0 -21"><span class='ocrx_word' id='word_1_397' title='bbox 456 4886 575 4949; x_wconf 89' lang='lat' dir='ltr'><strong>talibus.</strong></span> <span class='ocrx_word' id='word_1_398' title='bbox 621 4886 813 4967; x_wconf 84' lang='lat' dir='ltr'><strong>Signiicatur</strong></span> <span class='ocrx_word' id='word_1_399' title='bbox 845 4888 933 4950; x_wconf 89' lang='lat' dir='ltr'><strong>etiam</strong></span> <span class='ocrx_word' id='word_1_400' title='bbox 965 4888 1091 4950; x_wconf 85' lang='lat' dir='ltr'><strong>allectus</strong></span> <span class='ocrx_word' id='word_1_401' title='bbox 1122 4889 1324 4964; x_wconf 90' lang='lat' dir='ltr'><strong>Sacramenti,</strong></span> <span class='ocrx_word' id='word_1_402' title='bbox 1359 4907 1426 4951; x_wconf 90' lang='lat' dir='ltr'><strong>cum</strong></span> <span class='ocrx_word' id='word_1_403' title='bbox 1458 4886 1577 4949; x_wconf 90' lang='lat' dir='ltr'><strong>dicitur:</strong></span> <span class='ocrx_word' id='word_1_404' title='bbox 1614 4886 1716 4967; x_wconf 91' lang='lat' dir='ltr'><strong>populi</strong></span> <span class='ocrx_word' id='word_1_405' title='bbox 1750 4883 1824 4947; x_wconf 90' lang='lat' dir='ltr'><strong>illud</strong></span> 
     </span>
     <span class='ocr_line' id='line_1_42' title="bbox 457 4984 1822 5071; baseline -0.001 -25"><span class='ocrx_word' id='word_1_406' title='bbox 457 4985 608 5066; x_wconf 88' lang='lat' dir='ltr'><strong>accipiunt</strong></span> <span class='ocrx_word' id='word_1_407' title='bbox 630 4985 667 5047; x_wconf 90' lang='lat' dir='ltr'><strong>ad</strong></span> <span class='ocrx_word' id='word_1_408' title='bbox 691 4988 897 5050; x_wconf 90' lang='lat' dir='ltr'><strong>remissionem</strong></span> <span class='ocrx_word' id='word_1_409' title='bbox 916 4995 1120 5068; x_wconf 90' lang='lat' dir='ltr'><strong>peccatorum,</strong></span> <span class='ocrx_word' id='word_1_410' title='bbox 1143 4989 1268 5071; x_wconf 83' lang='lat' dir='ltr'><strong>ejusque</strong></span> <span class='ocrx_word' id='word_1_411' title='bbox 1292 4987 1402 5051; x_wconf 89' lang='lat' dir='ltr'><strong>oblatio</strong></span> <span class='ocrx_word' id='word_1_412' title='bbox 1424 5005 1481 5068; x_wconf 94' lang='lat' dir='ltr'><strong>pro</strong></span> <span class='ocrx_word' id='word_1_413' title='bbox 1504 4984 1640 5048; x_wconf 90' lang='lat' dir='ltr'><strong>omnibus</strong></span> <span class='ocrx_word' id='word_1_414' title='bbox 1663 4985 1822 5061; x_wconf 89' lang='lat' dir='ltr'><strong>creaturis,</strong></span> 
     </span>
     <span class='ocr_line' id='line_1_43' title="bbox 430 5074 1822 5168; baseline 0 -23"><span class='ocrx_word' id='word_1_415' title='bbox 430 5083 514 5145; x_wconf 76' lang='lat' dir='ltr'><strong>‘hoc</strong></span> <span class='ocrx_word' id='word_1_416' title='bbox 537 5092 584 5147; x_wconf 91' lang='lat' dir='ltr'><strong>est</strong></span> <span class='ocrx_word' id='word_1_417' title='bbox 605 5102 661 5165; x_wconf 91' lang='lat' dir='ltr'><strong>pro</strong></span> <span class='ocrx_word' id='word_1_418' title='bbox 684 5083 771 5148; x_wconf 93' lang='lat' dir='ltr'><strong>bonis</strong></span> <span class='ocrx_word' id='word_1_419' title='bbox 795 5086 1007 5168; x_wconf 89' lang='lat' dir='ltr'><strong>temporalibus</strong></span> <span class='ocrx_word' id='word_1_420' title='bbox 1031 5095 1061 5150; x_wconf 90' lang='lat' dir='ltr'><strong>et</strong></span> <span class='ocrx_word' id='word_1_421' title='bbox 1082 5074 1301 5168; x_wconf 84' lang='lat' dir='ltr'><strong>spiritualibus:</strong></span> <span class='ocrx_word' id='word_1_422' title='bbox 1330 5105 1385 5168; x_wconf 93' lang='lat' dir='ltr'><strong>pro</strong></span> <span class='ocrx_word' id='word_1_423' title='bbox 1408 5086 1483 5148; x_wconf 84' lang='lat' dir='ltr'><strong>vivis</strong></span> <span class='ocrx_word' id='word_1_424' title='bbox 1507 5092 1537 5147; x_wconf 91' lang='lat' dir='ltr'><strong>et</strong></span> <span class='ocrx_word' id='word_1_425' title='bbox 1559 5085 1693 5149; x_wconf 90' lang='lat' dir='ltr'><strong>mortuis.</strong></span> <span class='ocrx_word' id='word_1_426' title='bbox 1737 5085 1822 5158; x_wconf 86' lang='lat' dir='ltr'><strong>Quae</strong></span> 
     </span>
     <span class='ocr_line' id='line_1_44' title="bbox 457 5183 1822 5267; baseline 0.001 -25"><span class='ocrx_word' id='word_1_427' title='bbox 457 5183 495 5244; x_wconf 85' lang='lat' dir='ltr'><strong>sit</strong></span> <span class='ocrx_word' id='word_1_428' title='bbox 518 5184 642 5246; x_wconf 89' lang='lat' dir='ltr'><strong>intentio</strong></span> <span class='ocrx_word' id='word_1_429' title='bbox 665 5183 822 5246; x_wconf 83' lang='lat' dir='ltr'><strong>Ecclesiae</strong></span> <span class='ocrx_word' id='word_1_430' title='bbox 844 5185 1042 5249; x_wconf 89' lang='lat' dir='ltr'><strong>Nestorianae</strong></span> <span class='ocrx_word' id='word_1_431' title='bbox 1066 5184 1247 5249; x_wconf 90' lang='lat' dir='ltr'><strong>sulllcienter</strong></span> <span class='ocrx_word' id='word_1_432' title='bbox 1268 5185 1401 5266; x_wconf 87' lang='lat' dir='ltr'><strong>explicat</strong></span> <span class='ocrx_word' id='word_1_433' title='bbox 1429 5184 1583 5267; x_wconf 76' lang='lat' dir='ltr'><strong>liturgiae</strong></span> <span class='ocrx_word' id='word_1_434' title='bbox 1613 5184 1726 5260; x_wconf 91' lang='lat' dir='ltr'><strong>series,</strong></span> <span class='ocrx_word' id='word_1_435' title='bbox 1755 5201 1822 5247; x_wconf 89' lang='lat' dir='ltr'><strong>cum</strong></span> 
     </span>
     <span class='ocr_line' id='line_1_45' title="bbox 457 5282 1821 5365; baseline 0.001 -22"><span class='ocrx_word' id='word_1_436' title='bbox 457 5287 601 5345; x_wconf 89' lang='lat' dir='ltr'><strong>memoria</strong></span> <span class='ocrx_word' id='word_1_437' title='bbox 624 5283 674 5346; x_wconf 88' lang='lat' dir='ltr'><strong>hat</strong></span> <span class='ocrx_word' id='word_1_438' title='bbox 696 5285 833 5346; x_wconf 84' lang='lat' dir='ltr'><strong>vivorum</strong></span> <span class='ocrx_word' id='word_1_439' title='bbox 856 5292 887 5347; x_wconf 94' lang='lat' dir='ltr'><strong>et</strong></span> <span class='ocrx_word' id='word_1_440' title='bbox 908 5293 1104 5364; x_wconf 89' lang='lat' dir='ltr'><strong>mortuorum,</strong></span> <span class='ocrx_word' id='word_1_441' title='bbox 1127 5286 1339 5349; x_wconf 85' lang='lat' dir='ltr'><strong>necessitatum</strong></span> <span class='ocrx_word' id='word_1_442' title='bbox 1351 5284 1547 5365; x_wconf 87' lang='lat' dir='ltr'><strong>spiritualium</strong></span> <span class='ocrx_word' id='word_1_443' title='bbox 1560 5290 1590 5346; x_wconf 87' lang='lat' dir='ltr'><strong>et</strong></span> <span class='ocrx_word' id='word_1_444' title='bbox 1604 5282 1821 5364; x_wconf 89' lang='lat' dir='ltr'><strong>temporalium,</strong></span> 
     </span>
    </p>
   </div>
   <div class='ocr_carea' id='block_1_3' title="bbox 482 5427 1605 5501">
    <p class='ocr_par' dir='ltr' id='par_1_3' title="bbox 482 5427 1605 5501">
     <span class='ocr_line' id='line_1_46' title="bbox 482 5427 1605 5501; baseline -0.005 6"><span class='ocrx_word' id='word_1_445' title='bbox 482 5445 608 5489; x_wconf 72' lang='lat'><strong>111·</strong></span> <span class='ocrx_word' id='word_1_446' title='bbox 1555 5427 1605 5501; x_wconf 85' lang='lat' dir='ltr'><strong>aa</strong></span> 
     </span>
    </p>
   </div>
   <div class='ocr_carea' id='block_1_4' title="bbox 0 0 2580 6534">
    <p class='ocr_par' dir='ltr' id='par_1_4' title="bbox 0 0 2580 6534">
     <span class='ocr_line' id='line_1_47' title="bbox 0 0 2580 6534; baseline 0 0"><span class='ocrx_word' id='word_1_447' title='bbox 0 0 2580 6534; x_wconf 95' lang='lat' dir='ltr'><strong> </strong></span> 
     </span>
    </p>
   </div>
  </div>
 </body>
</html>
