5150 6534
820 802 1207 882 nodtoatttt
1258 802 1704 882 sanctonum
1871 804 1947 879 415

682 990 858 1062 Sacerdos
891 991 1084 1064 metinates.
1136 991 1323 1079 Memento,
1358 990 1520 1081 Domine,
1560 991 1735 1065 Pastorum
1774 992 1948 1065 beatorum
1995 1005 2119 1076 otonpu.

577 1109 634 1203 qni
658 1110 693 1178 io
719 1103 871 1179 Ecclesia
898 1118 954 1180 tua
981 1117 1096 1179 sancta
1130 1117 1292 1180 steterunt
1324 1110 1358 1180 in
1391 1111 1611 1201 generatione
1643 1114 1677 1177 et
1717 1110 1947 1198 generatione,

576 1243 784 1317 gregemque
809 1232 898 1294 mum
926 1221 1168 1296 sacerdotalem
1196 1233 1379 1318 paverunt,
1411 1235 1445 1295 et
1480 1231 1660 1310 rexerunt,
1696 1233 1730 1293 et
1764 1223 1807 1295 ad
1843 1245 1948 1317 aquas

578 1340 697 1433 quietis
725 1322 947 1410 deduxerunt:
974 1360 1102 1433 eosque
1129 1342 1185 1433 qui
1211 1342 1244 1410 in
1270 1360 1388 1412 errore
1415 1348 1527 1425 erant,
1561 1337 1709 1410 doctrina
1742 1348 1799 1411 tna
1836 1338 1948 1411 divina

575 1452 835 1542 illustraverunt,
862 1464 961 1548 atque
989 1453 1030 1525 ad
1057 1465 1090 1526 te
1117 1453 1311 1526 direxerunt
1336 1465 1370 1526 et
1396 1462 1652 1543 converterunt,
1680 1458 1799 1551 quique
1826 1460 1858 1527 iu
1883 1457 1949 1529 lide

577 1578 673 1641 recta
704 1568 872 1641 Trinitatis
908 1579 1046 1642 sanctae
1079 1569 1235 1667 populum
1271 1568 1400 1642 fidelem
1434 1567 1733 1660 conhumavernnt,
1766 1593 1949 1666 omnesque

577 1683 746 1758 doctdnas
781 1684 1008 1758 schismaticas
1042 1697 1076 1758 et
1108 1686 1268 1760 haereses
1303 1689 1512 1781 perniciosas
1545 1686 1747 1759 sustiterunt
1781 1698 1817 1760 et
1847 1710 1949 1760 com-

578 1811 785 1897 presserunt,
811 1804 991 1897 praecipue
1009 1823 1094 1875 vero
1120 1804 1252 1894 Ignatii,
1278 1801 1446 1899 Dionysii,
1471 1802 1562 1892 Julii,
1589 1824 1665 1874 cum
1682 1801 1817 1897 rehquis
1836 1807 1949 1876 omni-

579 1915 642 1990 hus
668 1920 824 2013 quicum
851 1916 915 1991 illis
941 1927 1080 2013 propter
1104 1940 1226 1992 nomen
1259 1928 1348 1989 mum
1382 1928 1530 1990 sanctum
1563 1922 1831 2013 persecutionem
1857 1922 1950 2013 passi

581 2042 666 2105 sunl.

683 2147 833 2219 itesam
857 2170 983 2220 vocem.
1017 2149 1061 2221 Et
1086 2150 1227 2239 illorum,
1254 2154 1310 2245 qui
1337 2150 1528 2222 afflictiones
1556 2158 1589 2219 et
1615 2149 1838 2223 adversitates
1866 2173 1947 2223 sus·
1997 2162 2136 2215 eleazaris

578 2267 756 2354 tiuuenmt,
792 2275 825 2336 et
849 2268 943 2360 passi
969 2276 1061 2354 sunt,
1101 2269 1324 2362 pronomine
1359 2276 1415 2338 tuo
1452 2276 1578 2338 sancto.
1631 2264 1781 2358 Dignare
1807 2266 1949 2338 Domine

579 2382 770 2452 meminisse
809 2379 937 2451 illorum
974 2384 1029 2476 qui
1062 2385 1223 2478 mysteria
1267 2393 1381 2454 sancta
1412 2383 1617 2476 interpretati
1650 2391 1743 2469 sunt,
1778 2380 1948 2452 illustrium

570 2517 783 2592 praeconum
809 2498 973 2585 veritatis,
1000 2502 1055 2593 qui
1088 2507 1237 2570 sanctam
1262 2496 1451 2569 Ecclesiam
1485 2495 1763 2584 aedificaverunt,
1800 2507 1833 2568 et
1866 2495 1949 2568 iun-

581 2610 735 2683 dameuta
761 2611 958 2706 templorum
986 2625 1175 2687 sanctonum
1201 2615 1326 2685 nomini
1361 2622 1415 2684 tuo
1443 2613 1626 2685 dicatorum
1657 2624 1858 2708 posuerunt3
1894 2616 1950 2708 qui

578 2736 777 2823 propterte
804 2732 1070 2822 persecutionem
1098 2734 1340 2818 sustinuerunt,
1375 2738 1409 2800 et
1440 2750 1555 2800 eorum
1589 2732 1643 2824 qui
1676 2727 1824 2825 colaphis
1857 2731 1950 2802 caesi

579 2853 656 2917 sunt
680 2865 743 2938 pro
769 2846 912 2914 veritate
938 2854 1014 2915 tua:
1041 2849 1097 2940 qui
1123 2858 1273 2919 errantes
1300 2843 1343 2916 ad
1377 2848 1603 2937 cognitionem
1635 2855 1725 2916 tuam
1760 2852 1949 2917 converte-

578 2968 671 3031 runt:
708 2961 764 3053 qui
789 2958 933 3031 tulerunt
959 2983 1093 3031 crucem
1118 2963 1276 3053 unigeniti
1310 2963 1355 3031 tui
1390 2964 1424 3032 in
1450 2961 1602 3056 populis,
1636 2971 1670 3032 et
1701 2963 1842 3054 nominis
1876 2962 1949 3051 ejus

579 3074 723 3168 gloriam
749 3078 782 3145 iu
815 3075 970 3167 gentihus
996 3086 1283 3172 propagavenmt:
1319 3084 1355 3148 ut
1384 3098 1446 3170 per
1481 3077 1659 3150 orationes
1687 3097 1802 3147 eorum
1835 3095 1949 3169 puras,

579 3189 698 3262 eleves
724 3198 759 3261 et
785 3189 929 3263 extollas
956 3213 1020 3264 nos
1047 3191 1089 3263 ad
1116 3200 1158 3263 te.
1212 3189 1323 3262 Trahe
1356 3194 1578 3284 cogitationes
1611 3202 1745 3275 nostras
1781 3190 1822 3262 ad
1849 3192 1949 3261 veri-

579 3313 680 3378 tatem
709 3305 822 3376 et'iac
847 3328 910 3379 nos
938 3305 1068 3401 dignos,
1095 3317 1130 3378 ut
1156 3330 1230 3378 cnm
1256 3306 1321 3378 illis
1357 3310 1412 3401 qui
1445 3318 1478 3378 te
1514 3306 1787 3400 glorificaverunt
1812 3305 1950 3378 resera-

578 3443 653 3494 mus
679 3420 737 3493 tihi
762 3422 903 3512 gloriam
931 3431 964 3493 et
989 3420 1130 3511 laudem,
1157 3424 1395 3516 unigenitoque
1426 3422 1512 3494 Filio
1546 3433 1621 3512 tuo,
1656 3433 1690 3495 et
1721 3423 1857 3516 Spiritui
1890 3431 1946 3493 tuo

579 3546 707 3612 sanem.

687 3651 863 3723 Sacerdos
888 3653 1080 3725 inclinatos.
1112 3653 1303 3743 Memento,
1327 3654 1489 3741 Domine,
1517 3654 1795 3750 Presbyterorum
1819 3654 1946 3726 Ortho-
1994 3673 2083 3727 tamti
2099 3672 2195 3727 nnat·
2212 3673 2269 3727 oo-

580 3767 757 3860 doxorum,
785 3771 838 3862 qui
865 3768 991 3863 pridem
1019 3769 1183 3858 obienmt,
1209 3772 1452 3859 Diaconorum,
1479 3768 1784 3859 Subdiaconorum,
1811 3762 2030 3843 Psalle-mill·

579 3907 666 3973 rum,
691 3882 883 3974 Lectorum,
909 3885 1136 3981 luterpretum,
1165 3883 1364 3972 cantorum,
1389 3884 1663 3975 Exercistarum,
1695 3885 1947 3975 Menaenorum,

579 4000 827 4093 religiosorum,
855 4009 889 4073 et
915 4023 1029 4073 eorum
1057 4005 1110 4094 qni
1135 4003 1359 4094 virginitatem
1385 4010 1578 4096 perpetuam
1613 3999 1757 4097 professi
1785 4016 1877 4091 sunt,
1913 4013 1948 4075 et

581 4115 808 4189 Saecularium
837 4120 891 4212 qui
917 4121 950 4188 in
975 4117 1040 4189 fide
1068 4112 1189 4189 Christi
1215 4115 1344 4213 pridem
1370 4117 1603 4204 decesserunt,
1631 4128 1666 4189 ut
1692 4122 1789 4191 etiam
1816 4120 1945 4193 illorum
2075 4139 2077 4145 ⁴

582 4251 645 4331 pro
672 4232 790 4329 quihus
817 4232 938 4325 singuli
964 4232 1167 4323 obtuderunt,
1200 4242 1375 4305 eteorum
1402 4255 1463 4328 pro
1491 4233 1608 4327 quihus
1635 4239 1860 4330 unusquisque
1887 4236 1946 4309 oi-

581 4346 672 4421 ierre
696 4353 730 4421 in
756 4352 865 4421 animo
891 4348 1012 4421 hahuit.
1862 4360 1865 4366 ’

618 4495 620 4500 “
686 4465 836 4536 Elecoos
860 4488 985 4535 cocao.
1039 4465 1185 4552 Placide,
1213 4475 1246 4535 et
1273 4464 1447 4559 tranquille
1463 4468 1597 4560 suscipe
1622 4489 1683 4561 per
1709 4465 1946 4560 benignitatem
1993 4481 2094 4551 gnatis.

581 4591 688 4668 mam,
714 4584 874 4668 Domine,
908 4585 1033 4653 animas
1067 4594 1101 4654 et
1135 4584 1267 4676 spiritus
1295 4602 1472 4653 servorum
1505 4591 1540 4671 et
1571 4580 1779 4655 adoraturum
1805 4596 1946 4673 tuorum,

582 4699 637 4791 qui
664 4720 709 4769 ex
735 4697 798 4770 hac
824 4701 892 4769 vita
920 4700 1148 4790 migraverunt
1173 4698 1216 4769 ad
1243 4708 1288 4786 te,
1316 4700 1460 4769 maxime
1485 4719 1571 4771 vero
1597 4698 1744 4788 illorum,
1775 4719 1838 4793 pro
1866 4701 1945 4791 qui-

580 4809 644 4886 hus
672 4822 705 4885 et
731 4836 869 4907 quorum
894 4816 1015 4905 gratia,
1041 4811 1236 4884 sacrificium
1263 4813 1350 4885 istud
1376 4813 1498 4885 illatum
1522 4823 1556 4885 et
1575 4812 1720 4886 oblatum
1746 4825 1807 4887 est.
1835 4814 1946 4900 Quie-

535 5001 539 5016 ,
580 4935 647 5000 mm
673 4928 736 5002 illis
762 4938 909 5025 praesta,
937 4939 971 5000 et
996 4927 1126 5001 cohoca
1153 4950 1214 5001 eos
1240 4932 1274 5000 in
1305 4927 1498 5001 habitaculis
1523 4929 1626 5019 lucis,
1660 4933 1692 5002 in
1724 4929 1807 5003 locis
1839 4934 1944 5025 spiri-

581 5053 691 5135 tuum,
732 5048 763 5117 in
789 5044 978 5118 Jerusalem
1015 5045 1173 5134 coelesti,
1213 5047 1247 5117 in
1283 5044 1439 5118 Ecclesia
1483 5049 1776 5141 primogenitorum
1809 5046 1943 5120 descri-

579 5169 710 5254 ptorum
750 5164 782 5232 in
825 5160 948 5233 coelis:
999 5162 1364 5252 commemorationem,
1412 5165 1446 5234 et
1483 5164 1633 5256 requiem
1677 5166 1822 5235 maxime
1859 5163 1942 5236 leli-

580 5298 675 5366 cem,
707 5298 770 5371 per
801 5299 948 5350 amorem
975 5298 1057 5369 erga
1083 5276 1244 5369 homines,
1270 5274 1334 5350 illis
1360 5290 1546 5374 praestans.
1581 5276 1726 5369 Largire
1751 5278 1814 5351 illis
1840 5284 1942 5352 vitam
