5150 6534
823 853 874 930 ΙΝ
906 853 1204 932 attuleras
1238 854 1522 933 SYthOhS.
1787 857 1860 933 105

482 1038 555 1102 lium
576 1038 744 1103 Ecclesiam
759 1038 906 1100 Graecam
927 1039 1072 1118 pervasit,
1093 1039 1147 1100 vin
1167 1054 1299 1118 unquam
1321 1039 1359 1101 ad
1381 1040 1563 1102 remotiores
1584 1039 1654 1103 illos
1672 1040 1861 1105 Christianus

482 1140 653 1201 manavisse
675 1135 923 1219 deprehenditur.

571 1236 657 1310 Once
677 1254 754 1299 vero
768 1234 904 1297 Graecos
926 1236 1114 1298 recentiores
1137 1242 1287 1313 spectant,
1311 1235 1393 1298 circa
1416 1234 1496 1297 illam
1519 1235 1558 1297 de
1579 1237 1743 1299 animarum
1764 1255 1861 1319 sepa·
1901 1248 2184 1305 caecorumuocuua

483 1343 614 1397 ratarum
638 1334 810 1399 conditione
833 1332 1015 1411 doctrinam,
1045 1334 1103 1395 etsi
1126 1351 1193 1395 cum
1217 1335 1395 1413 quaestione
1418 1333 1456 1397 de
1478 1335 1658 1417 Purgatorio
1680 1338 1721 1399 ita
1744 1336 1943 1399 colae-nova
1960 1346 1987 1390 et
2004 1337 2124 1392 absurda.

482 1442 586 1512 reant,
609 1441 642 1497 ut
663 1432 750 1496 nmul
772 1433 932 1496 liorrariae
956 1440 987 1494 et
1008 1431 1180 1495 Florentiae
1204 1440 1331 1494 tractata
1360 1431 1487 1510 fuerint,
1516 1451 1577 1496 non
1604 1442 1662 1497 tam
1693 1453 1734 1497 ex
1761 1437 1858 1515 ipsius

483 1534 669 1614 quaestionis
699 1540 806 1594 natura
835 1531 982 1611 originem
1013 1530 1140 1609 babent,
1173 1549 1261 1611 quam
1291 1549 1331 1592 ex
1361 1530 1544 1593 Graecorum
1575 1535 1777 1611 contumacia,
1807 1534 1858 1615 qui

482 1631 552 1694 dum
574 1631 697 1694 Latinos
719 1632 962 1707 insectabantur,
992 1636 1025 1692 ut
1054 1630 1136 1710 quod
1159 1629 1285 1705 alicubi,
1317 1629 1500 1692 calumniose
1522 1632 1644 1693 nimium
1666 1641 1696 1694 ct
1719 1634 1857 1713 imperite
1884 1649 1896 1674 ·

483 1730 613 1812 symeon
637 1730 917 1793 Thessalonicensis
940 1730 1076 1808 scripsit,
1107 1730 1137 1791 in
1168 1730 1305 1790 omnibns
1334 1745 1465 1808 peccare
1492 1730 1575 1808 illos,
1606 1729 1858 1809 demonstrarent,
1905 1746 1970 1801 Aua.
1987 1748 2043 1801 Lm.
2060 1768 2086 1818 p.
2104 1752 2148 1802 27.

466 1829 562 1892 ultra
584 1832 729 1892 tenninos
753 1830 891 1909 antiquos
914 1829 1081 1909 progressi,
1106 1834 1197 1889 totum
1220 1826 1301 1889 illam
1325 1826 1512 1910 Theologiae
1531 1836 1646 1909 partem
1670 1831 1858 1891 contamina-

482 1936 601 1992 verunt.
646 1928 722 1990 lllud
744 1928 819 1991 satis
841 1927 908 1990 fuse
931 1946 948 1989 a
972 1927 1058 1989 nobis
1081 1926 1240 2006 probatum
1264 1932 1311 1989 cst
1334 1925 1414 2004 alibi,
1437 1945 1495 1988 nec
1518 1945 1555 1988 ea
1577 1936 1720 2007 repetere
1743 1946 1858 2008 operae
1906 1952 2004 2025 pm,
2030 1955 2055 2007 γ,
2075 1958 2100 2006 5.
2119 1956 2135 2006 q
2153 1956 2180 2007 3,

479 2029 610 2108 pretium
632 2027 722 2104 foret,
745 2047 811 2089 cum
835 2026 872 2088 ad
888 2026 1059 2088 Orientales
1082 2041 1142 2086 non
1164 2026 1344 2105 pertineant.
1368 2024 1514 2105 ignorant
1536 2026 1615 2087 enim
1638 2027 1691 2103 illi,
1715 2025 1858 2107 quidquid

482 2127 570 2189 alteri
592 2125 631 2190 de
653 2126 712 2190 hoc
734 2133 912 2208 argumento
935 2124 1151 2188 verbosissime
1174 2123 1421 2204 disputaverunt,
1445 2123 1484 2186 de
1507 2124 1597 2186 dilata
1620 2144 1718 2205 usque
1741 2126 1777 2187 ab
1800 2144 1857 2188 su-

481 2243 618 2306 premum
644 2226 749 2307 judicii
779 2225 856 2287 diem
885 2230 1056 2286 sanatorum
1087 2221 1247 2301 felicitate,
1276 2231 1307 2285 et
1338 2224 1496 2303 impiorum
1530 2224 1733 2286 damnatione:
1764 2224 1857 2286 multo

482 2322 673 2405 magisquod
696 2323 725 2385 in
748 2323 866 2385 inlerno
889 2321 991 2385 lorent
1013 2322 1103 2383 etiam
1126 2320 1292 2384 electorum
1307 2322 1432 2399 animae,
1456 2323 1486 2383 in
1509 2323 1633 2404 gemilu,
1657 2324 1785 2401 tristitia,
1808 2330 1859 2384 te-

481 2422 585 2485 nebris
611 2422 777 2503 salutisque
799 2440 856 2503 spe
879 2420 978 2497 dubia,
1001 2428 1033 2482 et
1053 2420 1123 2482 dum
1136 2438 1176 2481 ne
1190 2422 1310 2483 tertium
1322 2420 1403 2485 illum
1415 2418 1525 2498 locum,
1549 2422 1858 2502 quemPurgalorium

484 2520 683 2602 appellamus,
706 2528 884 2605 agnoscant,
908 2526 1028 2582 sanctos
1044 2520 1133 2582 coelo
1152 2519 1440 2598 deturbant,‹nullus
1453 2519 1528 2582 alius
1542 2521 1696 2583 animabus
1708 2519 1858 2596 fidelibus,

482 2627 607 2700 praeter
628 2619 777 2682 infernum
798 2620 987 2699 relinquitur.
1013 2618 1060 2681 Ex
1076 2637 1115 2681 eo
1128 2620 1217 2680 etiam
1230 2638 1288 2700 per
1300 2635 1411 2698 preces
1424 2618 1582 2682 Ecclesiae
1605 2621 1718 2682 animas
1742 2636 1857 2695 eorum,

483 2719 535 2798 qui
565 2718 595 2778 in
623 2725 768 2797 peccato,
800 2724 851 2779 aut
873 2716 962 2778 etiam
984 2717 1015 2778 in
1036 2716 1210 2780 infidelitate
1233 2717 1390 2795 obierunt,
1419 2716 1508 2779 educi
1537 2734 1630 2800 posse
1658 2716 1857 2798 pertendunt:
1904 2719 2009 2772 itacttr.
2025 2722 2120 2791 fiaetp.
2135 2722 2181 2777 83.

423 2872 428 2884 ,
483 2834 542 2879 nec
564 2815 671 2897 puduit
693 2834 758 2894 eos,
781 2817 840 2878 imo
862 2834 920 2877 nec
942 2815 1120 2877 Dositbeum
1142 2825 1212 2878 ante
1235 2834 1349 2896 paucos
1372 2833 1469 2878 annos
1492 2816 1693 2879 Patriarcham
1708 2816 1857 2879 llieroso-

485 2915 670 2996 lymitanum,
692 2923 890 2997 portentosae
911 2914 992 2976 illius
1015 2915 1182 2994 opinionis:
1212 2933 1301 2995 quam
1329 2914 1439 2977 fabulis
1461 2915 1643 2978 Falconillae
1673 2922 1704 2977 et
1726 2915 1858 2995 'irajani,

483 3012 526 3073 ita
549 3030 589 3074 ex
610 3014 718 3094 poenis
745 3014 854 3075 interni
880 3012 1091 3091 liberatorum,
1120 3013 1285 3077 conlirmat.
1331 3012 1374 3076 lta
1405 3014 1474 3076 dum
1501 3014 1580 3077 illam
1611 3014 1648 3075 de
1678 3014 1858 3096 Purgatur-io

485 3115 723 3175 controversiam
735 3111 883 3175 adversus
895 3111 1019 3173 Latinos
1042 3111 1226 3173 ambitiosius
1249 3114 1404 3193 prosecuti
1427 3122 1507 3189 sunt,
1530 3120 1562 3174 et
1577 3112 1719 3192 Origenis
1733 3129 1858 3175 errores

482 3209 541 3273 illis
564 3211 723 3293 objiciunt,
753 3211 783 3272 in
813 3210 938 3274 eusdem
960 3212 1045 3272 ivere
1068 3211 1267 3291 praecipites,
1295 3218 1328 3272 ut
1357 3211 1425 3274 loco
1453 3212 1544 3274 citato
1575 3211 1729 3291 explicare
1757 3212 1858 3273 conati

483 3325 596 3373 sumus.
913 3366 915 3370 ,

569 3407 676 3469 Omnia
705 3407 782 3470 baec
804 3406 1007 3471 Orientalibus
1037 3409 1140 3490 ignota
1170 3416 1255 3485 sunt,
1286 3428 1304 3470 a
1333 3407 1441 3488 quibus
1471 3408 1633 3487 antiquitus
1656 3406 1859 3470 observantur
1889 3403 2061 3458 Orientalibus
2080 3406 2177 3473 ignea.

482 3506 543 3569 duo
567 3506 742 3585 disciplinae
765 3508 879 3587 capita,
908 3525 1002 3587 quae,
1031 3508 1057 3567 si
1084 3505 1164 3567 livor
1186 3505 1347 3585 abluisset,
1376 3507 1413 3568 ad
1437 3506 1630 3568 dirimendam
1653 3508 1859 3587 quaestionem

482 3605 547 3666 sola
571 3604 766 3669 subiciebant.
812 3606 938 3667 Primum
961 3612 1024 3679 ost,
1048 3604 1199 3667 invocatio
1221 3613 1409 3683 sanctorum,
1433 3604 1471 3666 ad
1494 3623 1572 3685 quos
1594 3623 1703 3685 preces
1725 3606 1859 3686 dirigunt

481 3704 512 3764 in
535 3704 689 3786 Liturgiis,
712 3704 839 3783 aliisque
861 3703 998 3765 omnibus
1022 3703 1143 3781 Oiiiciis,
1167 3711 1200 3765 ut
1221 3722 1278 3784 per
1302 3705 1455 3766 orationes
1479 3704 1517 3765 ad
1538 3704 1644 3782 Deum,
1673 3705 1721 3765 cui
1745 3705 1774 3765 in
1796 3704 1859 3766 vita

482 3818 536 3864 sua
552 3801 743 3881 placuerunt,
766 3803 893 3884 gratiam
907 3810 937 3863 et
949 3802 1185 3864 misericordiam
1210 3802 1385 3866 aliisadhuc
1407 3804 1437 3866 in
1460 3811 1542 3864 terra
1557 3804 1674 3883 positis,
1692 3802 1856 3866 obtineant.

481 3898 619 3963 Alterum
642 3917 751 3982 preces
773 3902 804 3961 in
827 3903 893 3981 ipsa
915 3919 1003 3963 sacra
1026 3902 1145 3962 actione
1166 3904 1326 3981 repetitae,
1349 3920 1406 3982 pro
1429 3902 1637 3965 defunctorum
1661 3903 1771 3981 quiete.
1816 3901 1858 3962 At

481 3997 677 4078 interpellare
698 4017 754 4079 pro
767 3999 1004 4062 aliorumsalute
1017 4000 1132 4062 illinon
1147 4009 1284 4080 possunt,
1309 4003 1361 4080 qui
1384 4001 1422 4062 de
1445 4019 1499 4062 sua
1523 4001 1642 4081 plenam
1665 4002 1856 4062 securitatem

481 4089 544 4156 no'n
560 4095 681 4176 babent.
716 4098 804 4171 Quod
827 4100 942 4179 siquis
966 4099 1088 4179 objiciat
1110 4097 1267 4160 formulam
1292 4100 1381 4177 illam,
1405 4100 1444 4161 do
1467 4118 1524 4180 qua
1548 4099 1638 4179 paulo
1661 4108 1731 4160 ante
1746 4099 1857 4161 dietum

482 4202 540 4273 est,
563 4197 593 4256 in
616 4214 674 4276 qua
696 4213 755 4277 pro
778 4196 810 4259 B.
834 4198 971 4278 Virgine,
995 4197 1254 4279 hiartyribusque‚
1278 4206 1308 4259 et
1330 4201 1443 4260 sanclis
1466 4199 1544 4276 aliis,
1567 4198 1679 4260 similes
1701 4214 1798 4278 prope
1822 4216 1858 4258 ao

480 4312 538 4374 pro
560 4294 684 4375 reliquis
708 4294 856 4358 defunctis
879 4297 1033 4358 orationes
1056 4304 1231 4374 occurrunt,
1254 4296 1384 4358 videnda
1408 4315 1485 4377 quae
1509 4296 1547 4359 ad
1572 4315 1640 4359 eum
1663 4297 1858 4359 locumdixi-

480 4409 561 4454 mus:
584 4411 685 4474 neque
708 4396 781 4457 tanti
805 4402 852 4456 est
874 4396 961 4457 istius
984 4394 1080 4456 Ollicii
1101 4396 1197 4456 solius
1221 4397 1376 4474 autoritas,
1400 4404 1433 4457 ut
1456 4413 1523 4457 cum
1546 4397 1683 4458 omnibus
1702 4394 1857 4477 Liturgiis,

482 4510 560 4572 quae
583 4494 681 4556 simile
702 4494 774 4556 nibil
797 4494 922 4573 habent,
946 4496 1044 4574 possit
1067 4497 1247 4574 comparari.
1294 4495 1405 4557 Preces
1435 4512 1510 4556 vero
1540 4512 1597 4575 pro
1627 4496 1769 4572 mortuis,
1797 4513 1857 4556 ex-

481 4608 619 4671 pressam
641 4592 753 4655 habent
782 4593 898 4655 illarum
921 4592 1060 4672 formam,
1092 4612 1170 4673 quae
1192 4594 1328 4673 primitus
1351 4595 1380 4654 in
1404 4592 1571 4656 Occidente
1593 4594 1630 4655 ad
1654 4594 1758 4656 altaria
1780 4611 1858 4673 pro-

482 4692 635 4754 nuntiatae
658 4700 739 4768 sunt,
761 4709 928 4773 omnesque
958 4711 998 4754 ex
1029 4693 1135 4755 eodem
1158 4693 1363 4774 limpidissimo
1387 4694 1471 4755 fonte
1494 4692 1675 4756 Traditionis
1696 4693 1856 4753 fluxerunt.

480 4789 523 4851 At
544 4807 645 4871 neque
656 4792 753 4854 Latini
774 4799 898 4855 veteres
915 4791 1050 4868 Graecis,
1074 4810 1173 4873 neque
1196 4793 1305 4855 Graeci
1327 4792 1439 4855 Latinis
1462 4790 1552 4852 ullam
1575 4790 1613 4853 de
1626 4790 1742 4852 illarum
1758 4789 1857 4869 signi-

480 4886 622 4951 ficatione
643 4889 726 4953 litem
747 4898 915 4968 moverunt,
938 4897 970 4952 et
984 4889 1102 4953 caldam
1124 4891 1293 4972 illamapud
1311 4900 1459 4973 utrosque
1477 4890 1572 4953 luisse
1593 4888 1856 4952 verisimillmmum

481 4993 539 5049 est.
583 4986 630 5048 lix
658 4986 774 5052 illarum
802 4989 894 5073 igitur
921 4988 1048 5068 simplici
1071 4990 1283 5074 intelligentia,
1314 4993 1345 5053 in
1368 4991 1492 5054 Oriente
1513 5007 1573 5051 non
1596 4990 1693 5050 minus
1712 5005 1803 5069 mam
1824 4988 1856 5049 in

481 5082 649 5148 Occidente
663 5085 811 5149 creditum
832 5086 897 5166 fuit,
920 5087 1071 5167 prodesse
1093 5092 1217 5153 mortuis
1238 5092 1376 5152 vivorum
1400 5089 1556 5169 suffragia,
1578 5088 1744 5165 orationes,
1767 5086 1855 5150 elee-

482 5200 627 5265 mosynas
649 5186 817 5266 praecipue
838 5204 915 5249 veru
937 5187 1115 5250 sacrificium
1128 5190 1347 5267 Eucharistiae,
1369 5187 1428 5251 illis
1450 5195 1550 5250 autem
1571 5187 1623 5265 qui
1645 5187 1685 5248 ita
1705 5186 1855 5249 vixissent

479 5290 515 5343 ut
536 5290 665 5365 possent
688 5284 764 5347 haec
786 5286 851 5366 ipsa
874 5285 933 5348 illis
954 5286 1039 5348 utilia
1061 5303 1133 5349 esse
1153 5296 1226 5369 post
1247 5296 1385 5353 mortem.
1428 5286 1536 5366 Neque
1558 5286 1637 5347 enim
1660 5302 1717 5366 pro
1735 5286 1855 5366 impoe-
