5150 6534
618 858 692 931 aro
1045 853 1550 962 nrssuaruuro

615 1047 699 1115 uicis
735 1045 952 1140 Syriacisque
978 1047 1081 1118 literis
1108 1045 1306 1141 insculptus,
1343 1047 1371 1115 is
1407 1046 1481 1139 ipse
1512 1053 1565 1115 est
1596 1066 1662 1138 quo
1691 1048 1820 1140 primae
1855 1047 1899 1120 ad
1932 1045 1990 1119 Si-

616 1181 676 1230 nas
702 1159 880 1252 Evangelii
907 1159 1121 1257 praedicandi
1148 1184 1250 1232 causa
1276 1162 1462 1246 missionis,
1498 1163 1659 1232 memoria
1693 1165 1895 1256 consignata
1922 1163 1988 1236 luit

617 1274 835 1370 Subscriptio,
864 1299 938 1347 cum
966 1275 1173 1349 sacerdotum
1210 1257 1415 1370 aliorumque
1442 1275 1769 1356 Ecclesiasticorum,
1790 1279 1990 1368 nominibus,

616 1389 768 1486 Syriacis
795 1392 898 1463 literis
926 1405 1064 1465 exarata
1092 1404 1161 1465 est:
1197 1415 1261 1463 nec
1288 1392 1386 1464 aliam
1414 1391 1458 1464 ob
1485 1415 1620 1464 causam
1648 1414 1745 1487 quam
1774 1395 1866 1489 quod
1895 1419 1988 1470 sacra

616 1515 650 1576 et
676 1504 913 1580 Ecclesiastico
940 1520 1032 1580 esset
1058 1509 1170 1600 lingua
1197 1505 1358 1604 Syriaca,
1393 1511 1426 1578 in
1463 1531 1528 1603 qua
1555 1507 1630 1579 illos
1656 1531 1727 1580 rem
1756 1510 1905 1582 divinam
1930 1509 1988 1582 le-

617 1624 704 1693 cisse
731 1644 798 1693 non
826 1622 1035 1695 dubitandum
1061 1624 1211 1712 videtur,
1239 1623 1505 1719 quandoquidem
1540 1626 1585 1695 ita
1618 1623 1770 1698 lecerunt
1797 1625 1989 1699 Nestoriaui

616 1738 774 1810 inludia.
827 1738 1002 1811 Ecclesiae
1035 1742 1122 1811 enim
1156 1739 1383 1813 blulabaricae
1418 1761 1534 1812 sacros
1568 1739 1673 1812 libros
1708 1741 1792 1815 alios
1827 1763 1898 1813 nou
1923 1739 1989 1812 ba-

617 1851 722 1925 buere
751 1879 848 1949 quam
876 1856 1055 1951 Syriacos,
1090 1859 1123 1928 in
1156 1856 1274 1950 quibus
1308 1854 1522 1927 emendandis
1556 1863 1727 1952 tantopere
1754 1856 1909 1928 Lusitani
1934 1855 1990 1926 la-

620 1969 832 2042 boraverunt.
885 1972 982 2042 Plura
1011 1971 1123 2043 dicere
1156 1995 1445 2067 supervacaneum
1476 1969 1564 2042 foret
1595 1975 1628 2042 in
1660 1995 1698 2043 re
1731 1977 1932 2069 perspicua,
1959 1979 1991 2042 ct

621 2088 764 2155 omnium
793 2090 905 2180 quiin
934 2087 1069 2159 Oriente
1096 2086 1227 2159 luemnt
1254 2090 1447 2160 testimoniis
1466 2087 1678 2176 confirmata,
1705 2111 1802 2183 quam
1832 2092 1991 2180 ignorare

620 2224 688 2273 non
714 2211 854 2296 possunt
880 2206 976 2274 etiam
1004 2205 1085 2298 ipsi,
1113 2207 1167 2297 qui
1194 2226 1239 2274 ex
1267 2202 1481 2275 Orientalium
1497 2202 1652 2299 exemplo
1668 2201 1857 2275 Romanam
1885 2201 1991 2273 disci-

620 2318 742 2412 plinam
769 2318 928 2389 vellicare
956 2324 1111 2412 aggressi
1140 2330 1230 2391 sunt:
1260 2319 1348 2415 quod
1376 2341 1475 2412 quam
1502 2317 1656 2389 inutiliter
1671 2318 1794 2392 lactum
1825 2322 1885 2406 sit,
1913 2320 1993 2390 satis

620 2435 759 2527 quisquc
785 2433 946 2527 iutelligit.

313 2640 318 2654 Ι
350 2555 440 2608 Graeca
460 2557 492 2655 de
511 2557 607 2609 nesto·
725 2551 878 2623 bittit.
932 2551 969 2623 ln
997 2550 1135 2623 Graecis
1163 2550 1334 2623 autoribus
1362 2550 1404 2620 ad
1432 2552 1583 2643 antiquas
1609 2549 1888 2623 Nestorianorum
1917 2553 1991 2623 ori-

298 2643 718 2798 ffl‘ffisssssssgfflgincs
746 2667 967 2754 illustrandaS,
993 2670 1054 2736 vix
1081 2667 1257 2761 quidquam
1284 2667 1441 2761 praesidii
1460 2676 1526 2736 cst:
1555 2688 1688 2737 errores
1709 2668 1842 2740 illorum
1871 2673 1992 2740 acriter

622 2795 655 2855 ct
681 2784 807 2855 erudite
834 2788 1113 2879 impugnaverunt
1139 2784 1246 2870 multi,
1283 2784 1342 2858 s'ed
1376 2784 1418 2856 de
1449 2783 1577 2854 illorum
1613 2782 1713 2855 rebus
1739 2781 1992 2859 Ecclesiasticis

620 2925 731 2996 pauca
768 2900 941 2972 admodum
973 2899 1128 2971 videntur
1167 2903 1329 2987 scivisse,
1369 2899 1456 2994 quod
1487 2902 1602 2969 mirum
1629 2921 1707 2970 esse
1739 2902 1850 2972 minus
1884 2900 1993 2989 debel,

623 3040 720 3111 qnam
758 3017 871 3089 similis
904 3013 1129 3087 Jucubitarum
1164 3025 1197 3086 et
1222 3014 1468 3104 blelcbitarum,
1503 3019 1558 3109 qui
1592 3017 1625 3085 in
1656 3015 1772 3088 iisdem
1809 3021 1991 3112 provinciis

619 3132 780 3204 vivebant
806 3131 1010 3225 negligentia
1037 3142 1093 3203 aut
1119 3135 1316 3224 ignorantia.
1369 3131 1418 3203 llli
1446 3135 1531 3202 enim
1559 3156 1633 3203 cum
1660 3134 1692 3202 in
1718 3132 1839 3228 iisdem
1866 3138 1990 3226 regio·

619 3248 716 3320 nibus
744 3249 839 3320 simul
867 3259 999 3334 essent,
1034 3247 1134 3319 multa
1171 3249 1293 3319 docere
1319 3258 1475 3344 poterant
1511 3247 1553 3318 de
1579 3247 1857 3321 Nestorianornm
1894 3273 1991 3323 sacra

620 3365 803 3461 disciplina,
832 3375 865 3435 ut
893 3366 990 3435 ctiam
1019 3363 1059 3435 de
1087 3364 1217 3436 illorum
1243 3363 1412 3455 Liturgiis.
1444 3365 1493 3454 ult
1520 3362 1619 3457 quale
1644 3363 1742 3435 fuerit
1768 3363 1811 3435 de
1839 3367 1880 3436 iis
1907 3388 1989 3460 quae

620 3481 706 3578 apud
733 3505 771 3553 se
800 3485 833 3551 in
866 3505 927 3552 usu
955 3504 1020 3551 non
1047 3491 1161 3552 essent
1188 3479 1395 3551 Graecorum
1420 3478 1595 3570 judicium,
1624 3485 1703 3552 satis
1731 3481 1877 3553 ostendit
1904 3480 1986 3552 Bal-

619 3621 736 3669 samon
762 3599 851 3669 duris
869 3597 1030 3670 Canonici
1056 3600 1253 3693 praecipuus
1281 3595 1368 3691 apud
1396 3618 1456 3667 eos
1474 3598 1651 3690 interproS,
1678 3600 1732 3690 qui
1753 3595 1875 3669 Jacobi
1891 3596 1987 3668 blar-

619 3719 715 3808 cique
741 3714 908 3804 Liturgias
937 3712 1117 3784 abolendas
1141 3712 1320 3805 judicavit3
1348 3734 1421 3781 curn
1448 3714 1521 3805 ipsc
1543 3711 1768 3783 Antiocbcnus
1796 3710 1986 3784 Patriarcha

619 3833 705 3903 scire
734 3828 911 3910 debuisset,
940 3853 1036 3922 ‹qrram
1064 3833 1215 3924 antiquus
1243 3828 1370 3899 illarum
1397 3850 1475 3898 usus
1502 3830 1535 3896 in
1549 3826 1710 3899 Ecclesiis
1725 3828 1927 3900 Palaestinis
1953 3836 1984 3899 et

617 3947 863 4040 Acgq³ptiaticis
891 3945 987 4016 leret.
1041 3946 1155 4039 ltaque
1182 3948 1241 4015 vix
1269 3944 1442 4038 quidquam
1470 3945 1502 4012 in
1531 3943 1736 4014 Graecorum
1762 3948 1984 4016 recentiomm

619 4064 750 4156 scriptis
778 4059 928 4152 legimuS,
956 4064 1045 4131 circa
1074 4061 1260 4133 Orientalcs
1287 4060 1471 4149 LiturgiaS,
1504 4061 1567 4129 nisi
1601 4061 1849 4131 accusationem
1878 4060 1984 4131 Jaco-

618 4180 757 4250 bilarunr
790 4178 876 4272 apud
912 4179 1124 4271 Anonqmum
1159 4201 1178 4247 a
1214 4175 1414 4247 Conrbebsiu
1448 4173 1589 4262 editum,
1618 4175 1705 4268 quod
1732 4173 1904 4264 Liturgias
1932 4171 1984 4243 di-

617 4317 739 4369 versas
767 4293 808 4364 ab
836 4292 1072 4364 Ecclesiastica
1107 4292 1320 4378 Traditione,
1355 4293 1629 4386 composuissent.
1683 4292 1732 4362 lta
1764 4288 1983 4361 Leontiusib

618 4435 722 4506 opere
757 4413 849 4501 cnjus
883 4408 1034 4480 Latinam
1071 4413 1263 4481 versionem
1291 4409 1471 4478 Turrianus
1506 4406 1606 4477 edidit
1639 4406 1680 4475 de
1714 4405 1885 4477 Theodori
1918 4410 1982 4477 im-

618 4532 749 4625 pietate.
803 4524 916 4595 Verba
952 4525 1082 4595 Graeca
1117 4548 1162 4595 ox
1200 4525 1298 4595 blSS.
1332 4521 1510 4594 Codicibus
1549 4521 1623 4592 talia
1658 4532 1751 4609 sunt,
1792 4527 1920 4617 Τολμᾲ
1946 4519 1983 4596 dd

619 4650 738 4741 ἕτερον
760 4639 872 4715 κακὸν
893 4649 966 4715 τοῖν
984 4645 1179 4739 εἰρημένων
1194 4638 1238 4712 οὐ
1258 4638 1433 4736 δεύτερον.
1465 4634 1681 4735 Ἀναφορὰν
1704 4635 1777 4736 γὰρ
1800 4635 1980 4732 σχεδιάζει

618 4766 740 4858 ἑτέρον
763 4756 860 4858 παρὰ
874 4755 940 4853 τὴν
963 4756 1150 4854 πατρόθεν
1164 4767 1239 4838 ταῖς
1253 4754 1477 4850 Ἐκκληοίαις
1488 4751 1795 4851 παραδεδομένην,
1809 4752 1901 4850 μήτε
1920 4752 1983 4849 τὴν

620 4886 694 4950 citu
718 4873 928 4949 ἀποστόλων
959 4872 1153 4960 attractu,
1182 4870 1270 4969 μὴῑε
1292 4870 1356 4969 τήν
1378 4877 1444 4944 τοῦ
1465 4867 1626 4971 μεγάλου
1647 4870 1841 4945 Βασιλείου
1870 4875 1908 4946 ἓν
1935 4877 1984 4966 τῷ

617 4990 715 5086 αὐτῷ
732 4987 904 5083 autequam
928 5002 1196 5089 ouyygaqeioan
1221 4985 1335 5089 λίνου
1357 4987 1454 5071 τινος
1471 4987 1607 5085 κρίνων
1632 4983 1746 5065 ἀξίαν.
1771 4985 1835 5060 Ἐν
1852 4981 1875 5059 ἧ
1890 4986 1984 5062 ἀνο-

619 5115 715 5206 qoqqi
733 5109 987 5203 (lictoqqunuin,
1002 5104 1045 5177 oui
1057 5104 1128 5205 γάρ
1143 5105 1267 5201 εὐχῶν,
1282 5103 1351 5200 τήν
1365 5102 1505 5200 τελετὴν
1514 5100 1779 5200 ἂναπλὴρωσεν.
1795 5105 1912 5175 ⁴nictans
1925 5111 1984 5188 cal,

617 5230 652 5293 el
678 5224 771 5292 nlirrd
794 5226 1064 5315 fructuoseque
1091 5224 1191 5292 dictio
1217 5243 1284 5291 nou
1316 5225 1469 5315 inferius.
1523 5220 1747 5312 Auopbornut
1775 5222 1884 5305 enim,
1911 5221 1983 5289 sive

616 5341 810 5432 Liturgiam,
839 5343 1037 5431 corrrpoanit,
1065 5339 1167 5409 uliam
1194 5338 1237 5406 ob
1266 5360 1322 5429 eu,
1349 5360 1437 5431 quoe
1463 5361 1487 5406 e
1514 5336 1678 5406 Patribus
1704 5335 1876 5408 Ecclesia
1904 5343 1982 5405 tro-
