5150 6534
947 862 1003 938 Ill
1032 860 1321 939 LITURGIAS
1355 860 1628 940 SYRIACAS.
1922 859 1972 935 79

605 1045 729 1109 molatio
749 1044 873 1108 Musae.
918 1046 1014 1107 Prima
1037 1053 1082 1108 est
1113 1045 1151 1107 ad
1173 1044 1312 1127 vigiliam
1333 1044 1448 1108 Natalis
1470 1045 1604 1107 Domini:
1633 1044 1727 1107 altera
1754 1044 1784 1106 in
1812 1046 1878 1125 ipsa
1907 1045 1972 1110 die:
2019 1062 2051 1115 ι’.
2067 1064 2132 1117 tte.
2148 1064 2211 1116 tta.

520 1180 525 1190 ·
605 1162 664 1207 una
687 1145 726 1207 de
748 1151 853 1207 sancto
876 1143 1040 1226 Stephano,
1063 1164 1141 1225 quae
1170 1129 1317 1207 vocantur¹
1343 1144 1527 1208 contestatio
1553 1143 1686 1206 Missae.-
1715 1143 1791 1207 aliae
1819 1145 1850 1207 in
1878 1146 1971 1208 Missa
2018 1148 2051 1204 Ρ.
2072 1150 2134 1202 tat.
2151 1151 2213 1203 438.
2231 1150 2294 1203 tat.

606 1243 659 1307 SS.
683 1242 900 1325 Apostolorum
920 1245 1027 1308 Jacobi
1049 1252 1081 1307 et
1101 1245 1236 1318 loannis,
1260 1244 1314 1307 SS.
1337 1243 1499 1305 infantum:
1523 1241 1785 1318 circumcisionis,
1814 1252 1846 1305 et
1867 1243 1971 1324 plures

606 1343 694 1407 aliae.
739 1343 830 1405 Pares
853 1351 1060 1424 repraesentat
1081 1343 1203 1406 blissale
1224 1343 1407 1405 Francorum
1430 1340 1518 1404 simul
1540 1341 1660 1416 editum,
1680 1348 1714 1404 ιιι
1735 1350 1767 1405 ct
1789 1342 1972 1406 Gallicanum

605 1442 848 1520 vetustissimum,
870 1443 923 1505 ubi
945 1441 1130 1505 Contestutto
1152 1460 1272 1525 quoque
1295 1448 1326 1504 et
1347 1442 1513 1504 lrnnmlotio
1536 1440 1735 1521 appellantur.
1757 1442 1791 1504 ln
1812 1441 1870 1505 illis
1893 1443 1972 1506 enim

606 1540 726 1618 Officiis,
750 1541 899 1604 Praelatio
921 1541 1000 1603 aliud
1022 1544 1142 1605 omnino
1165 1540 1331 1624 significat,
1361 1559 1468 1620 nempe
1491 1539 1664 1602 Orationem
1686 1556 1765 1620 quae
1789 1540 1855 1604 aliis
1876 1560 1973 1624 prae-

605 1640 680 1705 mitti
701 1640 796 1702 solet:
819 1658 877 1721 qua
899 1641 1116 1723 significatione
1138 1641 1180 1703 ita
1203 1640 1282 1721 apud
1304 1657 1361 1701 nos
1385 1638 1553 1719 appellatur
1582 1656 1631 1717 ea,
1654 1656 1732 1719 quae
1762 1640 1866 1720 incipit
1899 1642 1972 1704 Vere

606 1741 727 1820 drpnam
749 1746 780 1800 et
791 1740 909 1818 justum
931 1747 985 1802 est.
1029 1738 1072 1801 lta
1104 1757 1235 1820 quoque,
1258 1748 1292 1802 ut
1313 1739 1384 1801 alibi
1406 1741 1590 1817 monuimus,
1618 1739 1687 1801 illae
1717 1757 1796 1819 quae
1823 1748 1972 1804 vocantur

555 1922 558 1928 ,
605 1837 684 1919 apud
706 1840 801 1921 Syros
824 1839 995 1915 Proocmio,
1017 1858 1084 1901 cum
1107 1839 1296 1902 Praelationc
1326 1857 1481 1902 commune
1503 1838 1575 1900 nibil
1598 1838 1717 1900 babent.
1761 1839 1808 1901 llx
1830 1839 1887 1901 hac
1908 1840 1971 1920 igi-

606 1944 655 2000 tur
689 1939 914 2017 comparatione
949 1940 1022 2001 satis
1051 1938 1179 2023 intelligi
1214 1947 1316 2020 potest
1347 1939 1467 2001 innoxia
1501 1938 1670 2001 orationum
1699 1938 1857 2002 diversitas
1891 1940 1971 2000 inter

605 2036 777 2099 Orientales
799 2043 830 2098 et
852 2037 1076 2101 occidentales:
1106 2046 1139 2101 ut
1168 2041 1255 2102 etiam
1279 2041 1358 2101 inter
1380 2037 1513 2100 Graecas
1542 2046 1572 2099 ct
1600 2039 1679 2100 inter
1704 2038 1805 2100 varias
1835 2037 1970 2119 ejusdem
2025 2032 2028 2038 ’

603 2138 680 2198 ritus
703 2142 735 2197 et
755 2135 921 2213 Ecclesiae,
945 2155 1042 2217 neque
1065 2138 1216 2215 novitatis,
1240 2156 1340 2217 neque
1370 2137 1588 2218 suppositionis
1617 2136 1691 2199 dare
1719 2137 1873 2200 indicium:
1903 2155 1971 2199 cum

606 2238 637 2298 in
659 2237 725 2315 ipsa
747 2233 852 2297 Latina
879 2236 1005 2317 insignis
1034 2236 1150 2299 illarum
1186 2237 1363 2314 diversitas,
1395 2237 1503 2299 nullam
1534 2235 1692 2317 aliquando
1723 2236 1773 2298 vel
1799 2236 1970 2300 levissimae

606 2334 806 2397 contentionis
829 2351 948 2396 causam
972 2336 1153 2415 praebuerit
1815 2389 1822 2402 ,

692 2432 731 2495 Ut
758 2439 855 2495 autem
884 2434 1083 2518 conjungatur
1116 2437 1212 2499 oratio
1242 2455 1309 2498 cum
1339 2436 1449 2516 hymno
1478 2434 1662 2515 triumphali,
1697 2453 1786 2515 quem
1814 2431 1969 2513 Seraphim
1998 2455 2029 2509 1,
2041 2457 2294 2513 mamm&

606 2533 754 2595 canebant
776 2532 852 2595 alter
874 2533 912 2597 ad
934 2534 1069 2613 alterum,
1094 2535 1132 2597 de
1153 2536 1282 2618 Angelis
1305 2553 1398 2615 saepe
1416 2534 1508 2596 multa
1529 2533 1756 2615 paraphrastice
1778 2532 1966 2615 adjiciuntur,
1981 2544 2129 2596 inserantur
2151 2544 2184 2598 de
2201 2545 2294 2616 Ange-

605 2634 646 2694 ita
667 2640 766 2694 tamea
794 2638 827 2692 ut
854 2649 872 2693 a
900 2634 1019 2714 vulgari
1047 2652 1156 2697 novem
1185 2635 1328 2698 Ordinum
1357 2634 1499 2696 coelestis
1523 2634 1694 2711 exercitus,
1718 2632 1886 2715 'theologia
1908 2629 2022 2706 nonlia

605 2732 774 2795 recedatur.
798 2730 880 2792 lllam
902 2733 981 2794 enim
1002 2733 1159 2796 Jacobitae
1183 2734 1352 2797 didicerunt
1374 2752 1414 2796 ex
1433 2732 1580 2813 Dionysio
1594 2731 1752 2812 adscriptis
1774 2732 1869 2810 libris,
1893 2747 1969 2810 quos

603 2849 666 2894 non
695 2828 784 2891 modo
816 2828 964 2912 legitimos
993 2831 1191 2910 arbitrantur,
1223 2852 1300 2914 quae
1331 2834 1460 2895 omnium
1482 2832 1708 2913 'theologorum
1738 2839 1806 2894 ante
1834 2831 1970 2912 proxime

607 2931 741 3011 elapsum
763 2928 916 2990 saeculum
938 2932 1100 2993 communis
1124 2932 1224 3012 opinio
1248 2930 1318 2994 luit:
1348 2931 1403 2993 sed
1433 2932 1520 3010 primi
1541 2930 1572 2992 in
1595 2929 1802 3011 Disputatione
1825 2931 1971 2993 adversus

607 3027 800 3091 0rthodoxos
823 3045 901 3091 anno
917 3028 1079 3093 bxxxtv.
1103 3029 1364 3110 Constantinopoli
1377 3030 1488 3108 habita,
1510 3030 1548 3092 ad
1562 3030 1760 3092 testimonium
1771 3031 1972 3111 protulerunt.

605 3127 671 3190 Jam
694 3126 803 3189 dudum
825 3145 918 3207 porro
940 3128 978 3190 de
1000 3129 1058 3190 illis
1081 3130 1271 3192 consentiunt
1294 3130 1412 3208 Graeci,
1436 3129 1576 3210 Syrique,
1600 3128 1778 3209 Orthodoxi,
1800 3129 1972 3192 Nestoriani

607 3226 815 3290 etJacobitae.
839 3227 872 3288 ln
882 3227 946 3289 aliis
970 3235 1067 3291 tamen
1091 3228 1166 3291 locis
1188 3230 1347 3311 aliquando
1365 3230 1526 3309 loquuntur
1545 3228 1644 3305 aliter,
1668 3236 1698 3290 et
1716 3229 1827 3309 passim
1848 3229 1972 3308 qur'tum

606 3324 805 3407 Angelorum,
828 3326 866 3388 de
897 3345 1022 3406 quorum
1051 3346 1112 3391 uno
1141 3327 1247 3392 Daniel
1269 3331 1387 3392 locutus
1412 3336 1474 3406 est,
1503 3327 1638 3390 ordinem
1660 3335 1801 3389 statuunt.
1845 3326 1891 3390 De
1912 3326 1971 3388 illis

606 3425 723 3488 erudite
746 3426 886 3488 nonnulla
909 3426 1082 3489 observavit
1105 3429 1141 3491 V.
1167 3427 1200 3490 C.
1222 3429 1355 3491 loannes
1377 3428 1511 3493 honnus
1533 3428 1613 3489 notis
1635 3428 1666 3487 in
1681 3425 1891 3491 Ordinationes
1909 3427 1971 3508 Sy-

605 3542 724 3601 rorum,
746 3532 778 3587 et
799 3543 855 3588 nos
878 3525 934 3589 alia
958 3526 1102 3606 quaedam
1124 3528 1162 3590 de
1190 3528 1335 3609 Angelis,
1366 3527 1584 3590 Commentario
1614 3526 1652 3588 ad
1679 3526 1843 3610 Liturgiam
1870 3525 1971 3589 Basilii

607 3620 770 3703 Copticam.

1019 3887 1095 3958 Hoc
1122 3893 1173 3958 eet
1199 3909 1323 3980 corpus
1348 3909 1464 3974 metm,
1493 3892 1557 3957 eta.
2018 3905 2047 3956 r.
2066 3905 2110 3957 et.
2128 3904 2146 3955 ι
2164 3904 2208 3956 aa.

601 4154 603 4157 -
704 4096 796 4189 Qum
826 4116 1062 4189 praecesserunt
1083 4108 1282 4187 explicatione
1305 4124 1366 4169 non
1388 4106 1540 4188 indigent,
1569 4122 1635 4167 cum
1662 4105 1773 4186 hymno
1801 4106 1969 4187 triumphali
2010 4124 2082 4180 nitus
2096 4128 2293 4193 pronunciatio-

602 4208 694 4292 qucm
716 4212 845 4291 populus
869 4212 964 4287 canit,
987 4211 1084 4289 dicto,
1108 4211 1257 4273 Sacerdos
1280 4220 1417 4285 secreto,
1441 4212 1565 4291 primam
1588 4209 1754 4271 orationem
1775 4211 2022 4289 pronunciemus
2041 4212 2178 4265 verborum
2196 4210 2292 4265 Christi

604 4316 666 4371 tum
688 4310 830 4384 alteram,
852 4311 882 4372 in
905 4328 963 4390 qua
985 4319 1197 4373 commemorat
1219 4310 1330 4373 Christi
1353 4308 1499 4373 beneficia
1522 4316 1552 4372 et
1574 4308 1735 4371 salutarem
1756 4310 1821 4390 ejus
1844 4309 1970 4390 dispen-
1983 4297 2212 4350 ⁵⁸⁰¹⁸¹¹¹⁰¹¹tt¹i¹¹¹¹t

605 4409 768 4488 sationem,
796 4410 974 4490 tandemque
1000 4410 1052 4471 ubi
1074 4411 1210 4490 pervenit
1234 4408 1270 4470 ad
1293 4410 1465 4471 memoriam
1487 4408 1651 4471 laciendum
1674 4408 1825 4470 institutae
1847 4408 1969 4471 Eucha-

599 4506 724 4584 ristiae,
754 4507 854 4570 elevat
881 4524 1001 4585 vocem,
1030 4509 1071 4570 ita
1094 4515 1127 4570 ut
1147 4508 1278 4590 populus
1306 4507 1405 4570 audmt
1426 4526 1514 4570 sacra
1536 4508 1645 4586 verba,
1676 4508 1783 4587 quibus
1806 4508 1881 4571 fides
1904 4508 1969 4589 ejus

563 4663 570 4673 .
605 4606 764 4668 excitetur.
1826 4652 1829 4655 ι
1875 4668 1877 4670 ,

599 4729 602 4738 ’
692 4704 725 4767 ln
747 4704 815 4767 Ritu
836 4703 1042 4768 Alexandrino
1065 4706 1284 4787 interjiciuntur
1305 4705 1535 4771 acclamationes
1558 4713 1588 4768 et
1610 4702 1815 4786 professiones
1838 4704 1907 4766 fidei
1929 4706 1968 4768 de

599 4802 663 4866 hoc
684 4806 841 4885 mysterio,
864 4805 930 4866 sive
951 4822 1008 4884 per
1019 4804 1123 4879 Amen,
1146 4806 1211 4866 sive
1233 4824 1290 4886 per
1305 4805 1531 4885 explicatiorem
1544 4803 1776 4879 confessionem,
1799 4803 1838 4865 de
1860 4803 1967 4885 quibus

599 4903 715 4965 dictum
737 4911 784 4966 est
811 4906 842 4965 in
864 4905 943 4967 notis
964 4904 1003 4966 ad
1027 4903 1108 4966 illum
1131 4903 1239 4967 locum.
1276 4903 1310 4964 ln
1332 4904 1461 4981 Graeco,
1484 4904 1661 4982 praesertim
1677 4903 1850 4979 recentiori,
1872 4904 1968 4983 qualis

600 5002 691 5085 niger
714 5002 750 5065 ab
774 5005 859 5065 annis
881 5004 1039 5085 plusquam
1060 5004 1227 5065 sexcentis:
1251 5005 1458 5066 caeremoniae
1481 5003 1593 5082 aliquot
1614 5002 1803 5083 adjiciuntur,
1827 5004 1968 5082 pietatem

606 5119 680 5165 sane
704 5109 734 5165 et
757 5102 845 5165 tidem
867 5102 905 5165 de
928 5104 1056 5165 veritate
1078 5103 1216 5182 eorporis
1239 5109 1270 5163 et
1293 5103 1446 5185 sanguinis
1469 5100 1579 5163 Christi
1601 5101 1631 5163 in
1654 5101 1846 5164 Sacramenta
1869 5104 1969 5183 signi-

599 5200 741 5277 dicantes,
763 5202 818 5264 sed
836 5220 914 5282 quae
931 5202 1090 5283 antiquitus
1105 5200 1284 5263 observatae
1300 5201 1393 5264 luisse
1405 5218 1466 5263 non
1477 5199 1633 5263 videntur:
1656 5199 1694 5263 de
1707 5200 1814 5282 quibus
1827 5210 1967 5265 accurate

599 5301 744 5364 Cealius.
768 5302 912 5379 Astererm
934 5319 1042 5382 nempe
1059 5302 1124 5363 sire
1139 5301 1327 5366 Asteriscum
1349 5303 1401 5382 qui
1423 5301 1507 5363 disco
1522 5301 1681 5383 imponitur
1693 5299 1793 5364 elevat
1806 5298 1966 5381 Sacerdos,
2013 5296 2117 5352 &⁰⁵⁰²-
2131 5315 2157 5368 ι’·
2176 5297 2239 5352 ¹³⁶·
