5150 6534
773 848 822 920 30
1276 843 1633 922 illusura

727 1065 732 1077 ·
772 1043 936 1105 errantem
962 1032 1151 1130 reduceret,
1178 1054 1222 1102 ne
1249 1042 1385 1104 avertas
1411 1029 1529 1103 faciem
1557 1043 1646 1104 tuam
1673 1032 1822 1123 anobis,
1849 1032 1925 1106 dum
1940 1035 2139 1107 sacrificium

483 1148 632 1220 *Avrado
646 1152 691 1250 'lp
708 1148 835 1222 auhoc.
861 1148 1060 1245 spirituale*
1087 1159 1120 1219 et
1145 1150 1349 1218 incruentum
1378 1144 1601 1220 celebramus:
1628 1170 1696 1221 non
1723 1153 1811 1221 enim
1826 1152 1974 1241 justitiae
2000 1162 2138 1223 nostrae

448 1234 706 1375 stmtuhmbss‘
732 1245 974 1352 “confidimus
1001 1262 1061 1335 sed
1087 1263 1337 1337 misericordiae
1363 1274 1449 1334 tuae.
1491 1264 1720 1358 Deprecamur
1747 1286 1830 1357 ergo
1859 1278 1892 1337 et
1920 1265 2137 1340 obsecramus

459 1340 476 1374 n
492 1339 555 1375 man
584 1340 615 1376 m.
730 1437 737 1453 .
769 1382 977 1453 clementiam
1002 1391 1104 1468 tuam,
1129 1402 1173 1450 ne
1198 1380 1230 1449 in
1255 1379 1412 1469 judicium
1439 1381 1481 1451 sit
1497 1379 1621 1475 populo
1648 1392 1715 1467 tuo,
1734 1380 1931 1476 Mysterium
1955 1381 2032 1472 hoc,
2047 1379 2137 1477 quod

770 1500 947 1570 institutum
973 1494 1070 1569 nobis
1098 1507 1149 1567 est
1176 1495 1218 1566 ad
1245 1495 1403 1566 salutem:
1430 1494 1490 1566 sed
1517 1495 1717 1568 adveniam
1744 1509 1978 1590 peccatorum,
2010 1500 2137 1569 remis-

770 1618 898 1688 sionem
925 1614 1204 1707 insipientiarum,
1239 1621 1273 1682 et
1308 1609 1350 1681 ad
1383 1614 1509 1702 gratias
1543 1611 1600 1684 tibi
1630 1612 1844 1685 referendas:
1880 1636 1943 1708 per
1980 1618 2137 1706 gratiam,

770 1728 1051 1817 misericordiam,
1085 1740 1117 1800 et
1144 1747 1291 1798 amorem
1327 1747 1410 1817 erga
1435 1724 1584 1799 homines
1610 1729 1772 1819 unigeniti
1798 1727 1853 1799 lilii
1880 1732 1925 1801 tui
1951 1752 2013 1824 per
2039 1751 2138 1823 quem

770 1859 803 1919 et
830 1868 903 1918 cum
930 1868 995 1939 quo
1023 1855 1056 1916 te
1082 1843 1178 1914 decet
1204 1842 1326 1934 gloria.-

871 1961 1032 2054 Popaduc.
1058 1959 1177 2031 Amen.

871 2062 1057 2147 Diaconos.
1085 2075 1173 2146 Date
1199 2095 1318 2169 pacem
1344 2076 1567 2169 unusquisque
1594 2076 1748 2169 proximo
1776 2098 1851 2165 suo,
1877 2078 1910 2145 in
1935 2080 2074 2149 caritate
2102 2088 2136 2149 et

769 2191 850 2281 lide,
887 2216 972 2288 quac
1002 2191 1078 2263 Deo
1114 2201 1274 2285 acceptae
1306 2193 1378 2261 sint.
1431 2189 1528 2261 Vade
1563 2192 1597 2259 in
1629 2211 1714 2285 pace
1748 2190 1916 2263 Sacerdos
1947 2190 2133 2286 praeclare.

769 2308 901 2381 Stemus
930 2308 1086 2379 decenter
1112 2317 1259 2394 orantes,
1285 2314 1410 2377 stemus
1424 2328 1497 2377 cum
1524 2309 1642 2378 timore
1665 2317 1699 2377 et
1724 2317 1882 2393 tremore,
1908 2316 2032 2377 stemus
2058 2327 2138 2376 aum·

769 2426 930 2499 modestia
958 2435 991 2495 et
1018 2424 1207 2495 sanctitate:
1235 2423 1312 2515 qula
1339 2443 1419 2492 ecce
1446 2420 1571 2494 oblatio
1598 2420 1746 2510 infertur,
1774 2432 1808 2493 et
1825 2422 1984 2512 majestas
2010 2424 2134 2493 exori-

769 2553 831 2613 tur.
857 2540 985 2610 Januae
1009 2538 1094 2611 coeli
1116 2540 1319 2633 aperiuntur,
1346 2548 1380 2608 ct
1394 2535 1535 2632 Spiritus
1562 2546 1694 2611 sanctus
1722 2536 1892 2610 descendit
1922 2536 2134 2631 superhaec

768 2659 929 2752 mysteria
956 2667 1083 2741 sancta,
1111 2664 1145 2725 et
1170 2652 1321 2725 illabitur.
1353 2653 1390 2724 ln
1416 2652 1492 2724 loco
1519 2655 1645 2724 timorIs
1673 2664 1706 2724 et
1732 2656 1884 2726 tremoris
1911 2654 2134 2743 consistimus,

770 2786 904 2845 etcum
931 2768 1106 2856 Cherubim
1134 2781 1168 2841 et
1193 2768 1368 2865 Seraphim
1394 2772 1651 2839 circumstemus.
1686 2767 1823 2839 Fratres
1850 2781 1884 2842 et
1910 2767 2001 2841 Socii
2027 2768 2133 2861 Vigi-

768 2889 836 2960 lum
862 2897 896 2958 et
920 2884 1129 2977 Angelorum
1154 2883 1234 2956 facti
1261 2907 1385 2972 sumne,
1412 2895 1446 2955 et
1478 2886 1692 2955 ministerium
1725 2887 1810 2974 ignis
1838 2894 1871 2954 et
1897 2885 2029 2978 spiritus
2056 2908 2132 2957 cum

769 3004 832 3076 illis
861 3024 1044 3097 operamur.
1071 3000 1187 3073 Nullus
1213 3023 1315 3095 pomo
1342 3001 1462 3093 ligatus
1490 3003 1544 3088 sit,
1571 3002 1626 3093 qui
1653 2999 1773 3072 audeat
1791 2998 1954 3070 accedere
1980 2997 2022 3070 ad
2047 3022 2131 3095 my-

769 3122 870 3192 steria
897 3117 991 3206 haec,
1019 3121 1094 3212 quia
1120 3116 1232 3189 velum
1259 3116 1392 3207 tollitur,
1419 3126 1454 3187 et
1478 3119 1587 3208 gratia
1603 3114 1791 3203 demittitur,
1817 3115 2131 3210 misericordiaeque

769 3234 975 3306 effunduntur
1008 3255 1108 3328 super
1139 3255 1419 3328 unumquemque,
1456 3236 1510 3326 qui
1546 3243 1620 3303 orat
1649 3234 1682 3302 in
1721 3230 1822 3303 corde
1855 3253 1940 3325 puro
1973 3241 2008 3302 et
2041 3254 2130 3306 con-

769 3354 907 3424 scientia
933 3350 1030 3422 bona.

870 3466 1043 3537 Sacerdos
1070 3466 1180 3535 elcoat
1204 3464 1313 3533 celum
1339 3469 1373 3533 et
1399 3470 1452 3533 ter
1474 3462 1634 3555 populum
1661 3486 1763 3533 cruce
1788 3465 1912 3554 riphat,
1939 3463 2079 3532 diceas:
2188 3488 2195 3501 ·

871 3578 1001 3652 Caritas
1028 3580 1148 3669 Patris,
1175 3583 1283 3671 gratia
1310 3578 1396 3668 Filii,
1423 3589 1457 3649 et
1482 3580 1732 3651 communicatio
1755 3577 1895 3673 Spiritus
1923 3581 2039 3667 sancti,
2065 3579 2130 3651 sint

766 3719 840 3767 cum
868 3694 1018 3767 omnibus
1043 3695 1150 3767 nobis.
1516 3683 1520 3692 ’

867 3811 1029 3903 Populus.
1055 3812 1173 3884 Amen.

868 3927 1051 3999 Sacerdos.
1078 3926 1216 3999 Sursum
1243 3925 1355 4000 corda.

867 4042 1028 4136 Populus.
1055 4042 1223 4115 Habemus
1250 4041 1292 4113 ad
1318 4028 1503 4115 Dominum.

868 4158 1051 4230 Sacerdos.
1080 4153 1211 4232 Gratias
1239 4181 1377 4250 agamus
1403 4160 1545 4231 Domino
1572 4157 1646 4231 Deo
1672 4167 1798 4230 nostro.

868 4275 1028 4367 Populus.
1055 4274 1199 4365 Dignum
1225 4285 1258 4345 et
1281 4277 1405 4364 justum
1432 4284 1491 4347 est.

868 4390 1041 4461 Sacerdos
1067 4390 1255 4460 inclinatas.
1283 4389 1376 4460 Vere
1403 4389 1537 4481 dignum
1564 4400 1597 4461 et
1619 4391 1741 4480 justum
1759 4400 1823 4480 est,
1850 4390 1973 4462 decens
2000 4401 2033 4463 et
2059 4390 2126 4461 de-

749 4504 880 4596 bitum,
906 4516 941 4576 ut
967 4515 1000 4576 te
1026 4505 1208 4587 laudemus,
1236 4514 1269 4575 te
1295 4503 1545 4595 benedicamus,
1571 4517 1604 4578 te
1635 4504 1852 4594 celebremus,
1880 4517 1914 4578 te
1941 4506 2126 4590 adoremus,

764 4621 824 4695 tibi
850 4624 976 4713 gratias
1003 4642 1160 4712 agamuS,
1188 4618 1246 4692 tibi
1274 4621 1383 4716 opilici
1415 4624 1520 4694 omnis
1547 4599 1731 4711 creaturae,
1756 4619 1897 4694 visibilis
1924 4634 1980 4694 aut
2005 4624 2126 4693 invisi-

764 4736 1086 4812 adramelecitae
1118 4758 1242 4806 aorem.
1296 4737 1401 4821 Quem
1434 4736 1568 4809 laudant
1601 4739 1730 4812 coelum
1763 4749 1796 4810 et
1828 4738 1913 4809 coeli
1945 4739 2125 4826 coelorum,

765 4856 938 4948 omnisque
973 4853 1142 4924 exercitus
1174 4874 1290 4923 eorum
1323 4852 1375 4926 sol
1411 4864 1444 4925 et
1473 4853 1550 4925 luna
1585 4865 1619 4926 et
1653 4877 1751 4927 omne
1790 4853 1958 4926 stellarum
1993 4875 2126 4946 agmen,

765 4979 854 5041 terra
881 4979 915 5040 et
939 4970 1043 5039 maria
1070 4978 1104 5039 et
1129 4970 1238 5040 omnia
1266 4992 1351 5063 quae
1378 4972 1412 5041 in
1438 4972 1500 5042 eis·
1519 4981 1609 5045 sunt:
1639 4965 1827 5042 Jerusalem
1854 4970 2025 5058 coelestis,
2051 4970 2125 5042 Ec-

766 5083 867 5158 clesia
898 5086 1192 5180 primogenitorum
1232 5084 1471 5180 descriptorum
1514 5088 1548 5158 in
1581 5087 1702 5160 coelis:
1733 5085 1876 5178 Angeli,
1910 5085 2125 5178 Archangeli,

766 5198 984 5296 Principatus,
1011 5200 1214 5289 Potestates,
1242 5200 1387 5292 Throni,
1413 5202 1683 5294 Dominationes,
1709 5205 1847 5275 virtutes
1880 5203 2064 5293 coelestes,
2091 5211 2126 5273 et

766 5315 887 5389 mundo
914 5321 1104 5413 superiores
1132 5320 1300 5392 exercitus
1332 5318 1439 5411 coeli,
1471 5318 1648 5393 Cherubim
1679 5317 1797 5414 quihus
1832 5318 1920 5391 oculi
1951 5318 2059 5410 multi,
2091 5327 2126 5390 et
