5150 6534
1033 853 1196 931 SEVERI
1231 853 1530 932 nnlloonnttt
1895 854 1971 929 323

709 1037 870 1133 Populus.
921 1042 1043 1135 Amen.

694 1153 892 1227 Sacerdos.
946 1156 1101 1236 Similiter
1128 1164 1162 1228 et
1188 1154 1324 1228 calicem
1352 1160 1496 1251 accepit,
1524 1166 1699 1252 postquam
1727 1169 1969 1247 coenaverunt,

605 1271 816 1366 miscensqne
842 1275 921 1343 vino
949 1280 983 1344 et
1009 1296 1107 1367 aqua,
1134 1280 1154 1355 †
1180 1276 1307 1365 gratias
1335 1275 1404 1363 egit
1424 1278 1445 1353 †
1467 1283 1500 1343 et
1520 1274 1748 1361 sanctificavit,
1774 1281 1843 1355 †et
1861 1273 1973 1347 divisit

605 1384 772 1481 discipulis
799 1392 867 1460 suis
892 1388 1066 1484 Apostolis
1093 1388 1223 1460 dicens:
1257 1390 1427 1482 Accipite,
1459 1386 1563 1461 bibite
1594 1412 1640 1461 ex
1672 1409 1713 1459 eo
1744 1409 1809 1461 vos
1837 1411 1972 1462 omnes:

604 1498 669 1572 llic
695 1513 747 1575 est
773 1507 909 1597 sanguis
936 1528 1029 1577 meus
1055 1504 1256 1576 Testamenti
1284 1500 1381 1587 novi,
1416 1508 1471 1598 qui
1496 1526 1559 1599 pro
1586 1503 1685 1576 vobis
1714 1515 1747 1575 et
1771 1526 1834 1600 pro
1863 1503 1971 1589 multis

605 1615 778 1691 elinnditnr
804 1632 837 1693 et
863 1620 959 1692 datur
994 1623 1027 1691 in
1061 1624 1290 1693 remissionem
1323 1630 1546 1715 peccatomm.
1600 1620 1673 1692 Hoc
1707 1620 1806 1692 facite
1841 1622 1875 1691 in
1906 1626 1973 1693 mei

604 1736 814 1807 memoriam:
834 1739 1113 1831 'quotiescumque
1140 1738 1227 1807 enim
1254 1735 1493 1808 manducabitis
1520 1759 1640 1831 penem
1662 1735 1760 1825 bunc,
1778 1746 1812 1808 et
1835 1736 1972 1809 calicem

604 1846 690 1920 hunc
716 1850 850 1941 bibetis,
877 1864 1018 1925 mortem
1044 1875 1153 1923 meam
1180 1853 1421 1925 annuntiabitis.

707 1965 869 2060 Populos.
922 1967 1040 2040 Mortis
1067 1978 1144 2039 tuae
1170 1970 1314 2071 Domine
1340 1970 1532 2041 memoriam
1560 1972 1698 2060 agimus.

710 2080 893 2155 Sacerdos.
907 2136 913 2146 .
926 2083 999 2155 Hoc
1025 2086 1125 2175 igitur
1152 2084 1347 2157 sacrificium
1373 2086 1575 2156 incruentum
1604 2085 1813 2180 perficientes
1829 2082 1972 2156 Domine

607 2195 709 2285 Jesn,
735 2197 953 2293 deprecamur
979 2221 1127 2272 amorem
1154 2210 1241 2272 tuum
1270 2222 1351 2291 erga
1378 2198 1546 2286 homines,
1577 2211 1651 2296 pter
1677 2222 1773 2294 quem
1800 2201 1833 2269 in
1860 2204 1972 2270 sacri-

609 2311 719 2383 ficium
745 2312 863 2387 dedisti
890 2324 924 2387 te
950 2318 1054 2410 ipsum
1082 2337 1143 2409 pro
1169 2317 1276 2388 nobis.
1330 2307 1538 2387 Meminimus
1570 2319 1668 2387 etiam
1699 2314 1972 2388 manifestationis

603 2436 682 2499 tuae
709 2429 908 2518 secundae,
931 2429 1124 2522 gloriosae,
1159 2441 1193 2502 et
1226 2434 1343 2502 timore
1377 2431 1513 2526 plenae,
1548 2430 1678 2525 quando
1711 2428 1845 2501 sedebis
1872 2452 1973 2525 snper

603 2542 723 2623 sedem
760 2544 930 2618 excelsam
964 2554 998 2617 et
1029 2546 1222 2635 timendam,
1255 2546 1454 2641 stabuntqne
1490 2568 1604 2618 coram
1638 2556 1670 2617 te
1705 2544 1823 2618 millies
1850 2546 1972 2617 milleni

601 2658 745 2751 Angeli,
767 2655 953 2755 igneusque
979 2659 1097 2751 lluvius
1125 2662 1306 2734 descendet
1328 2672 1361 2733 et
1379 2664 1497 2758 impios
1519 2663 1670 2735 absumet
1690 2659 1817 2755 absque
1835 2665 1972 2732 miseri-

603 2767 741 2847 cordiai
776 2798 891 2849 omnes
928 2801 1060 2872 quoque
1096 2777 1246 2850 homines
1282 2781 1443 2851 rationem
1477 2777 1616 2849 reddent
1651 2800 1790 2874 operum
1825 2799 1973 2866 suorum,

600 2888 723 2961 nullum
738 2893 808 2983 jam
828 2902 884 2964 aut
902 2896 1119 2980 accusatoris,
1147 2903 1201 2965 aut
1218 2897 1350 2989 patroni
1371 2916 1455 2987 opus
1480 2892 1653 2981 habentes,
1680 2894 1739 2965 sed
1762 2895 1834 2988 ipsa
1857 2912 1973 2963 eorum

603 3027 707 3101 opera
735 3029 821 3102 quae
848 3019 1000 3101 egemnt,
1027 3008 1299 3097 recensebuntur,
1327 3013 1421 3102 ipsae
1448 3012 1548 3080 etiam
1575 3012 1795 3101 cogitationes
1823 3018 1879 3079 aut
1906 3033 1971 3080 ac-

602 3120 775 3211 cusabunt,
803 3132 857 3194 aut
884 3124 1109 3197 excusabunt:
1137 3124 1268 3219 quando
1296 3123 1393 3218 quale
1420 3128 1462 3195 sit
1489 3147 1573 3218 opus
1601 3127 1837 3218 qunscumqne
1856 3122 1972 3220 bomi-¹

601 3241 654 3309 nis
688 3236 702 3275 ²
733 3241 821 3330 ignis
852 3239 1023 3335 probabit3
1057 3241 1187 3334 quando
1223 3262 1332 3335 neque
1367 3241 1588 3336 sapientibus,
1623 3264 1732 3335 neque
1767 3239 1873 3310 doctis
1907 3244 1972 3309 erit

602 3352 785 3427 excusandi
810 3356 916 3445 locus,
944 3360 977 3426 in
1003 3356 1059 3430 illo
1087 3367 1237 3452 tempore
1264 3361 1381 3428 timore
1407 3356 1519 3451 pleno,
1549 3380 1624 3428 cum
1651 3365 1774 3427 tremor
1801 3362 1834 3424 et
1860 3364 1971 3426 terror

601 3471 635 3539 in
661 3490 778 3555 omnes
805 3483 976 3544 creaturas
1003 3472 1182 3544 rationales
1209 3473 1318 3560 cadet,
1346 3483 1380 3543 et
1406 3495 1504 3543 omne
1531 3494 1571 3543 os
1599 3473 1798 3558 obstruetur,
1827 3479 1860 3541 et
1880 3493 1971 3541 con-

600 3580 688 3656 lusio
715 3588 835 3681 impios
862 3596 896 3658 et
921 3591 1113 3683 insipientes
1148 3590 1288 3661 tenebit:
1324 3589 1455 3684 quando
1490 3590 1596 3660 irater
1631 3587 1756 3660 auxilio
1792 3607 1861 3658 non
1897 3590 1971 3673 erit,

602 3708 636 3770 et
660 3698 739 3772 nibil
760 3700 891 3795 juvabit
918 3707 1175 3791 commiseratio,
1202 3728 1312 3799 neque
1337 3715 1450 3801 patres
1471 3703 1663 3777 salvabunt:
1691 3703 1821 3799 quando
1841 3724 1970 3795 seque-

601 3824 654 3887 tur
679 3816 759 3888 ultio
788 3817 913 3911 absque
940 3820 1185 3907 misericordia,
1219 3820 1295 3893 illos
1329 3826 1384 3915 qui
1414 3843 1481 3892 non
1513 3819 1665 3892 lecerunt
1696 3818 1968 3890 misericordiam.

600 3929 661 4004 lllo
690 3940 851 4027 tempore,
877 3956 922 4005 ne
948 3945 1082 4007 avertas
1109 3935 1228 4008 faciem
1255 3948 1343 4008 tuem
1372 3960 1391 4007 a
1418 3935 1525 4025 nobis,
1552 3957 1662 4030 neque
1689 3933 1856 4026 despicias
1880 3931 1969 4004 hae-

600 4048 773 4148 reditatem
800 4059 897 4137 tuem,
925 4053 969 4123 ita
996 4062 1031 4124 ut
1057 4050 1255 4124 cruciatibus
1284 4054 1412 4147 absque
1438 4053 1503 4125 line
1530 4052 1685 4124 tradatur.
1726 4048 1779 4118 Ne
1805 4047 1969 4120 haeredes

601 4165 702 4235 simus
729 4164 938 4238 tenebrarum
967 4168 1094 4265 absque
1122 4168 1186 4240 ulla
1213 4169 1300 4256 luce,
1330 4191 1373 4240 ne
1398 4167 1503 4240 facias
1530 4190 1593 4240 nos
1620 4169 1764 4239 Domine
1792 4162 1919 4235 alienos
1948 4187 1968 4234 a

600 4282 767 4352 consortio
794 4292 863 4370 tuo,
890 4305 999 4378 neque
1027 4282 1175 4377 abneges
1202 4306 1276 4372 nos,
1305 4296 1338 4357 et
1364 4285 1455 4357 dicas
1473 4281 1584 4370 nobis,
1612 4285 1769 4377 quianon
1788 4281 1968 4367 novivns3

600 4417 643 4467 ne
669 4405 796 4469 statuas
822 4420 884 4471 nos
912 4404 945 4469 in
972 4400 1077 4473 latere
1104 4406 1249 4486 sinistro.¹
1279 4400 1409 4472 illorum
1436 4404 1489 4496 qni
1515 4399 1669 4472 viderunt
1695 4408 1727 4468 te
1755 4396 1967 4483 esurientem,

600 4532 664 4582 nec
690 4522 854 4607 paverunt
881 4525 930 4587 te:
965 4516 1135 4603 infirmnm,
1163 4539 1272 4612 neque
1298 4520 1515 4588 visitaverunt
1542 4525 1590 4586 te:
1627 4513 1687 4586 sed
1721 4534 1872 4604 agnosce
1904 4534 1968 4582 nos

601 4635 635 4699 et
656 4649 793 4700 numera
810 4652 872 4701 nos
896 4633 929 4701 in
947 4642 1045 4703 coetu
1063 4631 1204 4721 illorum,
1225 4635 1279 4727 qui
1300 4631 1450 4704 iecerunt
1470 4630 1676 4703 voluntatem
1699 4637 1797 4699 tuam.
1824 4626 1968 4723 Propter

600 4738 684 4815 baec
711 4747 798 4815 enim
823 4744 964 4841 populus
991 4758 1065 4820 tuus
1093 4758 1126 4819 et
1152 4747 1339 4820 haereditas
1367 4759 1422 4821 tna
1450 4747 1647 4841 depreeatur
1673 4756 1718 4834 te,
1745 4756 1779 4816 et
1802 4765 1863 4840 per
1879 4753 1913 4816 te
1934 4755 1969 4816 et

599 4866 710 4931 tecum
735 4861 868 4932 Patrem
894 4873 993 4934 tuum.
1153 4867 1158 4878 '

1051 5052 1229 5121 Innocentio
1257 5050 1410 5144 Spiritus
1434 5055 1556 5124 cuncti

702 5215 886 5290 Sacerdos.
939 5217 1103 5290 bliserere
1130 5222 1195 5289 mei
1221 5219 1315 5290 Deus
1341 5219 1441 5290 Pater
1467 5222 1689 5313 omnipotens,
1716 5228 1750 5289 et
1768 5222 1901 5313 respice
1923 5216 1966 5288 ad

597 5336 741 5422 gemitus
769 5341 803 5403 et
829 5335 970 5429 suspiria
997 5333 1109 5430 populi
1137 5338 1199 5423 tui,
1234 5358 1343 5429 neque
1378 5339 1539 5431 respicias
1572 5331 1734 5418 Domine,
1768 5333 1857 5407 labia
1891 5355 1967 5405 mea

652 5468 737 5512 renuas
750 5468 773 5511 n.
1689 5449 1740 5523 44
