<?xml version="1.0" encoding="UTF-8"?>
<!DOCTYPE html PUBLIC "-//W3C//DTD XHTML 1.0 Transitional//EN"
    "http://www.w3.org/TR/xhtml1/DTD/xhtml1-transitional.dtd">
<html xmlns="http://www.w3.org/1999/xhtml" xml:lang="en" lang="en">
 <head>
  <title>
</title>
<meta http-equiv="Content-Type" content="text/html;charset=utf-8" />
  <meta name='ocr-system' content='tesseract 3.04.00' />
  <meta name='ocr-capabilities' content='ocr_page ocr_carea ocr_par ocr_line ocrx_word'/>
</head>
<body>
  <div class='ocr_page' id='page_1' title='image "./liturgiarumorie00renagoog_0641.png"; bbox 0 0 5150 6534; ppageno 0'>
   <div class='ocr_carea' id='block_1_1' title="bbox 897 835 1965 914">
    <p class='ocr_par' dir='ltr' id='par_1_1' title="bbox 897 835 1965 914">
     <span class='ocr_line' id='line_1_1' title="bbox 897 835 1965 914; baseline -0.003 -3"><span class='ocrx_word' id='word_1_1' title='bbox 897 838 942 911; x_wconf 83' lang='lat' dir='ltr'>lli</span> <span class='ocrx_word' id='word_1_2' title='bbox 975 837 1222 914; x_wconf 67' lang='lat' dir='ltr'>llldllt&#39;ith</span> <span class='ocrx_word' id='word_1_3' title='bbox 1256 835 1664 913; x_wconf 78' lang='lat' dir='ltr'>NESlOlllhh&#39;OllUll.</span> <span class='ocrx_word' id='word_1_4' title='bbox 1891 838 1965 909; x_wconf 80' lang='grc'>603</span> 
     </span>
    </p>
   </div>
   <div class='ocr_carea' id='block_1_2' title="bbox 527 1020 1977 5364">
    <p class='ocr_par' dir='ltr' id='par_1_2' title="bbox 527 1020 1976 3287">
     <span class='ocr_line' id='line_1_2' title="bbox 599 1020 1969 1103; baseline -0.002 -18"><span class='ocrx_word' id='word_1_5' title='bbox 599 1022 747 1103; x_wconf 85' lang='lat' dir='ltr'>duplicem</span> <span class='ocrx_word' id='word_1_6' title='bbox 770 1022 887 1084; x_wconf 85' lang='lat' dir='ltr'>scilicet</span> <span class='ocrx_word' id='word_1_7' title='bbox 909 1038 1045 1082; x_wconf 90' lang='lat' dir='ltr'>errorem</span> <span class='ocrx_word' id='word_1_8' title='bbox 1068 1021 1143 1100; x_wconf 88' lang='lat' dir='ltr'>lapsi</span> <span class='ocrx_word' id='word_1_9' title='bbox 1167 1028 1246 1098; x_wconf 92' lang='lat' dir='ltr'>sunt,</span> <span class='ocrx_word' id='word_1_10' title='bbox 1270 1041 1310 1082; x_wconf 84' lang='lat' dir='ltr'>ex</span> <span class='ocrx_word' id='word_1_11' title='bbox 1330 1022 1522 1103; x_wconf 71' lang='lat' dir='ltr'>ignoratione</span> <span class='ocrx_word' id='word_1_12' title='bbox 1545 1023 1652 1082; x_wconf 92' lang='lat' dir='ltr'>rituum</span> <span class='ocrx_word' id='word_1_13' title='bbox 1676 1020 1886 1083; x_wconf 73' lang='lat' dir='ltr'>Orientalium:</span> <span class='ocrx_word' id='word_1_14' title='bbox 1910 1041 1969 1083; x_wconf 88' lang='lat' dir='ltr'>ex-</span> 
     </span>
     <span class='ocr_line' id='line_1_3' title="bbox 600 1119 1970 1203; baseline -0.002 -20"><span class='ocrx_word' id='word_1_15' title='bbox 600 1123 755 1183; x_wconf 90' lang='lat' dir='ltr'>cusatione</span> <span class='ocrx_word' id='word_1_16' title='bbox 779 1129 876 1181; x_wconf 91' lang='lat' dir='ltr'>tamen</span> <span class='ocrx_word' id='word_1_17' title='bbox 901 1120 992 1202; x_wconf 75' lang='lat' dir='ltr'>digni,</span> <span class='ocrx_word' id='word_1_18' title='bbox 1018 1119 1098 1199; x_wconf 85' lang='lat' dir='ltr'>qaod</span> <span class='ocrx_word' id='word_1_19' title='bbox 1120 1120 1229 1182; x_wconf 83' lang='lat' dir='ltr'>araltos</span> <span class='ocrx_word' id='word_1_20' title='bbox 1252 1139 1439 1203; x_wconf 78' lang='lat' dir='ltr'>magnosque</span> <span class='ocrx_word' id='word_1_21' title='bbox 1464 1120 1637 1200; x_wconf 84' lang='lat' dir='ltr'>Theologos</span> <span class='ocrx_word' id='word_1_22' title='bbox 1660 1121 1764 1181; x_wconf 88' lang='lat' dir='ltr'>eadem</span> <span class='ocrx_word' id='word_1_23' title='bbox 1788 1120 1889 1200; x_wconf 92' lang='lat' dir='ltr'>opinio</span> <span class='ocrx_word' id='word_1_24' title='bbox 1913 1121 1970 1180; x_wconf 84' lang='lat' dir='ltr'>inr-</span> 
     </span>
     <span class='ocr_line' id='line_1_4' title="bbox 599 1218 1969 1301; baseline 0.001 -21"><span class='ocrx_word' id='word_1_25' title='bbox 599 1220 731 1301; x_wconf 87' lang='lat' dir='ltr'>plicarit.</span> <span class='ocrx_word' id='word_1_26' title='bbox 778 1218 971 1282; x_wconf 73' lang='lat' dir='ltr'>Orientalium</span> <span class='ocrx_word' id='word_1_27' title='bbox 996 1218 1152 1297; x_wconf 81' lang='lat' dir='ltr'>disciplina</span> <span class='ocrx_word' id='word_1_28' title='bbox 1183 1227 1246 1295; x_wconf 90' lang='lat' dir='ltr'>cst,</span> <span class='ocrx_word' id='word_1_29' title='bbox 1279 1221 1401 1281; x_wconf 80' lang='lat' dir='ltr'>elevare</span> <span class='ocrx_word' id='word_1_30' title='bbox 1424 1227 1454 1280; x_wconf 90' lang='lat' dir='ltr'>ct</span> <span class='ocrx_word' id='word_1_31' title='bbox 1478 1219 1661 1281; x_wconf 80' lang='lat' dir='ltr'>adstantibus</span> <span class='ocrx_word' id='word_1_32' title='bbox 1692 1219 1854 1281; x_wconf 84' lang='lat' dir='ltr'>ostendere</span> <span class='ocrx_word' id='word_1_33' title='bbox 1882 1238 1969 1282; x_wconf 87' lang='lat' dir='ltr'>sacru</span> 
     </span>
     <span class='ocr_line' id='line_1_5' title="bbox 600 1318 1969 1400; baseline -0.001 -20"><span class='ocrx_word' id='word_1_34' title='bbox 600 1322 760 1400; x_wconf 78' lang='lat' dir='ltr'>mysteria,</span> <span class='ocrx_word' id='word_1_35' title='bbox 790 1319 879 1399; x_wconf 74' lang='lat' dir='ltr'>praalo</span> <span class='ocrx_word' id='word_1_36' title='bbox 909 1325 978 1378; x_wconf 79' lang='lat' dir='ltr'>aitte</span> <span class='ocrx_word' id='word_1_37' title='bbox 1001 1320 1250 1396; x_wconf 89' lang='lat' dir='ltr'>communionem,</span> <span class='ocrx_word' id='word_1_38' title='bbox 1275 1337 1339 1380; x_wconf 89' lang='lat' dir='ltr'>cam</span> <span class='ocrx_word' id='word_1_39' title='bbox 1364 1318 1539 1380; x_wconf 88' lang='lat' dir='ltr'>inclamatur</span> <span class='ocrx_word' id='word_1_40' title='bbox 1568 1319 1683 1379; x_wconf 60' lang='lat' dir='ltr'>‚S&#39;armta</span> <span class='ocrx_word' id='word_1_41' title='bbox 1712 1320 1835 1379; x_wconf 82' lang='lat' dir='ltr'>soractis.</span> <span class='ocrx_word' id='word_1_42' title='bbox 1886 1319 1969 1379; x_wconf 84' lang='lat' dir='ltr'>Tunc</span> 
     </span>
     <span class='ocr_line' id='line_1_6' title="bbox 600 1407 1970 1501; baseline -0.002 -21"><span class='ocrx_word' id='word_1_43' title='bbox 600 1427 698 1480; x_wconf 91' lang='lat' dir='ltr'>autem</span> <span class='ocrx_word' id='word_1_44' title='bbox 721 1419 785 1480; x_wconf 84' lang='lat' dir='ltr'>heri</span> <span class='ocrx_word' id='word_1_45' title='bbox 808 1435 895 1497; x_wconf 77' lang='lat' dir='ltr'>quiam</span> <span class='ocrx_word' id='word_1_46' title='bbox 919 1417 1027 1476; x_wconf 87' lang='lat' dir='ltr'>Graeci</span> <span class='ocrx_word' id='word_1_47' title='bbox 1061 1425 1169 1477; x_wconf 77' lang='lat' dir='ltr'>nocant</span> <span class='ocrx_word' id='word_1_48' title='bbox 1189 1407 1297 1499; x_wconf 74' lang='grc' dir='ltr'><em>Ἁγίαν</em></span> <span class='ocrx_word' id='word_1_49' title='bbox 1329 1407 1474 1501; x_wconf 68' lang='lat' dir='ltr'>liparam,</span> <span class='ocrx_word' id='word_1_50' title='bbox 1505 1419 1570 1478; x_wconf 83' lang='lat' dir='ltr'>sire</span> <span class='ocrx_word' id='word_1_51' title='bbox 1600 1418 1812 1491; x_wconf 71' lang='lat' dir='ltr'>elevationem,</span> <span class='ocrx_word' id='word_1_52' title='bbox 1842 1418 1970 1497; x_wconf 77' lang='lat' dir='ltr'>protraat</span> 
     </span>
     <span class='ocr_line' id='line_1_7' title="bbox 601 1515 1971 1596; baseline -0.004 -15"><span class='ocrx_word' id='word_1_53' title='bbox 601 1520 709 1581; x_wconf 88' lang='lat' dir='ltr'>Graeci</span> <span class='ocrx_word' id='word_1_54' title='bbox 732 1535 836 1580; x_wconf 83' lang='lat' dir='ltr'>oiirues</span> <span class='ocrx_word' id='word_1_55' title='bbox 861 1517 983 1578; x_wconf 90' lang='lat' dir='ltr'>codices</span> <span class='ocrx_word' id='word_1_56' title='bbox 1012 1516 1174 1595; x_wconf 73' lang='lat' dir='ltr'>Litargici:</span> <span class='ocrx_word' id='word_1_57' title='bbox 1205 1517 1401 1596; x_wconf 74' lang='lat' dir='ltr'>Aegyptiaci,</span> <span class='ocrx_word' id='word_1_58' title='bbox 1434 1525 1464 1577; x_wconf 89' lang='lat' dir='ltr'>ct</span> <span class='ocrx_word' id='word_1_59' title='bbox 1492 1524 1614 1577; x_wconf 85' lang='lat' dir='ltr'>autores</span> <span class='ocrx_word' id='word_1_60' title='bbox 1642 1515 1759 1577; x_wconf 88' lang='lat' dir='ltr'>Ritaum</span> <span class='ocrx_word' id='word_1_61' title='bbox 1791 1518 1971 1596; x_wconf 80' lang='lat' dir='ltr'>grauissimi,</span> 
     </span>
     <span class='ocr_line' id='line_1_8' title="bbox 552 1614 1971 1699; baseline -0.003 -19"><span class='ocrx_word' id='word_1_62' title='bbox 552 1627 556 1638; x_wconf 93' lang='lat'>&#39;</span> <span class='ocrx_word' id='word_1_63' title='bbox 603 1636 729 1699; x_wconf 90' lang='lat' dir='ltr'>quorum</span> <span class='ocrx_word' id='word_1_64' title='bbox 762 1618 930 1678; x_wconf 90' lang='lat' dir='ltr'>testimonia</span> <span class='ocrx_word' id='word_1_65' title='bbox 965 1615 1001 1675; x_wconf 85' lang='lat' dir='ltr'>ud</span> <span class='ocrx_word' id='word_1_66' title='bbox 1030 1615 1130 1677; x_wconf 80' lang='lat' dir='ltr'>basilii</span> <span class='ocrx_word' id='word_1_67' title='bbox 1161 1617 1315 1697; x_wconf 88' lang='lat' dir='ltr'>Copticam</span> <span class='ocrx_word' id='word_1_68' title='bbox 1346 1615 1510 1697; x_wconf 84' lang='lat' dir='ltr'>Litargiam</span> <span class='ocrx_word' id='word_1_69' title='bbox 1538 1614 1719 1677; x_wconf 90' lang='lat' dir='ltr'>relcruatar.</span> <span class='ocrx_word' id='word_1_70' title='bbox 1771 1617 1873 1696; x_wconf 87' lang='lat' dir='ltr'>ltaque</span> <span class='ocrx_word' id='word_1_71' title='bbox 1904 1634 1971 1676; x_wconf 89' lang='lat' dir='ltr'>cum</span> 
     </span>
     <span class='ocr_line' id='line_1_9' title="bbox 600 1714 1971 1796; baseline -0.003 -17"><span class='ocrx_word' id='word_1_72' title='bbox 600 1717 780 1796; x_wconf 87' lang='lat' dir='ltr'>descriptam</span> <span class='ocrx_word' id='word_1_73' title='bbox 811 1716 971 1776; x_wconf 86' lang='lat' dir='ltr'>habeamus</span> <span class='ocrx_word' id='word_1_74' title='bbox 1006 1734 1045 1776; x_wconf 84' lang='lat' dir='ltr'>cx</span> <span class='ocrx_word' id='word_1_75' title='bbox 1076 1714 1133 1775; x_wconf 94' lang='lat' dir='ltr'>iltis</span> <span class='ocrx_word' id='word_1_76' title='bbox 1165 1717 1401 1793; x_wconf 86' lang='lat' dir='ltr'>caeremoniam,</span> <span class='ocrx_word' id='word_1_77' title='bbox 1444 1715 1608 1777; x_wconf 89' lang='lat' dir='ltr'>seeundum</span> <span class='ocrx_word' id='word_1_78' title='bbox 1639 1733 1726 1794; x_wconf 83' lang='lat' dir='ltr'>quma</span> <span class='ocrx_word' id='word_1_79' title='bbox 1760 1715 1867 1776; x_wconf 88' lang='lat' dir='ltr'>dicitur</span> <span class='ocrx_word' id='word_1_80' title='bbox 1896 1715 1971 1776; x_wconf 84' lang='lat' dir='ltr'>haec</span> 
     </span>
     <span class='ocr_line' id='line_1_10' title="bbox 600 1814 1972 1898; baseline -0.001 -21"><span class='ocrx_word' id='word_1_81' title='bbox 600 1816 807 1898; x_wconf 88' lang='lat' dir='ltr'>proclamatio,</span> <span class='ocrx_word' id='word_1_82' title='bbox 831 1832 994 1893; x_wconf 86' lang='lat' dir='ltr'>omnesque</span> <span class='ocrx_word' id='word_1_83' title='bbox 1022 1831 1086 1874; x_wconf 91' lang='lat' dir='ltr'>eam</span> <span class='ocrx_word' id='word_1_84' title='bbox 1110 1814 1175 1875; x_wconf 87' lang='lat' dir='ltr'>heri</span> <span class='ocrx_word' id='word_1_85' title='bbox 1205 1814 1391 1896; x_wconf 78' lang='lat' dir='ltr'>sigaihceat,</span> <span class='ocrx_word' id='word_1_86' title='bbox 1421 1832 1487 1875; x_wconf 89' lang='lat' dir='ltr'>cum</span> <span class='ocrx_word' id='word_1_87' title='bbox 1515 1814 1688 1890; x_wconf 78' lang='lat' dir='ltr'>elevantur,</span> <span class='ocrx_word' id='word_1_88' title='bbox 1719 1822 1749 1875; x_wconf 90' lang='lat' dir='ltr'>ct</span> <span class='ocrx_word' id='word_1_89' title='bbox 1773 1814 1972 1876; x_wconf 89' lang='lat' dir='ltr'>ostendantur</span> 
     </span>
     <span class='ocr_line' id='line_1_11' title="bbox 602 1911 1971 1995; baseline -0.003 -16"><span class='ocrx_word' id='word_1_90' title='bbox 602 1933 689 1979; x_wconf 90' lang='lat' dir='ltr'>sacra</span> <span class='ocrx_word' id='word_1_91' title='bbox 713 1916 864 1995; x_wconf 81' lang='lat' dir='ltr'>mysteria,</span> <span class='ocrx_word' id='word_1_92' title='bbox 888 1913 998 1991; x_wconf 81' lang='lat' dir='ltr'>illamre</span> <span class='ocrx_word' id='word_1_93' title='bbox 1023 1911 1140 1972; x_wconf 88' lang='lat' dir='ltr'>taudem</span> <span class='ocrx_word' id='word_1_94' title='bbox 1164 1913 1202 1975; x_wconf 90' lang='lat' dir='ltr'>sit</span> <span class='ocrx_word' id='word_1_95' title='bbox 1232 1914 1368 1974; x_wconf 90' lang='lat' dir='ltr'>omnibus</span> <span class='ocrx_word' id='word_1_96' title='bbox 1392 1913 1593 1975; x_wconf 89' lang='lat' dir='ltr'>Orientalibus</span> <span class='ocrx_word' id='word_1_97' title='bbox 1618 1915 1798 1990; x_wconf 89' lang='lat' dir='ltr'>coaaauois,</span> <span class='ocrx_word' id='word_1_98' title='bbox 1824 1914 1873 1974; x_wconf 89' lang='lat' dir='ltr'>ubi</span> <span class='ocrx_word' id='word_1_99' title='bbox 1898 1916 1971 1975; x_wconf 89' lang='lat' dir='ltr'>ritus</span> 
     </span>
     <span class='ocr_line' id='line_1_12' title="bbox 602 2011 1972 2096; baseline -0.003 -19"><span class='ocrx_word' id='word_1_100' title='bbox 602 2014 801 2096; x_wconf 87' lang='lat' dir='ltr'>particulatim</span> <span class='ocrx_word' id='word_1_101' title='bbox 824 2032 884 2074; x_wconf 92' lang='lat' dir='ltr'>noa</span> <span class='ocrx_word' id='word_1_102' title='bbox 916 2011 1098 2090; x_wconf 69' lang='lat' dir='ltr'>implicatur,</span> <span class='ocrx_word' id='word_1_103' title='bbox 1128 2013 1181 2073; x_wconf 91' lang='lat' dir='ltr'>sed</span> <span class='ocrx_word' id='word_1_104' title='bbox 1213 2020 1324 2073; x_wconf 90' lang='lat' dir='ltr'>tautum</span> <span class='ocrx_word' id='word_1_105' title='bbox 1354 2021 1473 2073; x_wconf 91' lang='lat' dir='ltr'>notatur</span> <span class='ocrx_word' id='word_1_106' title='bbox 1502 2015 1617 2073; x_wconf 85' lang='lat' dir='ltr'>Sancta</span> <span class='ocrx_word' id='word_1_107' title='bbox 1644 2015 1775 2088; x_wconf 79' lang='lat' dir='ltr'>soractis,</span> <span class='ocrx_word' id='word_1_108' title='bbox 1811 2012 1890 2072; x_wconf 94' lang='lat' dir='ltr'>ittam</span> <span class='ocrx_word' id='word_1_109' title='bbox 1922 2014 1972 2092; x_wconf 85' lang='lat' dir='ltr'>qui</span> 
     </span>
     <span class='ocr_line' id='line_1_13' title="bbox 527 2111 1973 2191; baseline -0.003 -15"><span class='ocrx_word' id='word_1_110' title='bbox 527 2125 530 2130; x_wconf 87' lang='lat'>&#39;</span> <span class='ocrx_word' id='word_1_111' title='bbox 602 2115 707 2176; x_wconf 90' lang='lat' dir='ltr'>iisdem</span> <span class='ocrx_word' id='word_1_112' title='bbox 730 2112 833 2174; x_wconf 89' lang='lat' dir='ltr'>verbis</span> <span class='ocrx_word' id='word_1_113' title='bbox 857 2112 1034 2190; x_wconf 81' lang='lat' dir='ltr'>corrjrmctas</span> <span class='ocrx_word' id='word_1_114' title='bbox 1064 2111 1174 2190; x_wconf 78' lang='lat' dir='ltr'>uitrique</span> <span class='ocrx_word' id='word_1_115' title='bbox 1203 2121 1263 2189; x_wconf 90' lang='lat' dir='ltr'>est,</span> <span class='ocrx_word' id='word_1_116' title='bbox 1289 2112 1459 2189; x_wconf 62' lang='lat' dir='ltr'>intelligere</span> <span class='ocrx_word' id='word_1_117' title='bbox 1483 2130 1642 2191; x_wconf 91' lang='lat' dir='ltr'>passumus</span> <span class='ocrx_word' id='word_1_118' title='bbox 1674 2120 1703 2172; x_wconf 90' lang='lat' dir='ltr'>et</span> <span class='ocrx_word' id='word_1_119' title='bbox 1733 2112 1886 2172; x_wconf 81' lang='lat' dir='ltr'>debemus.</span> <span class='ocrx_word' id='word_1_120' title='bbox 1933 2111 1973 2171; x_wconf 85' lang='lat' dir='ltr'>ht</span> 
     </span>
     <span class='ocr_line' id='line_1_14' title="bbox 601 2210 1972 2293; baseline -0.002 -19"><span class='ocrx_word' id='word_1_121' title='bbox 601 2213 715 2274; x_wconf 77' lang='lat' dir='ltr'>Surieta</span> <span class='ocrx_word' id='word_1_122' title='bbox 737 2213 852 2272; x_wconf 77' lang='lat' dir='ltr'>sccactis</span> <span class='ocrx_word' id='word_1_123' title='bbox 874 2210 986 2290; x_wconf 83' lang='lat' dir='ltr'>legitur</span> <span class='ocrx_word' id='word_1_124' title='bbox 1009 2210 1037 2269; x_wconf 91' lang='lat' dir='ltr'>ia</span> <span class='ocrx_word' id='word_1_125' title='bbox 1062 2212 1197 2271; x_wconf 85' lang='lat' dir='ltr'>onunbus</span> <span class='ocrx_word' id='word_1_126' title='bbox 1216 2212 1404 2273; x_wconf 79' lang='lat' dir='ltr'>Nestoriauis</span> <span class='ocrx_word' id='word_1_127' title='bbox 1421 2211 1579 2293; x_wconf 77' lang='lat' dir='ltr'>Litargiis:</span> <span class='ocrx_word' id='word_1_128' title='bbox 1605 2212 1694 2293; x_wconf 76' lang='lat' dir='ltr'>igitur</span> <span class='ocrx_word' id='word_1_129' title='bbox 1718 2211 1797 2290; x_wconf 81' lang='lat' dir='ltr'>quod</span> <span class='ocrx_word' id='word_1_130' title='bbox 1813 2211 1972 2272; x_wconf 84' lang='lat' dir='ltr'>Christiani</span> 
     </span>
     <span class='ocr_line' id='line_1_15' title="bbox 602 2309 1972 2390; baseline -0.001 -16"><span class='ocrx_word' id='word_1_131' title='bbox 602 2330 706 2375; x_wconf 90' lang='lat' dir='ltr'>omnes</span> <span class='ocrx_word' id='word_1_132' title='bbox 736 2309 937 2371; x_wconf 78' lang='lat' dir='ltr'>observabant</span> <span class='ocrx_word' id='word_1_133' title='bbox 966 2327 1003 2369; x_wconf 93' lang='lat' dir='ltr'>eo</span> <span class='ocrx_word' id='word_1_134' title='bbox 1034 2309 1120 2384; x_wconf 87' lang='lat' dir='ltr'>loco,</span> <span class='ocrx_word' id='word_1_135' title='bbox 1154 2310 1302 2372; x_wconf 82' lang='lat' dir='ltr'>elevando</span> <span class='ocrx_word' id='word_1_136' title='bbox 1327 2310 1559 2386; x_wconf 89' lang='lat' dir='ltr'>Eucharistiam,</span> <span class='ocrx_word' id='word_1_137' title='bbox 1589 2328 1605 2369; x_wconf 91' lang='lat' dir='ltr'>a</span> <span class='ocrx_word' id='word_1_138' title='bbox 1635 2310 1822 2371; x_wconf 82' lang='lat' dir='ltr'>Nestoriaais</span> <span class='ocrx_word' id='word_1_139' title='bbox 1852 2328 1972 2390; x_wconf 82' lang='lat' dir='ltr'>qaoque</span> 
     </span>
     <span class='ocr_line' id='line_1_16' title="bbox 603 2408 1972 2488; baseline -0.002 -15"><span class='ocrx_word' id='word_1_140' title='bbox 603 2410 832 2474; x_wconf 73' lang='lat' dir='ltr'>observabatur,</span> <span class='ocrx_word' id='word_1_141' title='bbox 875 2409 969 2481; x_wconf 82' lang='lat' dir='ltr'>Quam</span> <span class='ocrx_word' id='word_1_142' title='bbox 993 2427 1085 2488; x_wconf 90' lang='lat' dir='ltr'>porro</span> <span class='ocrx_word' id='word_1_143' title='bbox 1108 2409 1203 2470; x_wconf 87' lang='lat' dir='ltr'>inanis</span> <span class='ocrx_word' id='word_1_144' title='bbox 1227 2413 1264 2470; x_wconf 91' lang='lat' dir='ltr'>sit</span> <span class='ocrx_word' id='word_1_145' title='bbox 1289 2429 1328 2470; x_wconf 87' lang='lat' dir='ltr'>cx</span> <span class='ocrx_word' id='word_1_146' title='bbox 1351 2408 1471 2472; x_wconf 83' lang='lat' dir='ltr'>‹telcctu</span> <span class='ocrx_word' id='word_1_147' title='bbox 1495 2409 1672 2471; x_wconf 89' lang='lat' dir='ltr'>elevationis</span> <span class='ocrx_word' id='word_1_148' title='bbox 1697 2409 1732 2469; x_wconf 93' lang='lat' dir='ltr'>ad</span> <span class='ocrx_word' id='word_1_149' title='bbox 1756 2409 1972 2471; x_wconf 81' lang='lat' dir='ltr'>excludendam</span> 
     </span>
     <span class='ocr_line' id='line_1_17' title="bbox 604 2507 1974 2588; baseline -0.001 -16"><span class='ocrx_word' id='word_1_150' title='bbox 604 2511 806 2572; x_wconf 90' lang='lat' dir='ltr'>adorationem</span> <span class='ocrx_word' id='word_1_151' title='bbox 830 2508 1028 2583; x_wconf 84' lang='lat' dir='ltr'>ratiocinatio,</span> <span class='ocrx_word' id='word_1_152' title='bbox 1053 2526 1091 2568; x_wconf 79' lang='lat' dir='ltr'>es</span> <span class='ocrx_word' id='word_1_153' title='bbox 1115 2507 1277 2571; x_wconf 89' lang='lat' dir='ltr'>domestica</span> <span class='ocrx_word' id='word_1_154' title='bbox 1291 2518 1393 2570; x_wconf 92' lang='lat' dir='ltr'>nostra</span> <span class='ocrx_word' id='word_1_155' title='bbox 1417 2508 1575 2588; x_wconf 91' lang='lat' dir='ltr'>disciplina</span> <span class='ocrx_word' id='word_1_156' title='bbox 1599 2508 1775 2571; x_wconf 89' lang='lat' dir='ltr'>ostenditur.</span> <span class='ocrx_word' id='word_1_157' title='bbox 1815 2509 1901 2570; x_wconf 82' lang='lat' dir='ltr'>Faria</span> <span class='ocrx_word' id='word_1_158' title='bbox 1926 2510 1974 2570; x_wconf 80' lang='lat' dir='ltr'>l&#39;l.</span> 
     </span>
     <span class='ocr_line' id='line_1_18' title="bbox 603 2606 1972 2692; baseline -0.003 -18"><span class='ocrx_word' id='word_1_159' title='bbox 603 2611 722 2692; x_wconf 82' lang='lat' dir='ltr'>majoris</span> <span class='ocrx_word' id='word_1_160' title='bbox 754 2606 990 2682; x_wconf 72' lang='lat' dir='ltr'>llebdomadae,</span> <span class='ocrx_word' id='word_1_161' title='bbox 1020 2626 1079 2686; x_wconf 82' lang='lat' dir='ltr'>qua</span> <span class='ocrx_word' id='word_1_162' title='bbox 1109 2607 1174 2668; x_wconf 90' lang='lat' dir='ltr'>sola</span> <span class='ocrx_word' id='word_1_163' title='bbox 1209 2609 1257 2669; x_wconf 92' lang='lat' dir='ltr'>dic</span> <span class='ocrx_word' id='word_1_164' title='bbox 1293 2608 1463 2669; x_wconf 87' lang='lat' dir='ltr'>celebratur</span> <span class='ocrx_word' id='word_1_165' title='bbox 1492 2609 1521 2668; x_wconf 89' lang='lat' dir='ltr'>ia</span> <span class='ocrx_word' id='word_1_166' title='bbox 1550 2607 1687 2668; x_wconf 88' lang='lat' dir='ltr'>Ecclesia</span> <span class='ocrx_word' id='word_1_167' title='bbox 1717 2607 1847 2668; x_wconf 79' lang='lat' dir='ltr'>Botriana</span> <span class='ocrx_word' id='word_1_168' title='bbox 1882 2609 1972 2670; x_wconf 87' lang='lat' dir='ltr'>llissa</span> 
     </span>
     <span class='ocr_line' id='line_1_19' title="bbox 603 2706 1974 2786; baseline -0.001 -14"><span class='ocrx_word' id='word_1_169' title='bbox 603 2706 945 2782; x_wconf 88' lang='lat' dir='ltr'>Praesanctiheatorum,</span> <span class='ocrx_word' id='word_1_170' title='bbox 970 2707 1100 2767; x_wconf 82' lang='lat' dir='ltr'>alesatio</span> <span class='ocrx_word' id='word_1_171' title='bbox 1131 2724 1190 2768; x_wconf 92' lang='lat' dir='ltr'>non</span> <span class='ocrx_word' id='word_1_172' title='bbox 1214 2708 1261 2780; x_wconf 91' lang='lat' dir='ltr'>ht,</span> <span class='ocrx_word' id='word_1_173' title='bbox 1292 2716 1323 2768; x_wconf 88' lang='lat' dir='ltr'>ut</span> <span class='ocrx_word' id='word_1_174' title='bbox 1346 2708 1376 2767; x_wconf 92' lang='lat' dir='ltr'>ia</span> <span class='ocrx_word' id='word_1_175' title='bbox 1400 2708 1465 2768; x_wconf 92' lang='lat' dir='ltr'>aliis</span> <span class='ocrx_word' id='word_1_176' title='bbox 1489 2706 1554 2768; x_wconf 87' lang='lat' dir='ltr'>heri</span> <span class='ocrx_word' id='word_1_177' title='bbox 1578 2706 1673 2782; x_wconf 87' lang='lat' dir='ltr'>solet,</span> <span class='ocrx_word' id='word_1_178' title='bbox 1702 2708 1758 2767; x_wconf 90' lang='lat' dir='ltr'>nisi</span> <span class='ocrx_word' id='word_1_179' title='bbox 1787 2708 1876 2786; x_wconf 91' lang='lat' dir='ltr'>paulo</span> <span class='ocrx_word' id='word_1_180' title='bbox 1906 2717 1974 2770; x_wconf 89' lang='lat' dir='ltr'>anto</span> 
     </span>
     <span class='ocr_line' id='line_1_20' title="bbox 606 2805 1976 2885; baseline -0.002 -13"><span class='ocrx_word' id='word_1_181' title='bbox 606 2807 856 2872; x_wconf 88' lang='lat' dir='ltr'>communionem:</span> <span class='ocrx_word' id='word_1_182' title='bbox 880 2823 977 2884; x_wconf 88' lang='lat' dir='ltr'>neque</span> <span class='ocrx_word' id='word_1_183' title='bbox 1001 2806 1145 2867; x_wconf 90' lang='lat' dir='ltr'>attollitur</span> <span class='ocrx_word' id='word_1_184' title='bbox 1169 2806 1370 2884; x_wconf 81' lang='lat' dir='ltr'>Eucharistia,</span> <span class='ocrx_word' id='word_1_185' title='bbox 1400 2815 1432 2867; x_wconf 93' lang='lat' dir='ltr'>ut</span> <span class='ocrx_word' id='word_1_186' title='bbox 1454 2807 1483 2866; x_wconf 92' lang='lat' dir='ltr'>in</span> <span class='ocrx_word' id='word_1_187' title='bbox 1506 2806 1685 2885; x_wconf 88' lang='lat' dir='ltr'>quotidianis</span> <span class='ocrx_word' id='word_1_188' title='bbox 1710 2805 1820 2866; x_wconf 81' lang='lat' dir='ltr'>llissis:</span> <span class='ocrx_word' id='word_1_189' title='bbox 1845 2814 1875 2867; x_wconf 90' lang='lat' dir='ltr'>et</span> <span class='ocrx_word' id='word_1_190' title='bbox 1898 2808 1976 2869; x_wconf 89' lang='lat' dir='ltr'>ado-</span> 
     </span>
     <span class='ocr_line' id='line_1_21' title="bbox 606 2904 1973 2979; baseline 0.001 -11"><span class='ocrx_word' id='word_1_191' title='bbox 606 2917 690 2970; x_wconf 91' lang='lat' dir='ltr'>ratur</span> <span class='ocrx_word' id='word_1_192' title='bbox 713 2914 818 2965; x_wconf 90' lang='lat' dir='ltr'>tamea.</span> <span class='ocrx_word' id='word_1_193' title='bbox 864 2904 1095 2969; x_wconf 88' lang='lat' dir='ltr'>Carthasienses</span> <span class='ocrx_word' id='word_1_194' title='bbox 1124 2923 1180 2965; x_wconf 93' lang='lat' dir='ltr'>suo</span> <span class='ocrx_word' id='word_1_195' title='bbox 1211 2904 1280 2966; x_wconf 83' lang='lat' dir='ltr'>ltitu</span> <span class='ocrx_word' id='word_1_196' title='bbox 1304 2925 1391 2967; x_wconf 85' lang='lat' dir='ltr'>saera</span> <span class='ocrx_word' id='word_1_197' title='bbox 1415 2906 1576 2979; x_wconf 70' lang='lat' dir='ltr'>iacientes,</span> <span class='ocrx_word' id='word_1_198' title='bbox 1606 2905 1728 2966; x_wconf 90' lang='lat' dir='ltr'>calicem</span> <span class='ocrx_word' id='word_1_199' title='bbox 1757 2905 1808 2965; x_wconf 82' lang='lat' dir='ltr'>rix</span> <span class='ocrx_word' id='word_1_200' title='bbox 1839 2907 1973 2970; x_wconf 81' lang='lat' dir='ltr'>elevant:</span> 
     </span>
     <span class='ocr_line' id='line_1_22' title="bbox 608 3004 1975 3088; baseline -0.001 -19"><span class='ocrx_word' id='word_1_201' title='bbox 608 3007 732 3069; x_wconf 90' lang='lat' dir='ltr'>adorant</span> <span class='ocrx_word' id='word_1_202' title='bbox 756 3011 853 3064; x_wconf 91' lang='lat' dir='ltr'>tamen</span> <span class='ocrx_word' id='word_1_203' title='bbox 876 3005 1052 3085; x_wconf 73' lang='lat' dir='ltr'>sauguinem</span> <span class='ocrx_word' id='word_1_204' title='bbox 1077 3004 1196 3066; x_wconf 79' lang='lat' dir='ltr'>Christi.</span> <span class='ocrx_word' id='word_1_205' title='bbox 1249 3005 1373 3067; x_wconf 80' lang='lat' dir='ltr'>Elcvata</span> <span class='ocrx_word' id='word_1_206' title='bbox 1396 3014 1442 3066; x_wconf 89' lang='lat' dir='ltr'>est</span> <span class='ocrx_word' id='word_1_207' title='bbox 1465 3007 1556 3086; x_wconf 81' lang='lat' dir='ltr'>igitur</span> <span class='ocrx_word' id='word_1_208' title='bbox 1578 3004 1763 3066; x_wconf 86' lang='lat' dir='ltr'>Eucharistia</span> <span class='ocrx_word' id='word_1_209' title='bbox 1788 3005 1817 3065; x_wconf 93' lang='lat' dir='ltr'>ia</span> <span class='ocrx_word' id='word_1_210' title='bbox 1841 3005 1975 3088; x_wconf 76' lang='lat' dir='ltr'>Liturgia</span> 
     </span>
     <span class='ocr_line' id='line_1_23' title="bbox 607 3102 1974 3182; baseline -0.003 -13"><span class='ocrx_word' id='word_1_211' title='bbox 607 3107 786 3169; x_wconf 88' lang='lat' dir='ltr'>Nestoriaaa</span> <span class='ocrx_word' id='word_1_212' title='bbox 810 3121 893 3163; x_wconf 86' lang='lat' dir='ltr'>mmo</span> <span class='ocrx_word' id='word_1_213' title='bbox 917 3102 1064 3164; x_wconf 87' lang='lat' dir='ltr'>Orientali</span> <span class='ocrx_word' id='word_1_214' title='bbox 1087 3104 1175 3182; x_wconf 90' lang='lat' dir='ltr'>paulo</span> <span class='ocrx_word' id='word_1_215' title='bbox 1200 3112 1268 3166; x_wconf 87' lang='lat' dir='ltr'>ante</span> <span class='ocrx_word' id='word_1_216' title='bbox 1300 3105 1551 3181; x_wconf 85' lang='lat' dir='ltr'>corrruiuaioaem‚</span> <span class='ocrx_word' id='word_1_217' title='bbox 1582 3105 1636 3166; x_wconf 88' lang='lat' dir='ltr'>scd</span> <span class='ocrx_word' id='word_1_218' title='bbox 1667 3122 1725 3165; x_wconf 91' lang='lat' dir='ltr'>aon</span> <span class='ocrx_word' id='word_1_219' title='bbox 1750 3121 1787 3165; x_wconf 85' lang='lat' dir='ltr'>eo</span> <span class='ocrx_word' id='word_1_220' title='bbox 1811 3103 1890 3180; x_wconf 89' lang='lat' dir='ltr'>loeo,</span> <span class='ocrx_word' id='word_1_221' title='bbox 1915 3122 1974 3182; x_wconf 85' lang='lat' dir='ltr'>qao</span> 
     </span>
     <span class='ocr_line' id='line_1_24' title="bbox 607 3201 1157 3287; baseline -0.016 -21"><span class='ocrx_word' id='word_1_222' title='bbox 607 3207 778 3287; x_wconf 78' lang='lat' dir='ltr'>assignatur</span> <span class='ocrx_word' id='word_1_223' title='bbox 800 3204 828 3262; x_wconf 95' lang='lat' dir='ltr'>in</span> <span class='ocrx_word' id='word_1_224' title='bbox 851 3202 944 3262; x_wconf 88' lang='lat' dir='ltr'>hlissa</span> <span class='ocrx_word' id='word_1_225' title='bbox 968 3201 1157 3263; x_wconf 84' lang='lat' dir='ltr'>hlalabarica.</span> 
     </span>
    </p>

    <p class='ocr_par' dir='ltr' id='par_1_3' title="bbox 605 3299 1977 5364">
     <span class='ocr_line' id='line_1_25' title="bbox 693 3299 1975 3381; baseline 0.002 -20"><span class='ocrx_word' id='word_1_226' title='bbox 693 3301 725 3361; x_wconf 92' lang='lat' dir='ltr'>la</span> <span class='ocrx_word' id='word_1_227' title='bbox 755 3303 859 3363; x_wconf 89' lang='lat' dir='ltr'>eadem</span> <span class='ocrx_word' id='word_1_228' title='bbox 890 3308 1030 3362; x_wconf 90' lang='lat' dir='ltr'>notantur</span> <span class='ocrx_word' id='word_1_229' title='bbox 1054 3303 1247 3381; x_wconf 91' lang='lat' dir='ltr'>responsoria</span> <span class='ocrx_word' id='word_1_230' title='bbox 1272 3302 1399 3363; x_wconf 90' lang='lat' dir='ltr'>dicenda</span> <span class='ocrx_word' id='word_1_231' title='bbox 1430 3302 1604 3363; x_wconf 90' lang='lat' dir='ltr'>aDiacono</span> <span class='ocrx_word' id='word_1_232' title='bbox 1636 3309 1665 3363; x_wconf 90' lang='lat' dir='ltr'>ct</span> <span class='ocrx_word' id='word_1_233' title='bbox 1697 3320 1713 3361; x_wconf 93' lang='lat' dir='ltr'>a</span> <span class='ocrx_word' id='word_1_234' title='bbox 1743 3299 1863 3376; x_wconf 88' lang='lat' dir='ltr'>Chora,</span> <span class='ocrx_word' id='word_1_235' title='bbox 1894 3304 1975 3363; x_wconf 91' lang='lat' dir='ltr'>circa</span> 
     </span>
     <span class='ocr_line' id='line_1_26' title="bbox 608 3400 1974 3480; baseline 0.001 -20"><span class='ocrx_word' id='word_1_236' title='bbox 608 3400 820 3474; x_wconf 80' lang='lat' dir='ltr'>elevationcm3</span> <span class='ocrx_word' id='word_1_237' title='bbox 849 3408 920 3461; x_wconf 91' lang='lat' dir='ltr'>saut</span> <span class='ocrx_word' id='word_1_238' title='bbox 942 3407 1041 3462; x_wconf 89' lang='lat' dir='ltr'>autem</span> <span class='ocrx_word' id='word_1_239' title='bbox 1065 3400 1208 3462; x_wconf 88' lang='lat' dir='ltr'>translata</span> <span class='ocrx_word' id='word_1_240' title='bbox 1233 3421 1272 3462; x_wconf 85' lang='lat' dir='ltr'>ex</span> <span class='ocrx_word' id='word_1_241' title='bbox 1295 3402 1352 3462; x_wconf 87' lang='lat' dir='ltr'>atio</span> <span class='ocrx_word' id='word_1_242' title='bbox 1376 3402 1462 3479; x_wconf 92' lang='lat' dir='ltr'>loco,</span> <span class='ocrx_word' id='word_1_243' title='bbox 1492 3420 1600 3480; x_wconf 88' lang='lat' dir='ltr'>nempe</span> <span class='ocrx_word' id='word_1_244' title='bbox 1630 3409 1697 3462; x_wconf 86' lang='lat' dir='ltr'>ante</span> <span class='ocrx_word' id='word_1_245' title='bbox 1725 3401 1974 3474; x_wconf 89' lang='lat' dir='ltr'>comaumioaem,</span> 
     </span>
     <span class='ocr_line' id='line_1_27' title="bbox 608 3493 1975 3580; baseline 0.002 -21"><span class='ocrx_word' id='word_1_246' title='bbox 608 3507 637 3559; x_wconf 91' lang='lat' dir='ltr'>et</span> <span class='ocrx_word' id='word_1_247' title='bbox 660 3498 810 3576; x_wconf 77' lang='lat' dir='ltr'>homullo,</span> <span class='ocrx_word' id='word_1_248' title='bbox 835 3501 914 3560; x_wconf 88' lang='lat' dir='ltr'>circa</span> <span class='ocrx_word' id='word_1_249' title='bbox 938 3507 1054 3579; x_wconf 90' lang='lat' dir='ltr'>tempus</span> <span class='ocrx_word' id='word_1_250' title='bbox 1079 3501 1278 3561; x_wconf 79' lang='lat' dir='ltr'>invocationis</span> <span class='ocrx_word' id='word_1_251' title='bbox 1310 3501 1437 3580; x_wconf 90' lang='lat' dir='ltr'>Spiritus</span> <span class='ocrx_word' id='word_1_252' title='bbox 1467 3500 1572 3561; x_wconf 89' lang='lat' dir='ltr'>sancti.</span> <span class='ocrx_word' id='word_1_253' title='bbox 1622 3499 1703 3560; x_wconf 93' lang='lat' dir='ltr'>lntcr</span> <span class='ocrx_word' id='word_1_254' title='bbox 1732 3499 1782 3559; x_wconf 93' lang='lat' dir='ltr'>illa</span> <span class='ocrx_word' id='word_1_255' title='bbox 1805 3493 1895 3560; x_wconf 85' lang='lat' dir='ltr'>utrum</span> <span class='ocrx_word' id='word_1_256' title='bbox 1919 3520 1975 3562; x_wconf 94' lang='lat' dir='ltr'>oc-</span> 
     </span>
     <span class='ocr_line' id='line_1_28' title="bbox 608 3599 1976 3679; baseline 0.002 -20"><span class='ocrx_word' id='word_1_257' title='bbox 608 3600 712 3674; x_wconf 87' lang='lat' dir='ltr'>currit,</span> <span class='ocrx_word' id='word_1_258' title='bbox 736 3599 814 3677; x_wconf 83' lang='lat' dir='ltr'>quod</span> <span class='ocrx_word' id='word_1_259' title='bbox 838 3599 972 3660; x_wconf 87' lang='lat' dir='ltr'>ltaraaao</span> <span class='ocrx_word' id='word_1_260' title='bbox 996 3600 1171 3661; x_wconf 88' lang='lat' dir='ltr'>charactere</span> <span class='ocrx_word' id='word_1_261' title='bbox 1195 3600 1305 3661; x_wconf 84' lang='lat' dir='ltr'>editum</span> <span class='ocrx_word' id='word_1_262' title='bbox 1329 3607 1375 3660; x_wconf 86' lang='lat' dir='ltr'>ast</span> <span class='ocrx_word' id='word_1_263' title='bbox 1398 3603 1483 3679; x_wconf 86' lang='lat' dir='ltr'>quasi</span> <span class='ocrx_word' id='word_1_264' title='bbox 1507 3599 1626 3660; x_wconf 91' lang='lat' dir='ltr'>rubrica</span> <span class='ocrx_word' id='word_1_265' title='bbox 1650 3606 1742 3675; x_wconf 92' lang='lat' dir='ltr'>esset,</span> <span class='ocrx_word' id='word_1_266' title='bbox 1767 3599 1847 3678; x_wconf 92' lang='lat' dir='ltr'>quod</span> <span class='ocrx_word' id='word_1_267' title='bbox 1869 3602 1976 3662; x_wconf 90' lang='lat' dir='ltr'>incau-</span> 
     </span>
     <span class='ocr_line' id='line_1_29' title="bbox 608 3696 1975 3779; baseline 0.001 -22"><span class='ocrx_word' id='word_1_268' title='bbox 608 3705 656 3758; x_wconf 91' lang='lat' dir='ltr'>tos</span> <span class='ocrx_word' id='word_1_269' title='bbox 681 3696 811 3758; x_wconf 85' lang='lat' dir='ltr'>lectores</span> <span class='ocrx_word' id='word_1_270' title='bbox 835 3705 939 3776; x_wconf 85' lang='lat' dir='ltr'>posset</span> <span class='ocrx_word' id='word_1_271' title='bbox 963 3700 990 3757; x_wconf 91' lang='lat' dir='ltr'>iu</span> <span class='ocrx_word' id='word_1_272' title='bbox 1015 3718 1149 3759; x_wconf 86' lang='lat' dir='ltr'>errarem</span> <span class='ocrx_word' id='word_1_273' title='bbox 1171 3699 1327 3775; x_wconf 88' lang='lat' dir='ltr'>inducere,</span> <span class='ocrx_word' id='word_1_274' title='bbox 1351 3699 1417 3779; x_wconf 84' lang='lat' dir='ltr'>qaia</span> <span class='ocrx_word' id='word_1_275' title='bbox 1431 3699 1559 3760; x_wconf 90' lang='lat' dir='ltr'>orationi</span> <span class='ocrx_word' id='word_1_276' title='bbox 1582 3717 1636 3759; x_wconf 91' lang='lat' dir='ltr'>seu</span> <span class='ocrx_word' id='word_1_277' title='bbox 1659 3700 1857 3777; x_wconf 93' lang='lat' dir='ltr'>responsorio</span> <span class='ocrx_word' id='word_1_278' title='bbox 1880 3699 1975 3759; x_wconf 85' lang='lat' dir='ltr'>verba</span> 
     </span>
     <span class='ocr_line' id='line_1_30' title="bbox 608 3796 1976 3876; baseline 0.001 -20"><span class='ocrx_word' id='word_1_279' title='bbox 608 3797 772 3856; x_wconf 82' lang='lat' dir='ltr'>corrvenirc</span> <span class='ocrx_word' id='word_1_280' title='bbox 795 3814 854 3856; x_wconf 83' lang='lat' dir='ltr'>nort</span> <span class='ocrx_word' id='word_1_281' title='bbox 878 3796 1026 3859; x_wconf 82' lang='lat' dir='ltr'>ridentur.</span> <span class='ocrx_word' id='word_1_282' title='bbox 1058 3798 1210 3858; x_wconf 84' lang='lat' dir='ltr'>Currantur</span> <span class='ocrx_word' id='word_1_283' title='bbox 1233 3806 1331 3859; x_wconf 87' lang='lat' dir='ltr'>tamen</span> <span class='ocrx_word' id='word_1_284' title='bbox 1354 3797 1475 3859; x_wconf 92' lang='lat' dir='ltr'>alternis</span> <span class='ocrx_word' id='word_1_285' title='bbox 1498 3797 1572 3858; x_wconf 87' lang='lat' dir='ltr'>baec</span> <span class='ocrx_word' id='word_1_286' title='bbox 1596 3798 1703 3872; x_wconf 89' lang='lat' dir='ltr'>omnia,</span> <span class='ocrx_word' id='word_1_287' title='bbox 1727 3797 1859 3859; x_wconf 89' lang='lat' dir='ltr'>Diacono</span> <span class='ocrx_word' id='word_1_288' title='bbox 1883 3815 1976 3876; x_wconf 92' lang='lat' dir='ltr'>prae-</span> 
     </span>
     <span class='ocr_line' id='line_1_31' title="bbox 609 3894 1975 3977; baseline 0 -21"><span class='ocrx_word' id='word_1_289' title='bbox 609 3903 710 3971; x_wconf 88' lang='lat' dir='ltr'>cunte,</span> <span class='ocrx_word' id='word_1_290' title='bbox 736 3894 824 3972; x_wconf 85' lang='lat' dir='ltr'>idque</span> <span class='ocrx_word' id='word_1_291' title='bbox 849 3895 1030 3956; x_wconf 78' lang='lat' dir='ltr'>observatur</span> <span class='ocrx_word' id='word_1_292' title='bbox 1052 3899 1165 3976; x_wconf 89' lang='lat' dir='ltr'>pariter</span> <span class='ocrx_word' id='word_1_293' title='bbox 1195 3898 1273 3977; x_wconf 88' lang='lat' dir='ltr'>apud</span> <span class='ocrx_word' id='word_1_294' title='bbox 1295 3897 1466 3974; x_wconf 88' lang='lat' dir='ltr'>Jacobitas,</span> <span class='ocrx_word' id='word_1_295' title='bbox 1496 3897 1527 3956; x_wconf 93' lang='lat' dir='ltr'>in</span> <span class='ocrx_word' id='word_1_296' title='bbox 1558 3914 1683 3975; x_wconf 86' lang='lat' dir='ltr'>quorum</span> <span class='ocrx_word' id='word_1_297' title='bbox 1715 3896 1791 3958; x_wconf 92' lang='lat' dir='ltr'>libro</span> <span class='ocrx_word' id='word_1_298' title='bbox 1820 3897 1975 3957; x_wconf 90' lang='lat' dir='ltr'>llinisterii</span> 
     </span>
     <span class='ocr_line' id='line_1_32' title="bbox 607 3993 1975 4077; baseline 0.001 -23"><span class='ocrx_word' id='word_1_299' title='bbox 607 3993 760 4055; x_wconf 86' lang='lat' dir='ltr'>Diaconici</span> <span class='ocrx_word' id='word_1_300' title='bbox 784 3993 924 4075; x_wconf 75' lang='lat' dir='ltr'>legantur</span> <span class='ocrx_word' id='word_1_301' title='bbox 947 3996 1080 4074; x_wconf 82' lang='lat' dir='ltr'>ejasrtcai</span> <span class='ocrx_word' id='word_1_302' title='bbox 1104 3997 1226 4077; x_wconf 85' lang='lat' dir='ltr'>generis</span> <span class='ocrx_word' id='word_1_303' title='bbox 1249 3997 1460 4075; x_wconf 88' lang='lat' dir='ltr'>responsoria,</span> <span class='ocrx_word' id='word_1_304' title='bbox 1484 4004 1513 4057; x_wconf 86' lang='lat' dir='ltr'>et</span> <span class='ocrx_word' id='word_1_305' title='bbox 1536 3996 1606 4057; x_wconf 94' lang='lat' dir='ltr'>illad</span> <span class='ocrx_word' id='word_1_306' title='bbox 1631 3996 1688 4056; x_wconf 92' lang='lat' dir='ltr'>hoc</span> <span class='ocrx_word' id='word_1_307' title='bbox 1711 3997 1777 4076; x_wconf 92' lang='lat' dir='ltr'>ipso</span> <span class='ocrx_word' id='word_1_308' title='bbox 1801 3996 1868 4057; x_wconf 91' lang='lat' dir='ltr'>loeo</span> <span class='ocrx_word' id='word_1_309' title='bbox 1892 4004 1922 4056; x_wconf 84' lang='lat' dir='ltr'>ct</span> <span class='ocrx_word' id='word_1_310' title='bbox 1945 3998 1975 4056; x_wconf 94' lang='lat' dir='ltr'>in</span> 
     </span>
     <span class='ocr_line' id='line_1_33' title="bbox 609 4093 1977 4174; baseline -0.001 -19"><span class='ocrx_word' id='word_1_311' title='bbox 609 4093 743 4155; x_wconf 90' lang='lat' dir='ltr'>camdem</span> <span class='ocrx_word' id='word_1_312' title='bbox 766 4094 951 4153; x_wconf 82' lang='lat' dir='ltr'>sententiam.</span> <span class='ocrx_word' id='word_1_313' title='bbox 998 4093 1094 4167; x_wconf 74' lang='lat' dir='ltr'>Otium</span> <span class='ocrx_word' id='word_1_314' title='bbox 1117 4096 1260 4155; x_wconf 79' lang='lat' dir='ltr'>terribilis</span> <span class='ocrx_word' id='word_1_315' title='bbox 1282 4096 1358 4155; x_wconf 82' lang='lat' dir='ltr'>haec</span> <span class='ocrx_word' id='word_1_316' title='bbox 1379 4096 1457 4156; x_wconf 89' lang='lat' dir='ltr'>horu</span> <span class='ocrx_word' id='word_1_317' title='bbox 1481 4104 1539 4170; x_wconf 85' lang='lat' dir='ltr'>est,</span> <span class='ocrx_word' id='word_1_318' title='bbox 1563 4098 1592 4156; x_wconf 86' lang='lat' dir='ltr'>ia</span> <span class='ocrx_word' id='word_1_319' title='bbox 1616 4115 1675 4174; x_wconf 77' lang='lat' dir='ltr'>prta</span> <span class='ocrx_word' id='word_1_320' title='bbox 1700 4095 1832 4173; x_wconf 86' lang='lat' dir='ltr'>Spiritus</span> <span class='ocrx_word' id='word_1_321' title='bbox 1854 4104 1977 4156; x_wconf 78' lang='lat' dir='ltr'>srrrrctus</span> 
     </span>
     <span class='ocr_line' id='line_1_34' title="bbox 609 4194 1974 4274; baseline 0.001 -21"><span class='ocrx_word' id='word_1_322' title='bbox 609 4195 647 4253; x_wconf 91' lang='lat' dir='ltr'>de</span> <span class='ocrx_word' id='word_1_323' title='bbox 669 4194 761 4253; x_wconf 87' lang='lat' dir='ltr'>coelis</span> <span class='ocrx_word' id='word_1_324' title='bbox 783 4194 938 4253; x_wconf 85' lang='lat' dir='ltr'>descendit</span> <span class='ocrx_word' id='word_1_325' title='bbox 959 4212 1050 4271; x_wconf 87' lang='lat' dir='ltr'>snper·</span> <span class='ocrx_word' id='word_1_326' title='bbox 1079 4194 1304 4254; x_wconf 82' lang='lat' dir='ltr'>Eucharistium</span> <span class='ocrx_word' id='word_1_327' title='bbox 1332 4197 1363 4255; x_wconf 83' lang='lat' dir='ltr'>ia</span> <span class='ocrx_word' id='word_1_328' title='bbox 1393 4195 1488 4256; x_wconf 75' lang='lat' dir='ltr'>uitiari</span> <span class='ocrx_word' id='word_1_329' title='bbox 1513 4197 1659 4274; x_wconf 88' lang='lat' dir='ltr'>positum,</span> <span class='ocrx_word' id='word_1_330' title='bbox 1688 4205 1743 4258; x_wconf 87' lang='lat' dir='ltr'>etc.</span> <span class='ocrx_word' id='word_1_331' title='bbox 1795 4196 1836 4257; x_wconf 93' lang='lat' dir='ltr'>lta</span> <span class='ocrx_word' id='word_1_332' title='bbox 1866 4195 1974 4256; x_wconf 91' lang='lat' dir='ltr'>lectam</span> 
     </span>
     <span class='ocr_line' id='line_1_35' title="bbox 611 4291 1975 4374; baseline 0.001 -21"><span class='ocrx_word' id='word_1_333' title='bbox 611 4293 705 4353; x_wconf 90' lang='lat' dir='ltr'>luisse</span> <span class='ocrx_word' id='word_1_334' title='bbox 729 4292 756 4351; x_wconf 94' lang='lat' dir='ltr'>in</span> <span class='ocrx_word' id='word_1_335' title='bbox 780 4291 1027 4353; x_wconf 84' lang='lat' dir='ltr'>Nestorianorum</span> <span class='ocrx_word' id='word_1_336' title='bbox 1052 4293 1204 4352; x_wconf 89' lang='lat' dir='ltr'>codicibus</span> <span class='ocrx_word' id='word_1_337' title='bbox 1234 4293 1311 4354; x_wconf 90' lang='lat' dir='ltr'>hanc</span> <span class='ocrx_word' id='word_1_338' title='bbox 1334 4295 1519 4374; x_wconf 91' lang='lat' dir='ltr'>responsorii</span> <span class='ocrx_word' id='word_1_339' title='bbox 1541 4293 1714 4370; x_wconf 80' lang='lat' dir='ltr'>formulam,</span> <span class='ocrx_word' id='word_1_340' title='bbox 1742 4302 1889 4355; x_wconf 88' lang='lat' dir='ltr'>testantur</span> <span class='ocrx_word' id='word_1_341' title='bbox 1912 4294 1975 4354; x_wconf 88' lang='lat' dir='ltr'>Lu-</span> 
     </span>
     <span class='ocr_line' id='line_1_36' title="bbox 608 4390 1974 4471; baseline 0.001 -20"><span class='ocrx_word' id='word_1_342' title='bbox 608 4392 705 4452; x_wconf 87' lang='lat' dir='ltr'>sitani.</span> <span class='ocrx_word' id='word_1_343' title='bbox 761 4390 913 4451; x_wconf 83' lang='lat' dir='ltr'>Sacerdos</span> <span class='ocrx_word' id='word_1_344' title='bbox 947 4393 1066 4469; x_wconf 76' lang='lat' dir='ltr'>qttarrda</span> <span class='ocrx_word' id='word_1_345' title='bbox 1096 4393 1138 4452; x_wconf 87' lang='lat' dir='ltr'>ud</span> <span class='ocrx_word' id='word_1_346' title='bbox 1167 4400 1303 4452; x_wconf 87' lang='lat' dir='ltr'>sanctum</span> <span class='ocrx_word' id='word_1_347' title='bbox 1332 4395 1428 4454; x_wconf 79' lang='lat' dir='ltr'>(citare</span> <span class='ocrx_word' id='word_1_348' title='bbox 1458 4395 1633 4471; x_wconf 78' lang='lat' dir='ltr'>inpreditar,</span> <span class='ocrx_word' id='word_1_349' title='bbox 1664 4413 1771 4454; x_wconf 77' lang='lat' dir='ltr'>triatrus</span> <span class='ocrx_word' id='word_1_350' title='bbox 1799 4412 1872 4453; x_wconf 83' lang='lat' dir='ltr'>siras</span> <span class='ocrx_word' id='word_1_351' title='bbox 1898 4413 1974 4471; x_wconf 86' lang='lat' dir='ltr'>pure</span> 
     </span>
     <span class='ocr_line' id='line_1_37' title="bbox 605 4490 1974 4573; baseline -0.001 -22"><span class='ocrx_word' id='word_1_352' title='bbox 605 4491 758 4568; x_wconf 83' lang='lat' dir='ltr'>protendit</span> <span class='ocrx_word' id='word_1_353' title='bbox 786 4491 817 4549; x_wconf 85' lang='lat' dir='ltr'>in</span> <span class='ocrx_word' id='word_1_354' title='bbox 847 4491 976 4567; x_wconf 70' lang='lat' dir='ltr'>corilum,</span> <span class='ocrx_word' id='word_1_355' title='bbox 1017 4499 1045 4550; x_wconf 89' lang='lat' dir='ltr'>et</span> <span class='ocrx_word' id='word_1_356' title='bbox 1072 4493 1181 4550; x_wconf 84' lang='lat' dir='ltr'>incitat</span> <span class='ocrx_word' id='word_1_357' title='bbox 1203 4490 1326 4565; x_wconf 86' lang='lat' dir='ltr'>(melius</span> <span class='ocrx_word' id='word_1_358' title='bbox 1350 4495 1494 4564; x_wconf 80' lang='lat' dir='ltr'>inuocat)</span> <span class='ocrx_word' id='word_1_359' title='bbox 1521 4492 1680 4569; x_wconf 85' lang='lat' dir='ltr'>Spiritum,</span> <span class='ocrx_word' id='word_1_360' title='bbox 1711 4496 1762 4573; x_wconf 79' lang='lat' dir='ltr'>piri</span> <span class='ocrx_word' id='word_1_361' title='bbox 1790 4495 1827 4553; x_wconf 85' lang='lat' dir='ltr'>da</span> <span class='ocrx_word' id='word_1_362' title='bbox 1857 4494 1974 4570; x_wconf 74' lang='lat' dir='ltr'>cruperis</span> 
     </span>
     <span class='ocr_line' id='line_1_38' title="bbox 608 4590 1976 4669; baseline 0.003 -22"><span class='ocrx_word' id='word_1_363' title='bbox 608 4590 771 4661; x_wconf 85' lang='lat' dir='ltr'>deseendit,</span> <span class='ocrx_word' id='word_1_364' title='bbox 795 4595 823 4647; x_wconf 87' lang='lat' dir='ltr'>et</span> <span class='ocrx_word' id='word_1_365' title='bbox 845 4597 1002 4649; x_wconf 84' lang='lat' dir='ltr'>corrseerut</span> <span class='ocrx_word' id='word_1_366' title='bbox 1024 4609 1135 4667; x_wconf 89' lang='lat' dir='ltr'>corpus</span> <span class='ocrx_word' id='word_1_367' title='bbox 1157 4597 1186 4649; x_wconf 92' lang='lat' dir='ltr'>et</span> <span class='ocrx_word' id='word_1_368' title='bbox 1207 4594 1382 4669; x_wconf 74' lang='lat' dir='ltr'>saripriiuem</span> <span class='ocrx_word' id='word_1_369' title='bbox 1406 4590 1527 4653; x_wconf 85' lang='lat' dir='ltr'>Christi.</span> <span class='ocrx_word' id='word_1_370' title='bbox 1571 4591 1644 4651; x_wconf 89' lang='lat' dir='ltr'>Turn</span> <span class='ocrx_word' id='word_1_371' title='bbox 1668 4592 1742 4653; x_wconf 69' lang='lat' dir='ltr'>ham</span> <span class='ocrx_word' id='word_1_372' title='bbox 1765 4591 1884 4652; x_wconf 90' lang='lat' dir='ltr'>addunt.</span> <span class='ocrx_word' id='word_1_373' title='bbox 1928 4591 1976 4651; x_wconf 88' lang='lat' dir='ltr'>lbi</span> 
     </span>
     <span class='ocr_line' id='line_1_39' title="bbox 608 4690 1974 4768; baseline 0.002 -23"><span class='ocrx_word' id='word_1_374' title='bbox 608 4694 736 4764; x_wconf 84' lang='lat' dir='ltr'>apparet</span> <span class='ocrx_word' id='word_1_375' title='bbox 757 4690 931 4747; x_wconf 87' lang='lat' dir='ltr'>seutentiam</span> <span class='ocrx_word' id='word_1_376' title='bbox 955 4690 1189 4766; x_wconf 84' lang='lat' dir='ltr'>arationisesse,</span> <span class='ocrx_word' id='word_1_377' title='bbox 1212 4692 1294 4768; x_wconf 77' lang='lat' dir='ltr'>picoti</span> <span class='ocrx_word' id='word_1_378' title='bbox 1306 4693 1450 4751; x_wconf 85' lang='lat' dir='ltr'>sacerdos</span> <span class='ocrx_word' id='word_1_379' title='bbox 1472 4692 1594 4751; x_wconf 83' lang='lat' dir='ltr'>iueocnt</span> <span class='ocrx_word' id='word_1_380' title='bbox 1607 4690 1749 4768; x_wconf 84' lang='lat' dir='ltr'>Spiritma</span> <span class='ocrx_word' id='word_1_381' title='bbox 1772 4691 1823 4768; x_wconf 80' lang='lat' dir='ltr'>qui</span> <span class='ocrx_word' id='word_1_382' title='bbox 1844 4691 1974 4749; x_wconf 84' lang='lat' dir='ltr'>deseen-</span> 
     </span>
     <span class='ocr_line' id='line_1_40' title="bbox 609 4785 1974 4867; baseline 0.003 -23"><span class='ocrx_word' id='word_1_383' title='bbox 609 4786 654 4844; x_wconf 86' lang='lat' dir='ltr'>dit</span> <span class='ocrx_word' id='word_1_384' title='bbox 674 4785 712 4843; x_wconf 87' lang='lat' dir='ltr'>dc</span> <span class='ocrx_word' id='word_1_385' title='bbox 734 4786 827 4858; x_wconf 85' lang='lat' dir='ltr'>coelo,</span> <span class='ocrx_word' id='word_1_386' title='bbox 851 4795 880 4846; x_wconf 85' lang='lat' dir='ltr'>et</span> <span class='ocrx_word' id='word_1_387' title='bbox 902 4796 1061 4847; x_wconf 85' lang='lat' dir='ltr'>consecrat</span> <span class='ocrx_word' id='word_1_388' title='bbox 1083 4807 1193 4866; x_wconf 87' lang='lat' dir='ltr'>corpus</span> <span class='ocrx_word' id='word_1_389' title='bbox 1216 4788 1340 4863; x_wconf 83' lang='lat' dir='ltr'>Christi,</span> <span class='ocrx_word' id='word_1_390' title='bbox 1362 4810 1422 4849; x_wconf 76' lang='lat' dir='ltr'>raon</span> <span class='ocrx_word' id='word_1_391' title='bbox 1445 4792 1509 4867; x_wconf 89' lang='lat' dir='ltr'>ipse</span> <span class='ocrx_word' id='word_1_392' title='bbox 1531 4790 1684 4849; x_wconf 84' lang='lat' dir='ltr'>sacerdos.</span> <span class='ocrx_word' id='word_1_393' title='bbox 1729 4786 1802 4847; x_wconf 91' lang='lat' dir='ltr'>Cam</span> <span class='ocrx_word' id='word_1_394' title='bbox 1824 4807 1897 4848; x_wconf 83' lang='lat' dir='ltr'>aero</span> <span class='ocrx_word' id='word_1_395' title='bbox 1918 4808 1974 4848; x_wconf 88' lang='lat' dir='ltr'>su-</span> 
     </span>
     <span class='ocr_line' id='line_1_41' title="bbox 609 4884 1974 4964; baseline 0.003 -22"><span class='ocrx_word' id='word_1_396' title='bbox 609 4884 716 4943; x_wconf 87' lang='lat' dir='ltr'>cerdos</span> <span class='ocrx_word' id='word_1_397' title='bbox 738 4884 802 4960; x_wconf 85' lang='lat' dir='ltr'>ipse</span> <span class='ocrx_word' id='word_1_398' title='bbox 824 4888 865 4943; x_wconf 85' lang='lat' dir='ltr'>sit</span> <span class='ocrx_word' id='word_1_399' title='bbox 893 4887 945 4964; x_wconf 81' lang='lat' dir='ltr'>qai</span> <span class='ocrx_word' id='word_1_400' title='bbox 966 4905 1035 4946; x_wconf 82' lang='lat' dir='ltr'>cere</span> <span class='ocrx_word' id='word_1_401' title='bbox 1058 4896 1232 4961; x_wconf 87' lang='lat' dir='ltr'>consecrat,</span> <span class='ocrx_word' id='word_1_402' title='bbox 1262 4887 1377 4949; x_wconf 85' lang='lat' dir='ltr'>Christi</span> <span class='ocrx_word' id='word_1_403' title='bbox 1404 4896 1503 4949; x_wconf 85' lang='lat' dir='ltr'>tumea</span> <span class='ocrx_word' id='word_1_404' title='bbox 1532 4888 1650 4962; x_wconf 77' lang='lat' dir='ltr'>uerbis,</span> <span class='ocrx_word' id='word_1_405' title='bbox 1680 4895 1710 4947; x_wconf 89' lang='lat' dir='ltr'>et</span> <span class='ocrx_word' id='word_1_406' title='bbox 1737 4906 1796 4946; x_wconf 86' lang='lat' dir='ltr'>aaa</span> <span class='ocrx_word' id='word_1_407' title='bbox 1826 4889 1905 4960; x_wconf 86' lang='lat' dir='ltr'>suis,</span> <span class='ocrx_word' id='word_1_408' title='bbox 1936 4907 1974 4946; x_wconf 86' lang='lat' dir='ltr'>ne</span> 
     </span>
     <span class='ocr_line' id='line_1_42' title="bbox 609 4983 1973 5067; baseline 0.004 -27"><span class='ocrx_word' id='word_1_409' title='bbox 609 4983 731 5041; x_wconf 71' lang='lat' dir='ltr'>(accursio</span> <span class='ocrx_word' id='word_1_410' title='bbox 746 4983 834 5041; x_wconf 81' lang='lat' dir='ltr'>detra</span> <span class='ocrx_word' id='word_1_411' title='bbox 856 4987 964 5058; x_wconf 85' lang='lat' dir='ltr'>errori,</span> <span class='ocrx_word' id='word_1_412' title='bbox 988 4987 1145 5046; x_wconf 83' lang='lat' dir='ltr'>dicendum</span> <span class='ocrx_word' id='word_1_413' title='bbox 1161 4995 1225 5059; x_wconf 89' lang='lat' dir='ltr'>est,·</span> <span class='ocrx_word' id='word_1_414' title='bbox 1249 5005 1352 5048; x_wconf 90' lang='lat' dir='ltr'>manas</span> <span class='ocrx_word' id='word_1_415' title='bbox 1375 5005 1444 5047; x_wconf 91' lang='lat' dir='ltr'>suas</span> <span class='ocrx_word' id='word_1_416' title='bbox 1468 5007 1541 5067; x_wconf 74' lang='lat' dir='ltr'>[turc</span> <span class='ocrx_word' id='word_1_417' title='bbox 1564 4986 1715 5067; x_wconf 83' lang='lat' dir='ltr'>protendit</span> <span class='ocrx_word' id='word_1_418' title='bbox 1737 4987 1766 5046; x_wconf 91' lang='lat' dir='ltr'>in</span> <span class='ocrx_word' id='word_1_419' title='bbox 1790 4986 1917 5063; x_wconf 92' lang='lat' dir='ltr'>coelam,</span> <span class='ocrx_word' id='word_1_420' title='bbox 1943 4994 1973 5047; x_wconf 87' lang='lat' dir='ltr'>et</span> 
     </span>
     <span class='ocr_line' id='line_1_43' title="bbox 610 5085 1973 5166; baseline 0.004 -28"><span class='ocrx_word' id='word_1_421' title='bbox 610 5087 769 5140; x_wconf 89' lang='lat' dir='ltr'>consecrat</span> <span class='ocrx_word' id='word_1_422' title='bbox 792 5099 903 5161; x_wconf 89' lang='lat' dir='ltr'>corpas</span> <span class='ocrx_word' id='word_1_423' title='bbox 927 5091 957 5144; x_wconf 87' lang='lat' dir='ltr'>et</span> <span class='ocrx_word' id='word_1_424' title='bbox 980 5086 1154 5166; x_wconf 75' lang='lat' dir='ltr'>sanguinem</span> <span class='ocrx_word' id='word_1_425' title='bbox 1179 5085 1303 5164; x_wconf 85' lang='lat' dir='ltr'>Christi,</span> <span class='ocrx_word' id='word_1_426' title='bbox 1334 5088 1453 5166; x_wconf 82' lang='lat' dir='ltr'>aliaque</span> <span class='ocrx_word' id='word_1_427' title='bbox 1480 5087 1574 5147; x_wconf 79' lang='lat' dir='ltr'>aer-ba</span> <span class='ocrx_word' id='word_1_428' title='bbox 1596 5087 1768 5146; x_wconf 84' lang='lat' dir='ltr'>oraitteadu.</span> <span class='ocrx_word' id='word_1_429' title='bbox 1820 5086 1902 5146; x_wconf 91' lang='lat' dir='ltr'>llaec</span> <span class='ocrx_word' id='word_1_430' title='bbox 1931 5085 1973 5145; x_wconf 95' lang='lat' dir='ltr'>illi</span> 
     </span>
     <span class='ocr_line' id='line_1_44' title="bbox 608 5178 1974 5265; baseline 0.004 -27"><span class='ocrx_word' id='word_1_431' title='bbox 608 5178 675 5239; x_wconf 90' lang='lat' dir='ltr'>luco</span> <span class='ocrx_word' id='word_1_432' title='bbox 699 5181 797 5241; x_wconf 87' lang='lat' dir='ltr'>citato.</span> <span class='ocrx_word' id='word_1_433' title='bbox 850 5182 943 5254; x_wconf 85' lang='lat' dir='ltr'>Onam</span> <span class='ocrx_word' id='word_1_434' title='bbox 975 5192 1073 5244; x_wconf 89' lang='lat' dir='ltr'>autem</span> <span class='ocrx_word' id='word_1_435' title='bbox 1104 5187 1339 5264; x_wconf 86' lang='lat' dir='ltr'>propositionem</span> <span class='ocrx_word' id='word_1_436' title='bbox 1368 5187 1450 5246; x_wconf 88' lang='lat' dir='ltr'>vetat</span> <span class='ocrx_word' id='word_1_437' title='bbox 1478 5192 1647 5265; x_wconf 89' lang='lat' dir='ltr'>suspectam</span> <span class='ocrx_word' id='word_1_438' title='bbox 1675 5184 1858 5260; x_wconf 88' lang='lat' dir='ltr'>babuerunt,</span> <span class='ocrx_word' id='word_1_439' title='bbox 1888 5186 1974 5263; x_wconf 82' lang='lat' dir='ltr'>quasi</span> 
     </span>
     <span class='ocr_line' id='line_1_45' title="bbox 609 5277 1973 5364; baseline 0.005 -27"><span class='ocrx_word' id='word_1_440' title='bbox 609 5277 809 5341; x_wconf 83' lang='lat' dir='ltr'>Sacerdotatis</span> <span class='ocrx_word' id='word_1_441' title='bbox 834 5281 963 5362; x_wconf 84' lang='lat' dir='ltr'>dignitas</span> <span class='ocrx_word' id='word_1_442' title='bbox 987 5281 1194 5345; x_wconf 91' lang='lat' dir='ltr'>detrimentum</span> <span class='ocrx_word' id='word_1_443' title='bbox 1212 5292 1346 5364; x_wconf 87' lang='lat' dir='ltr'>caperet,</span> <span class='ocrx_word' id='word_1_444' title='bbox 1370 5286 1396 5345; x_wconf 93' lang='lat' dir='ltr'>si</span> <span class='ocrx_word' id='word_1_445' title='bbox 1409 5284 1560 5346; x_wconf 89' lang='lat' dir='ltr'>diceretur</span> <span class='ocrx_word' id='word_1_446' title='bbox 1575 5284 1714 5363; x_wconf 90' lang='lat' dir='ltr'>Spiritum</span> <span class='ocrx_word' id='word_1_447' title='bbox 1738 5293 1871 5346; x_wconf 90' lang='lat' dir='ltr'>sanctum</span> <span class='ocrx_word' id='word_1_448' title='bbox 1896 5302 1973 5346; x_wconf 92' lang='lat' dir='ltr'>caa-</span> 
     </span>
    </p>
   </div>
   <div class='ocr_carea' id='block_1_3' title="bbox 645 5440 1765 5512">
    <p class='ocr_par' dir='ltr' id='par_1_4' title="bbox 645 5440 1765 5512">
     <span class='ocr_line' id='line_1_46' title="bbox 645 5440 1765 5512; baseline 0 -19"><span class='ocrx_word' id='word_1_449' title='bbox 645 5453 730 5495; x_wconf 82' lang='lat' dir='ltr'>Tamus</span> <span class='ocrx_word' id='word_1_450' title='bbox 742 5453 767 5495; x_wconf 93' lang='lat' dir='ltr'>tt.</span> <span class='ocrx_word' id='word_1_451' title='bbox 1718 5440 1765 5512; x_wconf 77' lang='grc'>79</span> 
     </span>
    </p>
   </div>
   <div class='ocr_carea' id='block_1_4' title="bbox 0 0 2593 6532">
    <p class='ocr_par' dir='ltr' id='par_1_5' title="bbox 0 0 2593 6532">
     <span class='ocr_line' id='line_1_47' title="bbox 0 0 2593 6532; baseline 0 0"><span class='ocrx_word' id='word_1_452' title='bbox 0 0 2593 6532; x_wconf 95' lang='lat' dir='ltr'> </span> 
     </span>
    </p>
   </div>
  </div>
 </body>
</html>
