5150 6534
593 849 671 939 346
1100 865 1460 943 diiuncta

593 1049 733 1113 omnibus
767 1050 907 1131 antiquae
941 1049 1020 1131 legis
1052 1049 1207 1112 sacrificiis
1236 1049 1329 1130 longe
1358 1056 1516 1129 praestare
1547 1049 1739 1135 agnoscitur,
1770 1063 1789 1112 a
1816 1047 1910 1131 plebe
1940 1048 1973 1112 iu

591 1147 721 1230 puhlicis
750 1149 937 1228 privatisque
969 1148 1131 1229 precihus,
1170 1156 1201 1211 et
1230 1149 1267 1210 ah
1302 1149 1439 1211 omnihus
1468 1147 1642 1231 Theologis.
1693 1147 1735 1212 At
1770 1147 1846 1212 nihil
1863 1148 1974 1211 ‘morde

592 1248 722 1331 eogitari
744 1256 861 1328 posset,
885 1249 911 1309 si
934 1250 1020 1327 panis
1043 1247 1258 1328 tantummodo,
1282 1254 1315 1311 et
1336 1248 1438 1309 vinum
1460 1246 1527 1311 Deo
1548 1246 1748 1336 offerrentur:
1772 1248 1818 1311 ita
1839 1262 1974 1310 necesse

593 1352 641 1407 est
663 1347 866 1425 praestantius
888 1346 1028 1427 quiddam
1051 1346 1156 1410 offerri
1177 1345 1252 1428 Deo,
1274 1344 1365 1427 idque
1385 1346 1459 1422 ,nihil
1482 1346 1562 1412 aliud
1583 1364 1654 1416 csse
1676 1352 1919 1428 polest,..quem
1941 1342 1974 1405 id

593 1443 675 1525 quod
706 1464 747 1507 ex
773 1463 852 1525 pane
880 1453 911 1507 et
932 1446 1005 1509 vino
1036 1465 1092 1527 per
1119 1463 1209 1509 sacra
1236 1445 1331 1509 verba
1359 1452 1390 1508 et
1418 1446 1625 1527 operationem
1652 1442 1912 1527 Spiritussaucti
1941 1442 1974 1505 iu

593 1542 754 1623 elementa,
778 1545 845 1607 sueri
867 1543 995 1607 creduut
1017 1543 1197 1607 Orientales.
1253 1541 1329 1605 illud
1352 1550 1451 1632 autem
1473 1551 1521 1607 est
1542 1542 1661 1626 Corpus
1686 1541 1814 1622 Christi,
1849 1559 1919 1604 uam
1943 1540 1974 1604 id

594 1642 707 1722 ubique
730 1650 879 1705 testantur
901 1643 933 1703 in
955 1643 1111 1724 Liturgiis,
1134 1644 1164 1705 in
1188 1640 1416 1721 catechesibus,
1438 1637 1710 1730 innominavit
1731 1630 1826 1722 porro
1849 1627 2001 1703 netim‘*

595 1747 653 1817 est,
678 1740 717 1801 ihi
741 1758 862 1821 quoque
885 1740 1064 1811 sacrificium
1088 1749 1137 1803 est
1157 1739 1399 1823 intelligendum:
1423 1739 1474 1804 illa
1495 1740 1525 1802 in
1547 1739 1618 1822 ipso
1641 1737 1976 1805 sacrificic'cousumi-

594 1845 657 1899 tur:
695 1849 787 1919 atque
825 1858 862 1902 ea
889 1840 1006 1902 ratione
1037 1840 1155 1920 Corpus
1194 1838 1306 1901 Christi
1339 1840 1519 1902 immolatum
1547 1848 1579 1902 et
1605 1838 1976 1903 monimum-emere

595 1946 812 2019 agnoscentes,
836 1938 969 2020 illudque
993 1956 1066 2000 vere
1089 1939 1202 2020 suscipi
1233 1957 1250 2000 a
1273 1937 1468 2015 Christianis,
1498 1946 1668 2022 agnoscunt
1694 1938 1783 2002 simul
1808 1954 1921 2009 uerum
1943 1936 1976 1997 iu

474 2069 477 2077 -
595 2035 731 2118 liturgia
754 2036 900 2118 Corporis
923 2037 1036 2100 Christi
1058 2038 1255 2115 sacrificium,
1285 2046 1376 2118 atque
1407 2036 1484 2101 adeo
1511 2038 1704 2101 oblationem.
1755 2036 1840 2106 ttaec
1870 2020 1978 2100 emam

594 2136 765 2215 perspicuis
789 2144 819 2197 et
840 2136 1025 2217 simplicibus
1049 2137 1151 2200 verbis
1181 2136 1330 2200 docentur
1353 2137 1524 2200 orientales
1547 2136 1707 2218 Christiani
1737 2153 1793 2218 per
1814 2134 1976 2230 qratioues

594 2234 766 2315 Liturgicas
789 2253 875 2297 suas:
908 2235 1128 2298 Eucharistiam
1151 2253 1220 2298 esse
1248 2235 1426 2300 sacrificium
1455 2236 1611 2316 spirituale
1639 2243 1670 2298 et
1698 2236 1908 2309 incruentum,
1943 2231 1977 2294 in

596 2350 658 2413 quo
681 2334 800 2395 victima
822 2335 862 2396 sit
884 2332 1004 2414 Corpus
1027 2343 1058 2397 et
1081 2336 1211 2416 Sanguis
1234 2333 1357 2411 Christi,
1380 2336 1431 2415 qui
1454 2354 1488 2398 se
1510 2336 1608 2415 ipsum
1631 2323 1738 2397 obtulit
1759 2325 1889 2396 hoslih'm
1915 2333 1978 2393 irn-

594 2433 771 2495 maculatam
801 2432 881 2495 Deo:
910 2433 941 2495 in
975 2452 1067 2495 eruce
1094 2434 1220 2497 scilicet.
1276 2431 1461 2498 Sacrificium
1487 2452 1563 2496 vero
1595 2433 1625 2495 in
1656 2450 1748 2495 cruce
1778 2431 1913 2495 oblatum
1945 2432 1978 2494 iu

595 2531 695 2595 multis
719 2531 915 2594 Orientalium
926 2531 1149 2595 Ecclesiasticis
1171 2533 1325 2614 precibus,
1347 2532 1426 2595 idem
1443 2549 1514 2595 esse
1533 2532 1655 2609 dicim,
1678 2540 1770 2613 atque
1791 2522 1865 2593 illud
1888 2529 1978 2610 quod

595 2631 627 2693 in
651 2630 737 2692 altari
760 2629 896 2693 offertur.
943 2630 974 2692 Si
997 2631 1072 2693 haec
1096 2634 1182 2711 quasi
1204 2648 1264 2693 non
1286 2633 1358 2695 satis
1384 2631 1535 2713 explicata
1557 2630 1796 2694 Protestautihus
1816 2645 1882 2692 non
1904 2628 1978 2692 sut-

569 2783 573 2791 .
595 2729 707 2802 iaciunt,
729 2726 831 2792 licebit
852 2729 910 2791 iilis
933 2730 1104 2811 inscriptis
1127 2729 1352 2811 Theologorum
1382 2731 1467 2811 plura
1490 2731 1644 2812 reperire,
1673 2737 1704 2791 et
1726 2728 1848 2810 quidem
1870 2746 1979 2809 quan·

596 2835 659 2889 tum
689 2829 762 2890 satis
793 2830 860 2892 crit.
917 2828 1068 2910 Quidquid
1103 2831 1181 2892 euim
1218 2829 1255 2892 ad
1294 2829 1526 2897 confirmandam
1555 2829 1764 2893 Eucharistiae
1792 2827 1885 2891 fidem
1915 2828 1979 2891 dici

596 2934 711 3008 potest,
734 2926 845 2988 dictum
869 2928 987 2990 abillis
1012 2936 1068 3007 est,
1098 2946 1194 3009 eaque
1225 2936 1383 2991 tractatum
1406 2928 1565 3007 methodo,
1594 2946 1672 3009 quae
1700 2919 1766 2990 cum
1797 2934 1979 2991 nostrarum

596 3025 771 3089 Scholarum
806 3025 988 3110 Theologia,
1015 3036 1140 3109 praeter
1168 3027 1237 3089 iidei
1265 3027 1432 3109 perlectam
1459 3027 1679 3091 similitudinem
1713 3031 1870 3089 commune
1902 3026 1982 3092 nihil

595 3123 700 3201 hahet,
723 3123 889 3187 etidcirco
913 3145 931 3188 a
953 3127 1066 3190 nostris
1089 3126 1269 3204 hominibus,
1292 3134 1325 3189 ut
1346 3126 1522 3192 Alhertinus
1545 3135 1576 3190 et
1592 3125 1736 3191 Claudius
1757 3123 1872 3188 fnmtra
1897 3143 1980 3207 pro-

595 3222 671 3286 bare
695 3224 794 3286 conati
817 3232 897 3304 sunt,
921 3226 979 3288 illis
1003 3225 1138 3289 instillari
1161 3243 1222 3289 uon
1244 3227 1358 3307 potuit:
1382 3227 1437 3290 sed
1458 3227 1534 3289 haec
1557 3225 1714 3291 sufficiunt.
1762 3247 1787 3276 ··

985 3943 1589 4120 ittonam

721 4271 1849 4432 uiuuuiuietsuouis

1006 4577 1156 4648 Primum
1184 4576 1307 4648 Oratio
1332 4583 1413 4648 unte
1438 4577 1575 4648 Pacem.

675 4767 1019 4886 Tunnouiumrnrun
1037 4819 1202 4885 securam,
1229 4807 1264 4867 et
1282 4819 1400 4892 pacem
1416 4795 1691 4893 indissolubilem:
1719 4798 1897 4871 caritatem
1912 4797 1998 4875 uou‘

597 4910 906 5001 defervescentem,
946 4911 988 4984 da
1028 4923 1062 4984 et
1101 4913 1250 4986 concede
1290 4912 1412 4986 ovibus
1452 4910 1668 4986 rationalibus
1705 4936 1856 5011 pascuae
1902 4927 1986 4991 tuae

596 5027 750 5101 Domine.

703 5142 865 5235 Populea.
918 5143 1038 5214 Amen.
1131 5178 1133 5182 ·

702 5258 887 5330 Sacerdos.
941 5257 1027 5330 Pax.

706 5360 865 5453 Populus.
917 5360 962 5432 Et
988 5383 1072 5433 cum.
