5150 6534
929 840 1106 921 noscunt
1131 837 1395 920 Phllllbllillhlll
1420 843 1686 922 hlllllhlllillllll.
1912 843 1993 921 28⁷

639 1075 643 1078 -
717 1029 890 1122 x*Populum
918 1031 1088 1123 -Dignum
1114 1040 1149 1102 et
1167 1031 1296 1121 ¹justum
1321 1040 1383 1103 est.
1477 1090 1479 1092 ,

727 1145 904 1217 &cados
928 1146 1119 1218 inclinatur.
1171 1145 1263 1216 Vere
1289 1144 1423 1237 dignum
1450 1155 1503 1218 est
1528 1154 1563 1218 et
1590 1168 1611 1217 a
1636 1144 1735 1219 nobis
1762 1145 1907 1220 debitum
1933 1155 1993 1219 at-

626 1276 692 1357 que
718 1258 760 1333 ab
787 1264 877 1334 omni
903 1272 1066 1349 creatura,
1093 1268 1130 1332 nt
1153 1270 1188 1333 te
1202 1258 1415 1350 honoremus,
1442 1259 1631 1348 adoremus,
1659 1262 1884 1351 conliteamur,
1909 1263 1992 1336 lau·
2058 1247 2060 1252 ¹

625 1376 754 1467 demus,
780 1385 814 1448 et
840 1376 1025 1450 exaltemus
1051 1387 1097 1465 te,
1124 1379 1180 1471 qui
1207 1401 1227 1450 a
1253 1376 1367 1450 militia
1393 1398 1538 1473 superna
1565 1375 1776 1450 benediceris
1802 1389 1836 1450 et
1861 1380 1993 1450 sancti-

624 1490 760 1582 ficaris,
792 1495 845 1564 cui
878 1490 1019 1564 debetur
1052 1492 1181 1585 gloria,
1212 1490 1338 1580 honor,
1374 1502 1408 1565 et
1440 1491 1611 1580 adoratio,
1643 1516 1664 1565 a
1699 1489 1926 1589 superioribus
1959 1499 1993 1562 et

623 1606 850 1698 inferioribus,
876 1630 951 1680 cum
977 1606 1063 1680 Filio
1090 1611 1146 1702 qui
1172 1630 1218 1680 ex
1243 1617 1278 1680 te
1305 1610 1380 1703 ipso
1406 1617 1470 1696 est,
1497 1617 1532 1680 ct
1555 1608 1681 1703 Spiritu
1707 1618 1918 1682 tuosancto.

728 1723 879 1795 Hancne
903 1745 1041 1795 ccccm,
1083 1720 1208 1796 Coram
1233 1732 1268 1795 ta
1300 1724 1444 1797 Domine
1469 1733 1559 1795 stunt
1591 1733 1625 1796 et
1656 1728 1851 1797 ministrant-
1874 1744 1991 1795 omnes

623 1838 761 1911 ordines
796 1842 947 1933 superni,
982 1841 1068 1930 ignis
1104 1848 1138 1910 et
1154 1858 1155 1864 ¹
1172 1841 1325 1934 spiritus,
1360 1843 1416 1934 qui
1445 1837 1576 1931 gloriae
1610 1849 1687 1912 tuae
1722 1840 1867 1932 subjecti·
1897 1848 1991 1911 sunt:

624 1954 833 2049 Angeliqui
857 1953 1053 2047 glorificant,
1078 1953 1283 2048 Archangeli
1308 1958 1365 2049 qni
1389 1955 1534 2042 laudant,
1561 1955 1751 2028 Potestates
1771 1977 1858 2050 quae
1872 1954 1992 2050 splen-

625 2070 703 2144 dide
727 2069 864 2162 fulgent,
891 2070 1015 2143 Throni
1043 2074 1101 2165 qni
1120 2071 1273 2163 jubilant,
1299 2072 1551 2145 Dominationes
1578 2095 1665 2167 quac
1697 2069 1879 2159 extollunt,
1905 2067 1992 2139 Vir-

623 2195 713 2259 tutes
749 2206 835 2281 quae
866 2184 1054 2277 celebrant,
1090 2184 1268 2260 Cherubim
1302 2186 1476 2275 submissi,
1509 2190 1564 2282 qni
1597 2187 1797 2261 benedicunt
1829 2193 1994 2257 concentu
2050 2204 2061 2212 ‘
2099 2225 2108 2246 ι

622 2302 831 2376 ‹indihcienti2
862 2302 1037 2397 Seraphim
1070 2307 1176 2375 sancti
1204 2306 1258 2397 qui
1289 2301 1351 2373 ulis
1378 2324 1442 2377 sex
1473 2306 1581 2394 igneis
1616 2298 1884 2375 immaterialibus
1919 2302 1992 2370 cir-

626 2420 812 2505 cumvecti,
847 2427 883 2489 et
909 2417 1086 2507 volantes,
1118 2417 1245 2491 duabus
1279 2417 1385 2490 facies
1418 2441 1497 2491 suas
1531 2429 1664 2511 tegrmt‚
1697 2440 1780 2514 praa
1814 2413 1993 2511 splendore

623 2539 757 2609 uirtutis
782 2538 965 2628 majestatis
999 2545 1095 2607 tuae:
1123 2533 1251 2607 duabus
1284 2544 1402 2627 tegunt
1433 2535 1539 2631 pedes
1575 2556 1656 2606 suos
1689 2531 1741 2607 ne
1765 2536 1877 2625 ignitis
1909 2556 1992 2605 oar-

625 2649 769 2742 bonihns
796 2655 859 2722 tuis
887 2650 1082 2739 adurantur,
1110 2660 1144 2722 et
1169 2649 1297 2723 duabus
1324 2650 1460 2738 volant,
1494 2649 1721 2745 extolluntque
1756 2650 1852 2724 simul
1884 2672 1992 2725 voces

622 2782 724 2854 snas,
751 2778 785 2838 et
810 2765 953 2839 clamant
979 2766 1063 2838 alter
1089 2766 1130 2837 ad
1158 2766 1297 2838 alterum
1329 2769 1421 2838 trinis
1453 2764 1785 2854 sanctificationibus,
1817 2765 1994 2861 quaesibi

623 2885 771 2955 invicem
798 2882 991 2968 succedunt,
1017 2891 1052 2954 et
1078 2882 1219 2955 vocibus
1235 2880 1482 2977 triumphalibus
1497 2881 1714 2973 sanctificant,
1740 2883 1895 2973 clamant,
1921 2905 1993 2956 vo-

622 2998 817 3089 ciferantur,
844 3009 878 3070 ct
904 2997 1023 3069 dicunt.

730 3114 891 3207 Populus.
943 3115 1063 3186 Amen.

729 3230 913 3302 Sacerdos.
966 3230 1107 3301 Sanctus
1134 3228 1226 3301 Deus
1252 3230 1356 3302 Pater
1382 3233 1514 3321 genitor
1538 3231 1622 3302 lucis
1649 3241 1824 3303 aeternae:
1850 3230 1993 3302 Sanctus

621 3351 726 3419 etiam
752 3346 857 3420 huius
885 3357 1040 3418 aeternus
1068 3349 1123 3440 qui
1149 3368 1195 3416 err
1220 3349 1294 3417 sinu
1320 3345 1477 3437 virginali
1512 3358 1645 3437 sancte,
1681 3355 1715 3416 et
1748 3341 1994 3440 impassibiliter

623 3468 724 3535 'natus
757 3474 825 3535 est:
859 3463 1001 3534 Sanctus
1028 3463 1121 3535 Deus
1149 3462 1293 3556 Spiritus
1328 3462 1521 3549 vivificans,
1557 3466 1612 3557 qui
1646 3472 1781 3536 sanctos
1818 3463 1994 3533 sanctitate

627 3578 756 3675 perficit
791 3589 825 3650 et
858 3588 1077 3650 consummat:
1115 3579 1169 3671 qui
1198 3588 1249 3649 ter
1275 3587 1310 3649 et
1334 3580 1448 3665 unice,
1476 3588 1575 3672 atque
1601 3577 1883 3673 inseparabiliter,
1910 3597 1994 3647 unus

629 3692 672 3764 ab
697 3697 856 3766 universo
884 3692 967 3766 orbe
994 3698 1204 3785 agnoscitur,
1239 3705 1273 3765 et
1298 3715 1382 3764 rmus
1417 3698 1451 3764 in
1483 3695 1587 3766 tribus
1618 3698 1775 3766 noscitur.
1830 3692 1995 3778 Quicum

628 3830 737 3901 genus
762 3820 911 3881 nostrum
936 3809 1077 3881 vidisset
1101 3809 1279 3903 perditum,
1308 3820 1342 3881 et
1368 3833 1387 3880 a
1414 3807 1522 3881 bestia
1549 3810 1634 3882 mala
1661 3809 1821 3905 spirituali
1846 3808 1995 3904 deprae-

629 3925 754 4013 datum,
780 3928 984 4015 unigenitum
1007 3925 1114 3997 Deum
1139 3927 1227 3996 misit
1254 3923 1296 3995 ad
1313 3923 1451 3996 sulutem
1465 3928 1557 4016 ejus:
1585 3928 1639 4019 qui
1652 3949 1697 3997 ex
1723 3927 1846 4021 Spiritu
1865 3933 1995 4010 sanctu,

629 4050 665 4112 et
689 4040 831 4131 Virgine
857 4043 1046 4111 incarnatus
1074 4049 1108 4110 et
1132 4050 1226 4112 uatus
1254 4049 1319 4126 est,
1350 4033 1364 4071 ²
1390 4043 1561 4112 nativitate
1588 4040 1712 4113 carnali
1736 4052 1769 4113 et
1795 4062 1862 4113 nou
1884 4038 1996 4133 phan-

628 4158 765 4244 tastica,
792 4158 965 4249 extititque
991 4153 1141 4249 perfecte
1174 4153 1276 4226 Filius
1309 4154 1465 4244 bominis,
1500 4156 1593 4227 Deus
1619 4160 1746 4227 interea
1773 4154 1901 4250 absque
1926 4158 1995 4225 im-

627 4276 810 4344 mutatione
836 4292 1048 4365 permanens,
1077 4274 1186 4344 omnia
1212 4270 1255 4342 ad
1283 4271 1424 4343 salutem
1456 4280 1604 4343 nostram
1637 4272 1816 4366 disponens
1849 4281 1885 4342 et
1910 4290 1996 4364 par-

628 4386 753 4459 ficiens.

733 4502 884 4573 Elaeam
916 4525 1041 4574 uocem.
1095 4501 1160 4587 Qui
1200 4524 1275 4573 cum
1310 4504 1355 4573 ita
1388 4501 1569 4587 voluisset,
1602 4501 1783 4575 secundum
1817 4503 1996 4576 salutarem

629 4637 724 4689 suam
758 4617 1060 4711 dispensationem,
1103 4624 1180 4687 ante
1213 4619 1405 4711 passionem
1438 4638 1533 4689 suam
1567 4619 1735 4690 vivificam
1773 4611 1788 4653 ³
1823 4629 1996 4713 postquam

629 4730 727 4805 simul
753 4755 828 4804 oum
855 4731 1022 4827 discipulis
1048 4733 1118 4803 suis
1146 4754 1268 4823 agnum
1295 4732 1384 4804 illum
1409 4733 1596 4806 blosaicnm
1623 4732 1774 4829 epulatus
1801 4743 1904 4821 esset,
1931 4755 1996 4804 ac-

619 4850 720 4941 cepit
754 4869 872 4942 panem
907 4851 998 4919 vitae
1031 4850 1064 4917 in
1091 4869 1207 4918 manus
1234 4869 1313 4919 suas
1346 4869 1446 4942 puras
1473 4859 1507 4925 et
1538 4849 1784 4937 immaculatas,
1824 4854 1846 4930 τ
1884 4845 1996 4917 bene-

625 4962 773 5036 dictione
799 4960 982 5051 benedixit,
1008 4970 1029 5044 †
1056 4972 1090 5033 et
1116 4963 1335 5035 sanctificavit
1364 4970 1388 5046 ⁴†
1416 4986 1510 5051 eum,
1536 4963 1638 5057 fregit
1663 4977 1697 5039 et
1723 4963 1855 5037 tradidit
1880 4964 1998 5035 socie-

620 5081 688 5149 *tati
714 5079 932 5172 Apostolioae
960 5078 1098 5152 dicens:
1125 5077 1293 5173 Accipite,
1319 5078 1532 5153 manducate:
1568 5080 1660 5152 Vere
1690 5079 1754 5156 hoc
1787 5089 1840 5153 est
1874 5098 1997 5173 corpus

630 5215 757 5282 meum,
791 5196 879 5290 quod
905 5217 966 5291 pro
993 5180 1106 5265 mundi
1131 5197 1202 5266 vita
1235 5193 1401 5287 frangitur
1436 5206 1471 5268 et
1496 5195 1668 5288 dividitur,
1700 5200 1735 5270 in
1768 5197 1998 5269 remissionem

629 5318 854 5405 peccatorum,
882 5311 961 5383 illud
986 5310 1250 5404 suscipientibus.
