5150 6534
918 904 1165 983 sstttotttttt
1198 902 1543 982 trottotottttn
1582 915 1632 979 tce.
1883 900 1966 982 -583

595 1119 659 1193 per
690 1093 949 1169 misericordiam
982 1103 1079 1165 tuam
1140 1090 1177 1163 Si
1209 1093 1398 1185 iniquitates
1434 1089 1673 1163 observaveris
1699 1089 1858 1184 Domine,
1892 1091 1964 1184 quis

575 1215 717 1310 poterit
744 1209 956 1284 consistere?
984 1212 1060 1303 quia
1087 1206 1175 1301 apud
1201 1218 1235 1279 te
1262 1210 1452 1303 propitiatio
1480 1215 1543 1279 est.

715 1499 757 1569 ln
783 1499 853 1570 alio
882 1498 1008 1568 Codice
1034 1494 1211 1568 Sacerdos
1237 1495 1322 1565 dicit
1348 1495 1437 1565 banc
1465 1495 1663 1565 Orationem
1689 1500 1835 1565 secrete.

701 1687 810 1759 Mater
844 1686 977 1760 Domini
1020 1688 1124 1758 nostri
1151 1685 1238 1781 lesu
1274 1681 1416 1770 Christi,
1451 1682 1634 1779 deprecare
1668 1704 1731 1778 pro
1762 1704 1817 1753 me
1848 1680 1966 1753 Filium

597 1806 801 1897 unigenitum
831 1805 886 1898 qui
912 1824 959 1872 ex
984 1811 1018 1871 te
1044 1811 1141 1873 natus
1168 1809 1232 1889 est,
1258 1812 1294 1873 ut
1319 1802 1463 1870 remittat
1488 1797 1565 1869 mibi
1600 1797 1737 1887 delicta,
1768 1807 1802 1869 et
1828 1806 1968 1892 peccata

597 1943 683 2007 mea,
711 1929 745 1990 et
771 1920 928 2011 suscipiat
953 1940 999 1987 ex
1026 1915 1176 1989 manibus
1193 1919 1277 1987 meis
1295 1915 1430 1987 infirmis
1448 1925 1482 1986 et
1508 1912 1749 2010 peccatricibus
1768 1914 1966 1986 sacrificium

598 2034 663 2107 boc
690 2035 778 2130 quod
805 2032 900 2105 ollert
926 2031 1133 2104 imbecillitas
1155 2054 1248 2120 moa,
1266 2054 1368 2126 super
1386 2029 1450 2103 boc
1471 2030 1587 2119 altare2
1614 2053 1675 2126 per
1694 2033 1966 2101 intercessionem

599 2161 687 2223 tuam
715 2172 776 2245 pro
802 2171 874 2237 mc,
900 2149 1009 2232 Mater
1035 2157 1161 2219 sancta.

595 2303 601 2313 ,
710 2262 742 2303 ¹⁰
769 2266 849 2344 Cam
875 2266 1004 2334 dicerit
1029 2263 1216 2334 Diaconos.
1270 2262 1458 2355 vigilanter
1483 2271 1518 2333 et
1544 2271 1685 2352 attente,
1720 2263 1832 2333 statim
1859 2262 1969 2353 serpit

513 2448 514 2451 ,
599 2380 774 2453 Sacerdos
801 2388 836 2452 et
861 2382 1072 2471 discooperit
1096 2384 1324 2465 sacramenta,
1359 2373 1389 2412 ¹¹
1402 2382 1564 2471 auferens
1581 2377 1689 2448 aelam
1714 2398 1780 2471 quo
1797 2374 1967 2471 tepeban-

573 2505 670 2569 tur:
696 2497 867 2569 benedicit
892 2500 1063 2579 incensum
1089 2500 1124 2564 et
1150 2496 1233 2564 dicit
1261 2493 1443 2581 Cononem,
1470 2494 1544 2564 altu
1568 2503 1664 2565 voce.

710 2610 740 2651 ¹²
767 2611 880 2684 Gratia
907 2610 1041 2683 Domini
1076 2612 1181 2682 nostri
1206 2610 1288 2680 lesu
1316 2608 1455 2682 Christi:
1490 2621 1524 2681 et
1555 2611 1678 2680 caritas
1711 2607 1775 2679 Dei
1801 2608 1908 2680 Patris
1935 2620 1969 2681 et

600 2732 854 2839 commqnicatio
881 2728 1023 2823 Spiritus
1051 2728 1167 2813 sancti,
1195 2728 1339 2798 situum
1367 2725 1517 2798 omnibus
1543 2724 1641 2798 nobis
1667 2747 1764 2812 nunc,
1791 2733 1854 2797 etc.

701 2844 826 2936 Siqnat
851 2849 1078 2933 sacramenta,
1106 2848 1140 2912 et
1166 2842 1381 2935 respondent.
1433 2844 1552 2915 Amen.

702 2959 879 3033 Sacerdos
902 2962 1131 3052 prosequitur.
1192 2952 1225 2995 ¹³
1250 2958 1389 3029 Sursum
1417 2960 1482 3030 sint
1508 2967 1637 3030 mentes
1663 2966 1809 3030 vestrae.

705 3075 936 3167 Respondent.
989 3075 1073 3146 Sunt
1108 3073 1150 3145 atl
1175 3085 1210 3146 te
1236 3073 1329 3146 Deus
1356 3073 1538 3163 Abrabam
1564 3074 1673 3164 Isaac,
1700 3084 1733 3145 et
1758 3073 1864 3146 lsrael
1889 3074 1968 3148 Rex

601 3193 762 3286 gloriose.
1661 3199 1663 3202 ’

703 3307 887 3379 Sacerdos.
942 3305 1074 3378 Oblatio
1093 3295 1169 3378 Deo
1196 3309 1339 3379 omnium
1367 3306 1501 3379 domino
1529 3304 1672 3398 offertur.

578 3427 589 3437 ’
706 3424 935 3516 Respondent.
988 3423 1132 3515 Dignum
1160 3432 1194 3493 et
1216 3424 1339 3513 justum
1367 3432 1428 3494 est.

704 3540 891 3610 Diaconos.
944 3535 1018 3609 Pax
1043 3536 1226 3610 nobiscum.

757 3781 933 3883 Sacerdos
958 3816 1099 3904 imponit
1124 3816 1296 3884 incenann
1322 3818 1357 3883 ct
1383 3813 1467 3884 dicit
1492 3812 1582 3883 banc
1605 3812 1811 3884 Orationem.

704 4000 860 4088 Domine,
895 3999 1038 4071 Domine
1073 4000 1114 4072 (la
1147 4000 1223 4071 mibi
1259 4012 1409 4096 apertam
1441 3962 1561 4074 faelem
1596 4023 1709 4074 coram
1741 4011 1793 4089 te,
1825 4010 1860 4072 ut
1893 4023 1967 4073 curn

601 4116 719 4189 fidncia
746 4136 832 4209 quae
859 4138 877 4185 a
905 4122 939 4185 te
965 4118 1019 4202 sit,
1044 4115 1254 4212 perficiamus
1270 4117 1466 4188 sacrificium
1492 4115 1557 4189 boc
1584 4115 1788 4189 tremendum
1815 4125 1849 4188 et
1875 4115 1968 4187 divi·

601 4254 691 4316 num,
718 4234 931 4302 conscientiis
960 4231 1001 4302 ab
1029 4234 1118 4305 omni
1145 4235 1288 4326 nequitia
1317 4242 1350 4304 et
1377 4232 1593 4304 amaritudine
1618 4237 1720 4329 puris.
1772 4231 1907 4304 Semina
1934 4233 1967 4302 in

543 4381 547 4387 ·
602 4349 699 4421 nobis
726 4348 868 4419 Domine
894 4344 1116 4438 dilectionem,
1142 4369 1259 4442 pacem
1287 4357 1322 4418 et
1343 4347 1553 4421 concordiam
1572 4347 1614 4420 ad
1641 4352 1797 4437 invicem,
1824 4357 1858 4419 et
1884 4367 1968 4439 erga

603 4484 837 4559 quoscumque.

705 4579 752 4649 Et
779 4584 913 4650 erectas
939 4579 1024 4650 dicit
1049 4586 1193 4651 secreto.
1251 4579 1396 4672 Dignum
1432 4592 1484 4653 est
1516 4582 1624 4674 gloria
1650 4581 1693 4655 ab
1721 4584 1811 4653 omni
1837 4600 1907 4665 ore,
1935 4590 1969 4651 et

603 4692 829 4783 confessione,
856 4693 897 4767 ab
926 4693 1077 4766 omuibus
1103 4695 1235 4787 linguis,
1262 4705 1296 4767 et
1329 4695 1524 4769 adoratione
1557 4709 1657 4791 atque
1690 4696 1891 4768 exaltatione
1924 4692 1967 4765 ab

603 4808 756 4881 omnibns
781 4813 955 4895 creaturis,
981 4833 1103 4882 nomen
1130 4810 1332 4883 adorandum
1359 4821 1394 4883 et
1418 4810 1602 4904 gloriosum
1618 4814 1738 4900 Patris,
1765 4820 1799 4882 et
1824 4809 1908 4898 Filii,
1935 4820 1969 4882 ct

604 4922 746 5019 Spiritus
773 4928 893 4998 sancti:
921 4929 976 5019 qui
1003 4930 1133 4999 creavit
1157 4927 1310 4999 mnndum
1328 4931 1544 5023 pergratiam
1572 4950 1678 5017 suam,
1705 4938 1738 5000 et
1763 4925 1988 4998 habitatores

604 5042 679 5131 ejus
704 5062 766 5135 per
792 5041 998 5113 clementiam
1025 5064 1131 5132 snam,
1166 5045 1221 5137 qui
1255 5043 1399 5116 salvavit
1430 5043 1580 5117 homiues
1612 5066 1675 5140 per
1706 5041 1967 5116 misericordiam

604 5176 709 5242 suam,
737 5166 769 5226 et
795 5158 957 5251 praestitit
983 5161 1125 5250 gratiam
1152 5181 1305 5250 magnam
1333 5182 1415 5253 erga
1443 5160 1609 5233 mortales.
1641 5161 1851 5252 blajcstatem
1876 5169 1967 5231 tuam

606 5270 749 5342 Domine
775 5270 975 5344 benedicunt
1001 5286 1035 5346 et
1060 5274 1211 5364 adorant,
1245 5274 1363 5348 millies
1389 5276 1510 5347 milleni
1536 5278 1671 5373 superni
1704 5272 1897 5370 (Spiritus)
1932 5284 1967 5345 et

604 5384 717 5459 decies
742 5384 832 5459 mille
856 5390 1027 5486 myriades
1053 5389 1261 5484 Angelomm
1294 5391 1503 5505 suetorum,
1539 5394 1706 5466 exereitus
1739 5389 1966 5490 spiritualium,
