5150 6534
602 818 677 894 tro
1091 820 1483 941 ἰιιιιιιιιιι

598 1001 709 1067 Christi
731 1002 768 1065 ad
790 1004 1048 1068 consecrationem
1068 1007 1170 1088 panis,
1199 1025 1239 1070 ex
1260 1007 1424 1071 omissione
1445 1016 1478 1071 ut
1499 1007 1635 1085 videtur,
1657 1007 1775 1092 qualem
1795 1011 1968 1076 notammtm

598 1103 628 1165 in
656 1120 693 1165 ca
723 1120 801 1185 quae
831 1102 970 1166 tribuitur
991 1103 1136 1187 Dionysio
1157 1105 1317 1169 Barsalibi:
1347 1106 1434 1170 aliter
1461 1125 1496 1171 se
1526 1105 1618 1171 habet
1644 1105 1742 1170 forma
1773 1109 1893 1173 calicis:
1925 1111 1967 1175 ita

596 1201 721 1266 scilicet.
765 1201 823 1264 llic
844 1209 892 1264 est
910 1204 1036 1284 sanquis
1057 1223 1149 1281 meas,
1171 1208 1203 1267 ia
1224 1204 1311 1269 Novo
1334 1206 1537 1270 Testamenta:
1559 1225 1626 1269 cum
1648 1205 1861 1290 inllrangcllo
1883 1209 1967 1273 scri-
2045 1284 2047 1287 ¹

597 1309 681 1382 ptum
703 1301 753 1378 sit,
774 1301 833 1364 llic
853 1302 939 1364 calix
958 1321 1068 1365 nocam
1089 1312 1295 1367 testamnca
1317 1308 1415 1368 estin
1436 1324 1503 1368 meo
1524 1308 1678 1386 ιιιιιριιίιιε.

683 1400 714 1464 2.
737 1399 820 1463 llaec
842 1401 939 1463 oratio
960 1418 1018 1482 pro
1042 1401 1218 1466 Christianis
1240 1403 1376 1484 Regibus
1397 1422 1458 1468 non
1480 1406 1603 1469 extabat
1624 1405 1656 1468 ia
1678 1405 1791 1470 Codice
1812 1423 1874 1488 qno
1896 1406 1966 1470 Ro-

596 1500 675 1561 mani
697 1500 829 1563 editores
850 1502 898 1562 usi
919 1508 999 1580 sunt,
1022 1509 1116 1564 etex
1135 1502 1208 1567 blss.
1232 1520 1298 1566 cam
1321 1504 1499 1585 adjecimus:
1526 1505 1564 1569 de
1586 1523 1624 1569 ea
1645 1505 1718 1568 nibil
1740 1505 1967 1578 observandam

598 1600 740 1679 occurrit,
762 1606 887 1681 praeter
908 1599 959 1662 illa
981 1618 1059 1682 quoe
1081 1603 1110 1663 in
1133 1601 1199 1664 aliis
1220 1601 1364 1686 Litargiis
1387 1602 1424 1666 ad
1447 1604 1560 1669 similes
1583 1604 1726 1670 formulas
1747 1606 1929 1670 notavimus.

1024 1913 1541 1957 *ψ-

644 2640 822 2760 ntnct
856 2642 1321 2781 conculcaturus,
1357 2646 1427 2762 ΕΤ
1462 2645 1912 2767 ntlnolttslnn

991 2928 1143 3002 Primam
1169 2928 1289 3002 Oratio
1316 2935 1397 3002 ante
1420 2929 1559 3003 Pacem.

663 3127 780 3231 Duos
812 3153 915 3225 Pater
949 3157 1004 3249 qui
1040 3153 1158 3226 Filium
1193 3162 1283 3224 tuum
1320 3153 1473 3227 dilectum
1506 3157 1626 3228 misisti
1652 3153 1695 3227 ad
1722 3154 1863 3229 salutem
1889 3179 1958 3233 no-

592 3282 710 3345 stram:
743 3274 798 3367 qui
829 3269 965 3358 infirmi,
997 3274 1115 3362 egeni,
1147 3281 1181 3342 et
1214 3269 1356 3342 morbidi
1389 3293 1540 3359 eramus,
1574 3274 1629 3366 qui
1667 3294 1731 3368 per
1764 3276 1956 3365 sanguinem

592 3411 687 3461 suum
713 3388 922 3477 dominicum,
948 3407 1012 3460 nos
1039 3386 1186 3483 perditos
1212 3385 1346 3459 reduxit
1371 3387 1414 3459 ad
1440 3386 1531 3460 ovile
1557 3398 1645 3459 tuum
1673 3386 1859 3482 spirituale:
1892 3388 1956 3460 de-

591 3527 767 3600 precamur
793 3512 827 3575 te
852 3503 1015 3591 Domine,
1047 3513 1083 3574 ut
1109 3505 1272 3597 suscipias
1306 3524 1327 3572 e
1362 3504 1513 3575 manibus
1546 3506 1670 3576 nostris
1703 3504 1956 3599 peccatricibus,

592 3621 789 3692 sacrificium
814 3619 879 3692 hoc
906 3619 1095 3706 timendmn,
1121 3616 1304 3713 spirituale,
1331 3629 1365 3690 et
1390 3622 1610 3706 incruentum,
1637 3628 1672 3689 et
1695 3641 1758 3714 per
1783 3618 1863 3692 illud
1889 3642 1955 3692 ve-

592 3739 679 3809 niam
707 3733 856 3808 concede
881 3744 1109 3830 peccatorum,
1134 3736 1406 3829 insipientiamm,
1434 3743 1468 3806 et
1493 3737 1673 3821 criminum,
1700 3757 1786 3829 quae
1814 3758 1833 3808 a
1859 3735 1955 3808 nobis

593 3854 771 3924 commissa
798 3859 890 3922 sunt:
917 3872 980 3946 per
1005 3851 1250 3946 beneplacitum
1274 3848 1456 3922 voluntatis
1483 3861 1571 3939 tuae,
1598 3860 1632 3921 et
1656 3871 1719 3944 per
1744 3854 1898 3943 mabam,
1924 3862 1956 3927 et

593 3966 866 4058 misericordiam,
893 3977 928 4039 et
954 3989 1102 4040 amorem
1128 3987 1211 4057 erga
1224 3964 1385 4053 homines,
1413 3969 1572 4058 unigeniti
1586 3965 1661 4038 Filii
1688 3968 1744 4055 tui,
1771 3987 1834 4061 per
1848 3989 1955 4063 quem,

592 4093 626 4153 et
652 4107 726 4156 cum
753 4105 818 4179 quo
844 4093 878 4156 te
905 4083 1013 4175 decet,
1039 4084 1160 4176 gloria,
1187 4080 1353 4178 ethonor,
1381 4091 1414 4152 et
1437 4086 1619 4178 imperium,
1646 4105 1721 4154 cnm
1747 4081 1873 4177 Spiritu
1899 4092 1953 4156 tuo

591 4202 685 4272 vivo.
1951 4205 1955 4220 '

693 4315 855 4408 Populos.
906 4316 1026 4388 Amen.

695 4431 879 4504 Sacerdos.
932 4428 1055 4503 Coram
1081 4439 1128 4519 te,
1153 4429 1298 4501 Domine
1322 4431 1427 4516 Dens,
1454 4429 1647 4503 inclinamus
1660 4430 1746 4503 colla
1773 4435 1955 4506 animarum

593 4569 837 4644 corporumque
862 4557 1064 4636 nostrorum,
1091 4555 1125 4617 et
1151 4567 1304 4635 oramus,
1336 4549 1544 4640 petimusque
1572 4568 1591 4616 a
1618 4546 1791 4619 clementia
1817 4558 1895 4638 tua,
1920 4557 1958 4621 ut

591 4664 744 4757 largiaris
777 4662 875 4735 nobis
909 4662 1040 4735 divitias
1073 4663 1221 4755 mattae,
1253 4660 1483 4752 benignitatis,
1518 4671 1553 4732 et
1584 4662 1834 4735 misericordiae
1860 4672 1956 4736 tuae:

592 4781 716 4853 auxilia
742 4791 798 4852 tua
823 4801 887 4852 nos
916 4779 1075 4872 adjuvent
1101 4778 1253 4851 omnibus
1281 4776 1398 4849 diebus
1424 4780 1515 4848 vitae
1540 4788 1687 4868 nostrae,
1713 4783 1956 4875 pergratiam,

590 4895 862 4984 misericordiam,
891 4905 925 4966 et
951 4918 1099 4968 amorem
1127 4917 1209 4988 erga
1237 4893 1387 4965 homines
1413 4896 1573 4986 unigeniti
1599 4893 1673 4966 Filii
1700 4898 1756 4967 tui.

694 5013 856 5106 Populos.
908 5013 1026 5086 Amen.
1766 5000 1768 5004 ¹

694 5129 869 5202 Sacerdos
905 5130 1041 5201 clevans
1077 5150 1202 5199 vocem
1254 5128 1399 5199 Domine
1433 5126 1526 5200 Deus
1558 5130 1787 5223 omnipotens,
1828 5133 1885 5224 qui
1917 5152 1960 5206 os

591 5249 713 5321 caritas
739 5267 841 5339 vera,
868 5254 902 5317 et
927 5254 1062 5337 sancta,
1088 5252 1223 5340 praesta
1258 5243 1356 5316 nobis
1381 5253 1417 5315 ut
1447 5241 1597 5316 omnbus
1624 5242 1741 5316 diebus
1766 5246 1859 5317 vitae
1884 5266 1960 5317 no-
