5150 6534
601 813 652 886 90
973 813 1590 893 uassnvnttouss

312 1494 446 1556 Quomodo
468 1511 523 1547 eam
540 1511 587 1545 ex-

283 1582 355 1650 plicet
371 1580 504 1634 Barsalibi.

599 997 787 1059 vocatiouem
809 998 849 1058 ita
873 1005 1067 1078 acceperunt,
1090 1008 1122 1061 ut
1143 1000 1306 1061 verborum
1328 999 1508 1082 significatio
1538 999 1666 1080 simplex
1687 998 1869 1080 postulabat,
1891 998 1966 1064 illuil

600 1096 787 1158 solummodo
810 1105 925 1159 certum
948 1098 1111 1175 habentes,
1145 1100 1342 1178 pronunciata
1374 1099 1423 1162 illa
1453 1099 1615 1174 Oratione,
1639 1106 1870 1161 consummatam
1893 1115 1966 1162 esse

600 1195 815 1259 elementorum
842 1199 1110 1261 consecrationem.
1155 1197 1232 1269 Quia
1266 1216 1340 1260 vero
1369 1198 1407 1260 de
1438 1196 1523 1279 Syris
1546 1199 1662 1281 agitur,
1693 1215 1807 1279 operae
1835 1198 1967 1277 pretium

600 1296 668 1371 erit,
691 1296 749 1357 hoc
771 1295 840 1359 loco
863 1296 980 1358 relerre
993 1297 1213 1377 expositionem
1228 1297 1366 1377 Dionysii
1381 1296 1537 1374 Barsalibi,
1560 1316 1601 1359 ex
1621 1297 1716 1377 ipsius
1733 1296 1967 1373 Commentario,

600 1395 686 1475 cujus
708 1397 873 1477 praecipua
896 1404 942 1459 est
964 1397 1042 1457 inter
1064 1395 1131 1457 illos
1155 1397 1310 1459 autoritas.

686 1493 840 1557 Sacerdos
866 1497 1027 1557 inclinatus
1055 1495 1129 1555 dicit
1161 1494 1385 1556 invocationem
1415 1493 1548 1574 Spiritus
1582 1496 1699 1567 sancti,·
1732 1495 1879 1558 Miserere
1905 1494 1967 1558 mei

599 1590 684 1654 Deus
706 1593 806 1671 Pater,
830 1603 887 1656 etc.
931 1593 997 1654 Hoc
1027 1593 1111 1667 loco,
1141 1595 1172 1653 in
1200 1612 1258 1672 quo
1287 1594 1326 1654 de
1352 1592 1546 1654 lnoocatione
1573 1592 1705 1671 Spiritus
1733 1595 1833 1656 sancti
1853 1594 1966 1673 aqitum

598 1693 806 1770 tuque-erutum
827 1693 915 1755 nobis
937 1698 991 1770 est,
1015 1710 1109 1771 quare
1131 1692 1181 1753 bic
1209 1692 1367 1753 descendit
1386 1691 1519 1770 Spiritus
1541 1699 1674 1767 sanctus,
1696 1679 1788 1773 super
1804 1711 1916 1771 partem
1937 1700 1968 1756 et

598 1792 717 1851 uiuum:
740 1792 978 1871 qreandoquidem
1000 1792 1078 1851 enim
1097 1790 1179 1868 filius
1200 1791 1362 1873 descendit,
1385 1798 1415 1851 et
1440 1792 1543 1851 unitur
1561 1791 1622 1851 illis
1640 1792 1850 1869 personaliter,
1873 1810 1968 1871 quara

599 1890 754 1950 descendit
769 1889 902 1969 Spiritus
923 1891 1070 1951 sanctem?
1092 1887 1228 1949 Dicimus
1249 1898 1349 1950 autem
1371 1890 1409 1951 ob
1426 1891 1561 1951 eamdem
1578 1908 1714 1967 causam,
1736 1891 1817 1951 illrum
1834 1890 1965 1952 dorm

599 1990 681 2049 dere.
725 1987 810 2049 Sicut
832 1990 910 2049 enim
932 1988 1088 2049 descendit
1115 1989 1147 2047 in
1168 1995 1285 2048 uterum
1307 1988 1437 2062 Mariae,
1450 1991 1546 2067 jurata
1567 1989 1621 2049 illa
1641 1988 1749 2068 Anqeli
1767 1987 1872 2063 cerba,
1894 1988 1966 2069 spt-

598 2089 673 2149 ritus
702 2096 824 2149 sanctus
853 2088 1047 2167 superveniet
1073 2087 1102 2147 in
1132 2094 1173 2163 te,
1201 2095 1258 2149 etc.
1279 2087 1410 2166 fecitque
1439 2106 1561 2149 carrrem
1588 2107 1629 2148 ec
1656 2087 1774 2167 Vr'rqine
1795 2096 1963 2166 acceptam,

598 2205 709 2265 corpus
736 2186 826 2247 Verbi
846 2186 913 2260 Dei,
936 2187 1040 2248 eodem
1060 2186 1150 2247 modo
1172 2187 1329 2248 descendit
1353 2206 1444 2266 super
1462 2205 1574 2267 panem
1603 2195 1633 2249 et
1653 2188 1754 2271 cirrum
1775 2204 1853 2265 quae
1874 2195 1967 2265 super

536 2337 538 2341 ,
599 2286 698 2346 altare
719 2293 798 2359 suut,
818 2285 952 2365 facitque
975 2304 1012 2346 ea
1035 2304 1145 2364 corpus
1167 2292 1197 2346 et
1217 2288 1392 2365 seriquiuem
1420 2285 1508 2347 Verbi
1527 2286 1595 2360 Dei,
1610 2292 1754 2352 ¹(assumta
1775 2304 1816 2345 esc
1835 2283 1964 2364 Viryine.

599 2384 710 2446 lterum
731 2385 875 2445 dicimus:
909 2402 985 2464 erqo
1012 2383 1161 2463 Virqinem
1182 2383 1314 2445 Mariam
1335 2385 1380 2444 ita
1398 2383 1513 2463 [maim
1535 2393 1596 2445 est:
1619 2384 1714 2445 Pater
1734 2384 1837 2460 coluit,
1858 2390 1893 2444 ut
1913 2386 1966 2445 ia-

601 2490 782 2544 carnuretur
811 2484 920 2544 Filius:
946 2483 1040 2543 Vilius
1068 2490 1168 2543 areton
1196 2482 1353 2543 descendit
1379 2483 1412 2543 iu
1437 2482 1719 2561 uterum-Virqiuis,
1743 2489 1772 2542 et
1792 2497 1893 2543 ecca
1914 2483 1966 2544 ia-

601 2588 747 2643 carnatus
768 2589 829 2643 est:
851 2582 1005 2642 descendit
1026 2582 1116 2641 etiam
1137 2580 1268 2660 Spiritus
1290 2587 1415 2642 sanctam
1435 2573 1644 2660 ad'Virqinem
1665 2589 1812 2656 sanetum,
1834 2581 1965 2656 utFilio,

600 2700 642 2741 ea
663 2699 701 2741 ea
722 2700 833 2759 corpus
852 2680 1009 2758 temneret.
1051 2679 1130 2740 Pari
1149 2682 1278 2754 ratione,
1302 2688 1331 2741 et
1352 2682 1422 2741 istic
1441 2682 1474 2741 in
1495 2681 1590 2741 altari
1609 2700 1643 2741 se
1663 2671 1714 2742 rei
1728 2679 1826 2741 babet.
1870 2679 1966 2743 Pater

600 2779 718 2858 quidem
738 2780 810 2853 mult,
831 2787 866 2840 ut
885 2781 1007 2840 uniatur
1027 2778 1121 2839 Filius
1138 2778 1344 2857 personaliter
1353 2781 1430 2856 pani
1450 2786 1480 2839 et
1500 2781 1590 2852 cino;
1613 2788 1702 2859 atque
1723 2785 1885 2857 eapropter
1906 2779 1965 2842 de-
2056 2809 2058 2814 ·

595 2885 744 2956 precabar
765 2878 919 2940 Sacerdos
940 2896 1007 2939 cum
1028 2879 1142 2952 timore,
1166 2878 1308 2952 clamore,
1331 2887 1361 2939 et
1382 2879 1473 2938 tacito
1496 2879 1601 2939 cordis
1620 2880 1742 2957 qemitu‚
1763 2877 1847 2956 apud
1867 2876 1965 2940 Deru

600 2984 630 3037 et
649 2977 782 3054 Patren,
802 2979 933 3057 petitque
956 2976 995 3038 ab
1017 2977 1078 3051 illo,
1100 2984 1242 3055 tanquam
1264 2985 1388 3038 aeterno
1407 2977 1465 3055 filii
1477 2976 1663 3057 spiritusque
1678 2977 1884 3056 principiae
1905 2994 1964 3056 quo

599 3095 686 3137 omne
707 3078 817 3137 donum
839 3077 947 3137 bouum
969 3076 1136 3153 descendit,
1160 3083 1193 3137 ut
1213 3077 1312 3136 mittat
1331 3095 1423 3154 super
1444 3094 1487 3150 se,
1510 3083 1540 3135 et
1571 3095 1662 3155 srrper
1688 3094 1804 3137 omnem
1821 3076 1965 3155 papatui·

596 3177 713 3254 tidelem
731 3194 811 3255 poree
833 3194 866 3237 se
887 3183 1024 3250 stantem,
1047 3184 1077 3237 et
1097 3193 1188 3254 super
1198 3174 1401 3235 Sacramenta
1421 3177 1454 3236 in
1475 3175 1569 3235 altari
1584 3176 1698 3254 posita,
1711 3174 1856 3253 Spiritum
1878 3193 1965 3237 saun

496 3263 503 3270 ’
598 3281 743 3339 sanctum.
793 3275 913 3337 lterum.
959 3273 1069 3336 Oblata
1096 3275 1224 3352 erumpit
1257 3274 1397 3364 illapsum
1432 3266 1671 3348 (intoxicata)
1700 3274 1832 3352 Spiritum
1853 3275 1964 3349 amicti,

598 3381 632 3433 ut
653 3375 745 3434 etiam
766 3376 848 3436 illum
869 3375 1001 3452 suscepit
1012 3374 1106 3433 Vilius
1127 3374 1159 3432 in
1173 3390 1278 3448 carne,
1302 3379 1443 3451 tanquam
1455 3373 1618 3451 primitiae,
1641 3374 1673 3432 in
1687 3372 1823 3433 iordane
1832 3371 1962 3451 tium.

598 3470 787 3550 Deprecutur
806 3491 920 3552 quaque
941 3471 1094 3532 Sacerdos
1115 3478 1148 3530 ut
1168 3471 1304 3531 neittamr
1324 3470 1457 3549 Spiritus
1483 3489 1574 3549 super
1596 3490 1707 3551 corpus
1728 3478 1759 3533 et
1777 3475 1964 3551 εανιφιίνιεη,

599 3572 676 3630 sicut
697 3572 728 3631 in
757 3571 905 3649 Virqinem
926 3579 997 3631 tunc
1025 3570 1151 3647 illapsus
1180 3576 1231 3628 est.
1277 3569 1348 3629 lum
1375 3572 1465 3630 etiam
1491 3587 1548 3647 per
1575 3568 1799 3631 lanceationem
1821 3570 1962 3649 Spiritus,

597 3670 721 3748 mystice
747 3671 897 3748 siqnipicat
925 3670 998 3730 illud
1026 3668 1106 3746 quod
1131 3666 1255 3728 Gabriel
1288 3687 1356 3728 mum
1383 3669 1464 3729 stetit
1492 3687 1597 3729 coram
1623 3669 1758 3748 Virqine,
1788 3676 1963 3749 cartaeptrrrs

598 3768 644 3827 illi
670 3775 805 3828 sanonum
834 3787 920 3829 utum
949 3766 1160 3840 artuunciaoit,
1190 3769 1329 3827 unionem
1356 3767 1438 3827 illam
1459 3769 1633 3848 mysticam,
1656 3786 1733 3846 quae
1753 3768 1964 3849 inteliiqentiaa

598 3874 717 3944 captum
739 3875 880 3945 superat:
899 3887 957 3947 per
978 3885 1067 3946 quam
1089 3884 1156 3925 cum
1177 3866 1229 3925 illa
1253 3873 1401 3944 potestate
1423 3867 1525 3927 coatia
1546 3865 1752 3944 sanctificante
1775 3866 1961 3928 summm

596 3985 664 4025 nem
685 3966 838 4041 babemus,
860 3969 960 4027 auimo
983 3984 1004 4027 a
1026 3964 1163 4026 sensibus
1184 3972 1214 4024 et
1234 3982 1255 4024 a
1276 3968 1405 4025 materia
1427 3965 1530 4028 libero.
1554 4003 1556 4012 ·

687 4064 756 4125 Tum
778 4067 852 4127 dicit
872 4066 1032 4128 Sacerdos.
1077 4062 1194 4124 Exaudi
1223 4082 1270 4124 me
1301 4063 1428 4126 Domine
1455 4071 1485 4124 et
1515 4064 1660 4125 miserere
1683 4063 1750 4124 mei.
1794 4062 1962 4126 Senendsan

598 4162 701 4225 blesen
722 4162 898 4243 Barcepba,
930 4164 1083 4225 Sacerdos
1104 4164 1195 4236 dicit,
1218 4161 1311 4243 llyrie
1332 4161 1449 4224 eleison
1456 4183 1466 4237 3
1494 4164 1559 4223 sice
1579 4164 1705 4225 Domine
1727 4163 1874 4224 miserere
1895 4161 1961 4238 mei,

598 4265 670 4341 quia
692 4266 779 4324 sentit
796 4284 853 4343 per
871 4266 959 4342 fidem
981 4263 1172 4324 descendisse
1193 4262 1337 4340 Spiritum
1359 4268 1505 4335 sanctum,
1523 4261 1756 4341 perfecisseque
1779 4267 1809 4321 et
1830 4260 1962 4339 cample-

597 4364 679 4421 oisse
700 4365 851 4443 eupaterio,
875 4382 942 4423 cum
963 4363 1095 4423 clamore
1110 4362 1214 4423 valido
1232 4361 1397 4421 clamatad
1408 4359 1541 4436 Patrem,
1556 4360 1682 4423 Domine
1696 4362 1842 4423 miserere
1857 4360 1959 4422 noua
1999 4381 2003 4388 ·

597 4459 633 4520 lu
655 4458 816 4521 Occidente
835 4480 931 4538 porro
954 4469 983 4522 et
1003 4461 1164 4521 secundum
1186 4478 1296 4521 nocam
1319 4460 1518 4533 traditionem,
1541 4477 1618 4538 quae
1638 4458 1728 4520 bodie
1750 4458 1878 4532 obtinet,
1900 4456 1961 4518 Sa·

598 4559 717 4633 cerdos,
740 4568 887 4637 utsupra
909 4561 1051 4633 dicimus,
1073 4558 1199 4639 Syriaca
1216 4559 1299 4619 dicit.
1329 4557 1446 4618 Exaudi
1462 4576 1509 4619 me
1524 4557 1649 4620 Domine
1673 4564 1703 4618 et
1725 4558 1874 4619 miserere
1894 4556 1961 4632 moi,

597 4660 679 4720 elato
701 4677 791 4732 ooce,
813 4662 857 4719 ita
879 4667 912 4719 ut
931 4660 1090 4737 perueniat
1112 4660 1153 4717 ud
1171 4658 1327 4736 populum,
1350 4658 1509 4736 dicantque
1529 4659 1675 4719 similiter.
1721 4656 1801 4717 lianc
1823 4673 1961 4718 armasse

593 4759 706 4837 populo
728 4758 831 4818 dicunt
852 4766 911 4833 ter,
935 4756 1027 4838 llyrie
1050 4756 1179 4830 eleison,
1207 4762 1260 4817 aut
1287 4755 1434 4816 Miserere
1456 4755 1527 4817 mei:
1550 4757 1630 4835 quod
1650 4762 1697 4816 ter
1717 4745 1961 4833 pronunciantes,

596 4858 856 4935 perseuerantiam
884 4859 916 4917 in
944 4857 1155 4934 deprecatione
1182 4862 1285 4916 uotam
1311 4854 1439 4932 faciunt.
1483 4856 1553 4915 linit
1573 4857 1663 4916 etiam
1686 4854 1867 4933 aliquando,
1896 4871 1962 4916 mus
2048 4857 2055 4880 ‘

598 4956 780 5017 Sacerdotes
800 4956 940 5033 imperiti,
962 4956 1020 5016 boc
1041 4954 1107 5016 loco
1127 4953 1258 5038 frontem
1272 4972 1363 5013 mauu
1371 4954 1531 5032 feriebant,
1555 4956 1643 5032 quasi
1655 4955 1694 5014 de
1708 4953 1879 5014 commissis
1893 4951 1962 5032 qui-

599 5056 725 5116 busdam
744 5057 938 5133 poenitentes,
961 5054 1041 5133 quod
1062 5052 1162 5113 Moses
1182 5050 1346 5131 Barcepba
1368 5054 1529 5132 inconqrue
1546 5071 1676 5131 prorsus
1695 5053 1765 5131 fieri
1785 5052 1870 5126 dicit,
1892 5049 1963 5131 quis

599 5156 681 5214 dona
702 5156 826 5232 spiritus
847 5153 1007 5233 tranquille
1028 5152 1147 5227 dantur,
1171 5160 1199 5212 et
1220 5171 1279 5212 nou
1302 5170 1369 5212 cum
1391 5154 1524 5230 strepitu.
1555 5150 1721 5230 Tranquillo
1743 5152 1821 5211 enm
1843 5155 1874 5209 et
1890 5148 1962 5228 plo·

598 5254 667 5314 cide
694 5254 848 5315 descendit
875 5252 998 5313 Verbum
1019 5251 1101 5312 Deus
1122 5252 1154 5310 in
1176 5249 1319 5327 Mariam,
1351 5257 1440 5311 etex
1462 5268 1500 5311 ea
1520 5252 1696 5311 incensatus
1716 5256 1778 5324 est,
1807 5267 1867 5309 non
1896 5265 1963 5310 aaut
