5150 6534
959 1221 1643 1458 uissuuuluo

760 1610 1907 1753 ΒΕΝΕΞΤΟΗΙΑΝΟΒΠΜγ

1052 1855 1544 1949 baruncius,

666 2154 690 2228 l.
717 2127 923 2232 Lirnnoms
951 2162 1040 2244 tres,
1068 2177 1205 2250 quarum
1233 2178 1279 2228 ex
1306 2156 1459 2253 Syriacis
1486 2156 1659 2229 codicibus
1691 2161 1883 2231 versionem
1920 2160 1986 2232 da·
2052 2159 2183 2259 liturgiae
2207 2179 2294 2233 quarm

615 2292 709 2363 mus,
734 2275 889 2369 proprias
917 2292 995 2345 asso
1021 2270 1315 2361 Nestorianorum,
1342 2275 1398 2367 qui
1425 2269 1598 2345 catholico
1626 2296 1783 2371 supremo
1810 2274 1896 2348 illius
1923 2299 1987 2350 se·
2018 2252 2294 2399 ἔξοζ“ξ.ζ““ἕ“ἵζξ

614 2395 689 2460 ctae
714 2385 927 2459 Patriarcbae
954 2383 1184 2477 subjiciuntur,
1219 2389 1405 2459 certissime
1438 2396 1580 2461 coastat.
1633 2388 1711 2461 lllas
1737 2393 1824 2463 enim
1853 2391 1987 2465 descri-
2017 2431 2108 2471 nomm
2126 2426 2193 2475 ima.

614 2506 739 2600 psimus
772 2525 818 2575 ex
854 2500 1034 2575 codicibus
1066 2506 1318 2598 manuscriptis,
1344 2506 1400 2596 qui
1432 2514 1499 2576 tam
1531 2506 1727 2600 perspicuas
1753 2516 1868 2578 sectae
1902 2507 1988 2581 illius

613 2628 711 2690 notas
731 2616 874 2707 habent,
900 2628 936 2689 ut
962 2617 1005 2688 de
1032 2616 1096 2689 illis
1123 2617 1263 2690 dubitari
1289 2639 1357 2690 non
1384 2622 1502 2714 possit.
1553 2620 1723 2705 Attamen,
1749 2642 1824 2692 cum
1851 2623 1896 2692 in.
1912 2622 1986 2696 aliis

615 2733 736 2806 Officiis
764 2756 850 2827 quae
877 2755 923 2805 ex
950 2732 1099 2823 Graeca,
1125 2734 1359 2830 Aegyptiaca,
1387 2746 1420 2807 et
1445 2734 1588 2830 Syriaca
1614 2734 1736 2827 linguis
1759 2738 1986 2833 interpretata,

613 2847 688 2921 buic
715 2848 905 2922 collectioni
931 2851 1147 2939 inseruimus,
1176 2849 1312 2923 codices
1340 2853 1491 2945 antiquos
1518 2849 1639 2922 multos
1673 2849 1904 2940 babuerimus,
1940 2875 1995 2942 ex,

614 2965 732 3062 quibus
758 2974 871 3037 textus
898 2966 1072 3036 sinceritas
1106 2967 1265 3057 agnosci,
1301 2976 1334 3037 et
1367 2969 1399 3037 in
1434 2965 1518 3039 locis
1551 2964 1676 3061 aliquot
1709 2965 1890 3041 difficilibus
1925 2968 1985 3043 lux

613 3080 724 3153 allerri
751 3086 886 3176 posset,
912 3082 947 3150 in
972 3078 1182 3152 Nestorianis
1216 3082 1381 3152 caruimus
1414 3082 1471 3154 tali
1504 3092 1637 3176 tamque
1668 3084 1863 3154 necessario
1894 3080 1983 3160 sub-

612 3196 707 3269 sidio.
760 3195 847 3268 Nam
872 3198 1092 3268 recentissimi
1124 3195 1257 3268 fuerunt
1282 3196 1347 3287 illi,
1381 3218 1465 3292 qnos
1497 3196 1744 3293 interpretando
1780 3200 1886 3269 secuti
1920 3220 1983 3269 su-

611 3334 705 3400 mus,
733 3334 779 3383 ex
806 3310 925 3407 quibus
958 3334 1061 3400 uuus,
1077 3344 1078 3347 ¹
1095 3316 1151 3405 qui
1183 3311 1284 3407 paulo
1320 3314 1394 3409 plus
1429 3315 1606 3385 vetustatis
1639 3310 1764 3384 babere
1795 3311 1984 3401 videbatur,

611 3426 767 3501 foliorum
794 3427 971 3499 multorum
993 3430 1158 3519 jacturam
1185 3431 1402 3516 sustinuerat,
1435 3427 1526 3522 quae
1547 3428 1699 3525 suppleta
1727 3435 1820 3499 erant
1845 3430 1983 3516 receati,

611 3564 674 3615 nec
700 3542 789 3616 bona
810 3565 919 3615 manu.
973 3542 1069 3621 Alius
1088 3547 1256 3616 recentior
1269 3547 1412 3640 scriptus
1427 3543 1488 3615 luit
1502 3544 1633 3617 Romae
1648 3563 1735 3614 anno
1748 3539 1983 3615 MDCXCVII.

611 3682 632 3732 a
658 3658 808 3755 Josepbo
836 3658 1001 3753 quondam
1027 3657 1220 3731 Patriarcba
1248 3658 1506 3746 Chaldaeorum,
1535 3662 1591 3754 qui
1617 3682 1637 3730 a
1663 3661 1733 3731 suis
1759 3658 1892 3755 pulsus,
1919 3656 1984 3730 illic

612 3774 700 3847 diem
726 3796 821 3848 suum
849 3772 939 3846 obiit.
991 3775 1025 3846 ls
1053 3784 1162 3847 autem
1188 3775 1300 3848 codex
1326 3777 1444 3864 mirum
1471 3776 1504 3845 in
1532 3774 1665 3847 modum
1683 3774 1900 3869 interpolatus
1921 3783 1983 3862 est,

611 3913 686 3963 oum
713 3890 755 3962 ad
781 3888 930 3963 Missalis
959 3886 1129 3961 Chaldaici
1155 3889 1285 3961 Romae
1313 3890 1391 3962 editi
1417 3890 1576 3978 sormam,
1603 3894 1747 3988 scriptor
1777 3889 1871 3985 plura
1904 3912 1983 3960 mu-

608 4007 748 4093 taverit,
783 4016 819 4077 ut
851 4016 971 4099 postea
1006 4002 1270 4076 observabimus.
1332 4005 1369 4076 In
1396 4009 1498 4079 variis
1534 4027 1667 4101 quoquo
1701 4004 1805 4096 locis,
1844 4004 1983 4095 alicujus

608 4142 689 4193 usus
716 4121 775 4193 fuit
801 4120 928 4193 Missae
956 4119 1220 4192 Christianorum
1247 4120 1335 4214 apud
1361 4121 1462 4194 Indos
1488 4120 1608 4193 Latina
1634 4123 1767 4209 versio,
1800 4143 1886 4217 quae
1918 4119 1982 4193 Iti-

608 4240 742 4308 nerario
768 4236 1004 4330 Historiacque
1029 4234 1200 4307 Missionis
1226 4234 1486 4326 Angamaleasis
1508 4235 1635 4332 *Alexin
1669 4237 1811 4310 Menesii
1838 4234 1983 4308 Goeasis

608 4351 867 4448 Arobiepiscopi
893 4351 1086 4444 subjuncta,
1112 4353 1147 4421 in
1172 4347 1413 4423 Bibliothecam
1439 4353 1575 4424 Patrum
1601 4351 1762 4425 translata
1796 4362 1857 4424 est.
1909 4350 1983 4423 Etsi

607 4489 693 4541 vero
721 4469 830 4540 multis
856 4467 1033 4564 praesidiis
1060 4467 1222 4554 destituti,
1255 4464 1394 4540 formam
1422 4478 1533 4540 tamen
1559 4467 1784 4541 Nestorianae
1810 4465 1981 4558 [liturgiae

607 4604 726 4655 veram
751 4604 815 4655 nos
843 4580 988 4672 habere,
1016 4585 1115 4655 certis
1143 4586 1347 4673 argumentis
1374 4582 1597 4656 demonstrari
1623 4586 1859 4657 existimamus.

712 4700 752 4771 II.
806 4698 891 4770 Tres
918 4697 1041 4770 babeat
1067 4700 1242 4793 antiquitus
1269 4696 1437 4789 Litargias
1464 4698 1676 4785 Nestorium,
1712 4718 1773 4769 seu
1808 4693 1980 4785 Chaldaei,
2019 4712 2294 4782 rreaapuannunn·

608 4825 644 4887 ut
670 4813 712 4887 ab
740 4813 812 4886 aliis
840 4813 1064 4910 appellantur:
1090 4816 1153 4907 ipsi
1180 4834 1265 4885 vero
1294 4812 1501 4886 Christianos
1529 4811 1717 4888 Orientales
1745 4834 1783 4884 se
1816 4808 1981 4883 lubentius
1994 4814 2043 4852 ¹¹⁰⁸
2061 4799 2200 4872 militm

610 4928 794 5026 appellant,
820 4939 856 5001 ut
889 4952 935 5001 ex
971 4929 1141 5002 autoribus
1174 4927 1322 5019 ejusdem
1355 4940 1470 5003 sectae
1513 4928 1589 5000 alibi
1620 4924 1846 5025 probabimus.
1899 4926 1984 4998 Sunt

610 5054 720 5117 autem
747 5045 792 5116 illi
818 5044 983 5141 Syrorum
1009 5053 1161 5116 veterum
1180 5042 1442 5116 Christianorum
1468 5042 1645 5139 reliquiae,
1673 5044 1728 5137 qui
1743 5051 1821 5137 post
1835 5040 1980 5113 damna-

608 5170 677 5232 tum
702 5162 737 5231 in
762 5158 930 5256 Ephesina
957 5160 1098 5256 Synodo
1126 5159 1335 5247 Nestorium,
1362 5159 1447 5255 pulsi
1473 5158 1605 5251 legibus
1622 5158 1800 5246 Romanis,
1828 5167 1861 5229 et
1887 5179 1978 5251 quo-

610 5275 786 5349 dammodo
802 5278 989 5373 proscripti,
1015 5280 1050 5348 in
1075 5276 1349 5371 Mesopotamiam
1365 5298 1404 5351 se
1418 5285 1632 5379 receperunt,
1659 5297 1746 5371 quae
1763 5298 1783 5346 a
1799 5274 1978 5347 Persarum
2100 5263 2101 5268 ’
