5150 6534
766 873 817 947 tlt
848 869 1143 947 tltaaalas
1178 870 1461 947 staticus
1751 873 1799 944 59

426 1057 577 1137 ptionem;
601 1056 632 1118 in
667 1073 807 1118 rasorum
837 1070 995 1116 sacrorum
1023 1053 1302 1134 benedictionibus,
1335 1057 1364 1115 in
1394 1053 1652 1130 Ordinationibus;
1687 1054 1798 1135 ubique

427 1155 558 1220 tandem.

598 1413 773 1486 Sacerdos
800 1415 888 1486 tolla
914 1415 1021 1484 aelam
1048 1435 1113 1505 prta
1139 1415 1301 1504 rrapoleria
1329 1417 1540 1505 operiantur,
1568 1421 1632 1484 ele.

523 1623 596 1702 Hoc
627 1633 696 1697 loco
724 1633 866 1696 dillerunt
896 1635 951 1695 tria
981 1632 1102 1694 Ordinis
1132 1631 1284 1714 gencralis
1313 1631 1507 1711 exemplaria:
1545 1631 1616 1692 illud
1652 1632 1731 1711 qarod
1769 1633 1798 1693 in
1846 1639 1885 1692 De
1904 1640 2018 1694 illatione
2032 1657 2121 1692 annn-

427 1739 542 1802 blissali
565 1736 725 1800 chaldaico
748 1737 859 1797 editum
883 1743 939 1810 est,
964 1737 1003 1796 ila
1026 1736 1113 1795 ritum
1137 1736 1277 1814 explicat,
1306 1743 1337 1795 nl
1360 1755 1430 1796 vasa
1455 1753 1540 1797 sacra
1564 1737 1594 1796 in
1623 1734 1709 1796 altari
1736 1738 1799 1816 jam
1812 1743 1866 1778 ‘⁰¹¹¹
1886 1727 1917 1778 ³⁶
1936 1729 2022 1778 ‘'¹²⁰¹‘'-

429 1839 528 1918 posita
551 1839 620 1911 sint,
645 1843 674 1896 et
696 1836 801 1916 majori
823 1834 893 1895 nelo
917 1843 1013 1908 tecla3
1037 1853 1097 1914 qaae
1120 1834 1238 1896 sublato
1263 1834 1411 1895 Sacerdos
1435 1834 1539 1895 eadem
1564 1836 1593 1894 in
1617 1835 1713 1913 altari,
1738 1853 1798 1915 quo

429 1936 558 1999 debetur
579 1934 684 1996 ordine
707 1934 854 2012 collocat,
887 1941 945 1995 tum
974 1934 1128 1995 Oblatum:
1158 1933 1266 1994 deinde
1296 1932 1418 1993 calicem
1449 1934 1479 1992 in
1510 1951 1569 2012 quo
1599 1940 1669 1994 tnnc
1698 1935 1798 1995 vinum

429 2034 594 2096 infunditur
615 2051 681 2094 oum
704 2050 791 2112 aqua.

515 2133 549 2194 ln
571 2130 674 2193 Ollicio
697 2131 878 2208 Bodoriaai,
904 2132 1002 2192 statim
1026 2131 1175 2194 Sacerdos
1199 2130 1329 2209 disponit
1352 2131 1410 2190 rito
1434 2129 1581 2208 Oblatum,
1604 2130 1660 2191 boc
1683 2138 1744 2208 est,
1766 2137 1798 2192 ul
1864 2135 1939 2188 Panis
1961 2137 2120 2190 Eucharisti-

428 2240 514 2295 recte
536 2232 768 2309 interpretatur,
792 2231 918 2291 bostiam
943 2249 1003 2292 ιιοιι
1027 2237 1249 2305 consecratam,
1274 2247 1351 2308 quac
1375 2226 1435 2290 illic
1457 2229 1593 2308 Sipillum
1616 2231 1796 2310 appellatur,
1811 2239 1864 2276 ⁰¹¹⁵·

428 2340 461 2394 ut
483 2332 573 2393 ctiam
596 2347 613 2389 a
635 2328 779 2389 barsalibi
803 2329 832 2389 in
856 2329 1091 2400 conmentario,
1121 2328 1189 2407 quia
1220 2344 1313 2406 punires
1337 2328 1543 2389 Eucharistiae
1573 2327 1798 2391 consecrandae

429 2430 583 2506 destinati,
607 2428 703 2489 literis
726 2429 857 2508 aliquot,
881 2429 928 2489 vel
952 2429 1056 2508 ligarris
1080 2430 1251 2506 signantur,
1275 2435 1306 2487 ut
1330 2427 1408 2505 apud
1432 2424 1567 2490 Graecos
1591 2429 1697 2508 quilius
1721 2446 1798 2488 cun-

428 2541 558 2603 sueludo
581 2547 627 2601 est
650 2547 682 2601 nt
704 2557 823 2600 cracem
847 2540 1029 2621 imprimant,
1053 2541 1128 2600 intra
1154 2541 1239 2620 cujus
1263 2547 1391 2618 (palatuar
1421 2539 1512 2600 latera
1542 2540 1654 2620 legitur
1676 2515 1714 2601 t'd
1735 2538 1796 2599 tid.

428 2625 503 2710 H
525 2651 651 2713 sciliccl.
678 2638 800 2734 Ἰησοῦς
819 2639 962 2734 Χριστὸς
977 2649 1050 2712 aaut}
1070 2652 1160 2712 Jcsns
1178 2651 1316 2712 (laisteis
1338 2653 1449 2712 cowll:
1472 2660 1502 2712 el
1525 2651 1649 2712 similem
1672 2650 1797 2712 sortitam

427 2758 652 2828 repraesentat,
677 2749 804 2812 (lucarius
827 2751 855 2810 in
878 2750 963 2812 Natis
987 2750 1022 2811 ad
1047 2751 1210 2830 lriluraiarn
1234 2749 1457 2830 Clarysostonri,
1487 2757 1518 2810 ut
1545 2751 1592 2811 nir
1615 2751 1796 2812 clarissimus
1829 2753 2120 2822 Goar.Eactaot.p.lrl.

426 2847 558 2911 lacobus
583 2849 756 2911 sirmondus
779 2849 993 2929 Disapaisitione
1017 2850 1054 2911 de
1076 2850 1203 2931 Azprru.
1244 2849 1389 2930 Adjunxit
1414 2849 1486 2910 alias
1511 2848 1621 2911 larinas
1644 2851 1717 2912 duas
1732 2850 1795 2912 Ob·
1844 2856 1874 2909 Ρ.
1894 2858 1954 2910 122.

427 2947 571 3024 latarum,
595 2949 739 3029 Syrorum
762 2966 867 3026 unam,
891 2949 1164 3011 Alexandrinorum
1187 2949 1334 3025 alteram,
1358 2966 1432 3028 quas
1456 2948 1526 3011 licet
1548 2950 1627 3010 narde
1651 2949 1796 3028 babuerit,

427 3047 607 3122 mendicat,
635 3065 723 3109 veras
748 3056 845 3108 laumn
869 3067 939 3110 csse
961 3048 1080 3110 dubium
1103 3067 1163 3109 uua
1187 3055 1243 3109 est.
1290 3047 1422 3126 Utraque
1452 3066 1513 3108 non
1544 3066 1600 3108 una
1626 3068 1734 3126 cruce,
1767 3055 1796 3108 ut

428 3145 546 3206 Graeco
568 3147 645 3224 ritu,
668 3146 723 3208 sed
746 3148 846 3209 multis
869 3147 1028 3208 cruciculis
1052 3147 1264 3228 distinguitur,
1290 3149 1329 3208 ila
1353 3156 1449 3208 taurica
1474 3156 1504 3206 at
1528 3149 1557 3208 in
1580 3148 1677 3211 medio
1702 3148 1798 3208 Obla-

427 3251 476 3306 lae
505 3245 602 3326 ligura
624 3248 719 3328 major
753 3247 850 3308 crucis
888 3247 1012 3307 soranam
1041 3249 1197 3326 exprimat.
1244 3245 1291 3306 Ex
1320 3247 1523 3324 antiquissima
1547 3265 1640 3326 porro
1664 3265 1797 3306 consue-

427 3343 529 3406 tudine
554 3345 653 3406 crucis
677 3346 802 3426 figurant
826 3345 940 3407 Oblatis
964 3349 1139 3424 impressam
1163 3344 1272 3422 luisse,
1302 3344 1408 3425 probat
1438 3363 1476 3405 ex
1504 3344 1621 3424 pictura
1650 3345 1797 3405 uetustis-

427 3442 494 3504 simi
508 3441 628 3503 Codicis
651 3445 746 3504 sancti
766 3443 916 3522 Germani,
940 3444 968 3504 in
985 3462 1044 3524 «pun
1065 3445 1230 3520 delineatus
1246 3444 1324 3505 iulia
1338 3443 1441 3505 altaria
1458 3445 1528 3519 duo,
1551 3451 1609 3505 stat
1629 3443 1796 3505 Sacerdos:

427 3557 554 3621 quorum
577 3541 608 3602 in
630 3542 744 3618 altero,
766 3542 882 3603 ludaici
907 3544 997 3616 riluS,
1021 3552 1090 3604 sunt
1112 3545 1249 3605 victimae
1272 3545 1352 3604 aries
1376 3552 1405 3605 el
1429 3545 1544 3604 ltircus:
1574 3545 1602 3604 iu
1627 3543 1722 3604 alteru
1746 3561 1799 3604 sa-

427 3638 524 3701 lutare
547 3640 782 3703 Christianorum
805 3641 982 3703 sacrificium
1005 3641 1163 3720 denotant,
1189 3642 1266 3704 calix
1290 3651 1320 3704 ct
1351 3643 1476 3704 Oblatac
1507 3643 1606 3704 crucis
1636 3642 1720 3703 titulo
1749 3641 1799 3701 in-

426 3739 547 3820 sigues:
571 3749 632 3801 tum
654 3740 786 3819 desuper
808 3741 941 3820 pensiles
965 3743 1112 3821 utrimque
1141 3742 1303 3804 bestiarum
1333 3743 1487 3822 capsulae.
1517 3741 1645 3822 blaignac
1677 3760 1798 3822 quoque

428 3839 611 3918 antiquitatis
640 3839 780 3901 indicium
810 3841 935 3918 praebet
965 3839 1059 3922 figura
1093 3859 1170 3919 aaran
1205 3843 1233 3901 in
1264 3842 1391 3920 Coptica
1418 3841 1651 3924 Evangeliorurn
1684 3841 1797 3902 Codice

425 3936 631 4000 Bibliothecae
651 3937 765 4020 Regiae
788 3947 939 4015 servatur,
963 3941 992 3999 iu
1016 3958 1072 4019 qua
1097 3939 1233 4001 Christus
1257 3942 1390 4022 pingitur
1414 3960 1513 4001 coram
1538 3941 1622 4000 altari
1643 3941 1798 4021 alposlolis

427 4031 646 4098 Eucharistiam
661 4036 858 4098 distribuens:
884 4037 1010 4099 Oblatac
1025 4057 1118 4118 super
1134 4039 1219 4099 allaari
1236 4042 1335 4100 crucis
1351 4058 1471 4119 (piloque
1486 4041 1572 4120 signo
1587 4047 1707 4099 notatae
1719 4045 1798 4098 sunt.

513 4135 630 4196 Partem
653 4135 731 4198 illam
756 4137 785 4198 in
809 4155 867 4216 qaia
892 4155 965 4197 crux
989 4138 1135 4220 signatur,
1159 4156 1226 4199 raam
1246 4138 1370 4200 Oblatac
1385 4138 1545 4216 aliqnando
1566 4140 1696 4218 majoros
1717 4144 1798 4210 sunt,

426 4233 535 4296 Graeci
558 4233 723 4319 σφραγῖδα
747 4235 910 4316 appellant,
935 4245 966 4296 nt
988 4244 1088 4297 attornet
1113 4236 1253 4310 linarias,
1277 4244 1307 4297 cl
1331 4236 1435 4297 cadent
1458 4236 1677 4318 significatione
1704 4247 1797 4309 aab&

424 4334 554 4412 aipillaat
576 4343 704 4396 vacatur
727 4336 756 4395 in
780 4335 883 4396 Ollicio
908 4335 1082 4409 Bodcriaui,
1106 4337 1273 4414 quintinus
1299 4343 1381 4396 recle
1405 4336 1617 4414 interpretatus
1641 4344 1702 4414 est,
1733 4336 1798 4396 cir·-

425 4432 532 4493 calam.
577 4431 610 4493 ln
633 4433 728 4513 primo
752 4431 865 4495 Ordine
889 4433 1075 4511 Colbcrlinu,
1100 4436 1272 4514 priusquam
1295 4437 1380 4514 panis
1398 4434 1593 4496 Euclraristici
1616 4436 1726 4496 nterrtio
1756 4434 1798 4511 fil,

425 4536 548 4591 notatur
570 4532 691 4592 misceri
716 4531 837 4594 calicem
860 4534 931 4592 rino
955 4541 985 4594 et
1008 4551 1095 4612 aquai,
1121 4533 1199 4613 (parad
1223 4533 1343 4594 vidntur
1367 4535 1589 4613 transpositum,
1615 4535 1670 4596 nisi
1687 4534 1797 4614 aliquid

426 4629 567 4690 omissum
598 4637 653 4690 cst.
699 4630 771 4692 Num
795 4633 891 4693 statim
917 4632 1134 4713 pracscribitur
1157 4632 1307 4712 qraonrodo
1341 4634 1370 4693 in
1394 4631 1484 4694 Disco
1516 4653 1603 4694 sacro
1633 4635 1798 4714 particulae

425 4727 566 4807 componi
589 4727 733 4797 debeant,
757 4737 787 4791 ct
809 4730 838 4790 id
862 4733 926 4792 lieri
951 4751 1010 4792 ιιοιι
1033 4739 1163 4810 poterat,
1187 4733 1243 4792 nisi
1267 4739 1334 4811 post
1358 4733 1482 4810 primani
1506 4733 1691 4807 fractionem,
1720 4751 1797 4811 quac

423 4827 457 4888 lit
479 4825 572 4908 longe
596 4835 665 4889 tante
688 4829 814 4892 alliciunt
838 4832 1084 4893 consecrationis.
1131 4831 1162 4891 ln
1185 4831 1299 4892 blissali
1324 4831 1485 4894 Clraldaico
1509 4833 1580 4895 nillil
1607 4834 1685 4895 aliud
1709 4839 1798 4893 nota-

422 4934 490 5002 tur,
526 4925 584 4986 uisi
618 4927 715 5006 quod,
745 4928 900 4990 Sacerdos
936 4932 1033 4990 valcant
1062 4934 1160 5008 rnajas
1197 4931 1297 5008 ‹trasei-l
1328 4953 1385 5011 prro
1415 4939 1552 5010 leputatur
1579 4933 1739 5012 mpslcrr‘a,
1770 4939 1799 4991 et

423 5043 505 5086 vasa
527 5043 619 5086 sacra
642 5027 761 5106 aliaque
784 5029 826 5087 ad
847 5027 1017 5107 Lilnrpiam
1039 5031 1203 5089 scr-olentia
1225 5031 1357 5108 disponit
1379 5033 1435 5091 rite
1458 5032 1488 5090 a'a
1512 5030 1624 5090 altari:
1652 5026 1798 5107 affectar-

423 5144 481 5205 qae
499 5126 595 5204 panis
617 5143 638 5186 a
659 5125 819 5204 Diacoao,
842 5133 941 5206 talpae
964 5127 1089 5188 Oblatas
1112 5130 1142 5187 in
1165 5130 1249 5190 disca
1274 5132 1361 5207 parant
1387 5138 1458 5209 paral
1488 5128 1683 5189 necessariae
1712 5133 1798 5188 saraa:

424 5225 535 5284 dolrada
557 5225 682 5285 calicem
705 5227 774 5286 cirre
797 5234 827 5286 et
849 5245 929 5305 capua
951 5229 1077 5289 mistam.
1124 5227 1235 5288 Verum
1264 5247 1324 5288 non
1348 5229 1467 5288 onurino
1492 5231 1530 5289 ila
1555 5227 1721 5288 saltabant
1745 5243 1799 5287 ru-

424 5321 530 5383 bricae
552 5321 582 5383 in
601 5323 762 5386 Codicibus
786 5325 857 5387 blss.
883 5326 952 5406 qnia
975 5327 1090 5387 scilicet
1114 5327 1242 5387 llissnlis
1266 5328 1398 5389 editores
1423 5326 1459 5387 ad
1483 5330 1655 5407 praesentis
1679 5335 1800 5407 tempo-

464 5461 553 5504 raneus
566 5462 591 5504 u.
1545 5448 1587 5517 11
