5150 6534
1108 864 1471 945 NESTORII.
1866 869 1984 951 Ι627.

606 1061 641 1123 et
667 1055 809 1126 omnium
841 1052 978 1128 fratrum
1010 1064 1199 1128 nostrorum
1232 1056 1267 1126 in
1293 1052 1425 1127 Cbristo
1459 1053 1586 1147 quiex
1620 1051 1685 1125 boc
1716 1055 1853 1128 saeculo
1887 1079 1975 1152 pro-

605 1166 682 1239 fecti
708 1178 784 1240 sunt
809 1172 843 1240 in
868 1169 933 1242 fide
966 1193 1068 1258 vere,
1103 1191 1242 1263 quorum
1274 1170 1408 1241 nomina
1436 1171 1526 1258 scis:
1562 1168 1699 1241 solvens
1733 1177 1767 1241 et
1802 1173 1974 1243 remittens

604 1282 669 1356 illis
697 1284 925 1378 quodcumque
950 1295 1179 1381 peccaverunt
1205 1294 1261 1357 eut
1288 1287 1321 1355 in
1348 1269 1413 1377 quo
1441 1282 1649 1354 offenderunt
1674 1281 1787 1356 coram
1815 1294 1866 1374 te,
1893 1279 1980 1356 tan?

607 1421 705 1493 quam
730 1399 881 1470 bomines
908 1385 1015 1473 errori
1042 1410 1076 1473 et
1101 1400 1312 1496 passionibus
1342 1398 1490 1487 obnoxii,
1517 1402 1779 1493 perorationem
1806 1411 1838 1471 et
1865 1404 1974 1473 inter-

605 1517 794 1588 cessionem
821 1538 937 1588 eorum
964 1521 1018 1612 qui
1045 1517 1240 1613 placuerunt
1266 1537 1380 1588 coram
1408 1526 1450 1586 tc.
1503 1512 1651 1611 Respice
1686 1515 1728 1586 ad
1754 1498 1817 1587 nos
1845 1527 1879 1588 et
1905 1522 1973 1590 mi-

606 1654 722 1705 serere
755 1636 861 1705 nostri
894 1636 1103 1728 omniumque
1136 1654 1312 1707 servornm
1346 1640 1379 1701 et
1414 1629 1606 1703 ancillarum
1640 1641 1767 1703 tuarum
1803 1636 1858 1725 qui
1890 1644 1977 1707 stant

606 1769 721 1819 coram
748 1747 843 1820 altari
870 1757 937 1819 tuo.
989 1749 1059 1821 Fac
1085 1771 1151 1823 nos·
1174 1771 1292 1822 omues
1320 1746 1450 1838 dignos,
1478 1757 1514 1818 ut
1539 1750 1642 1820 simus
1669 1750 1847 1843 participes
1871 1753 1975 1843 partis

606 1873 639 1934 et
664 1861 875 1937 baereditatis
902 1876 1090 1938 sanctorum
1116 1868 1148 1937 in
1174 1866 1316 1953 lumine,
1350 1872 1385 1935 et
1410 1861 1452 1934 da
1479 1862 1577 1935 nobis
1613 1872 1648 1935 nt
1674 1886 1748 1934 cum
1776 1860 1974 1939 abundantia

605 1983 764 2065 caritatis,
792 1990 827 2051 et
852 1984 1089 2072 cogitationum
1124 1986 1266 2078 puritate
1292 1983 1448 2054 vivamus
1481 2003 1595 2052 coram
1629 1992 1661 2053 te
1688 1984 1719 2051 in
1746 1980 1810 2053 boc
1838 1981 1974 2055 saeculo

604 2099 884 2191 peregrinationis
912 2109 1068 2186 nostrae,
1102 2097 1312 2194 possidentes
1346 2099 1572 2189 cognitionem
1606 2107 1795 2169 accuratam
1821 2101 1973 2169 veritatis

604 2211 680 2284 fidei
706 2214 740 2281 iu
767 2221 811 2299 tc,
839 2222 873 2283 et
899 2217 1181 2286 communicantes
1207 2215 1377 2310 mysteriis
1405 2217 1468 2286 tuis
1494 2212 1674 2284 tremendis
1708 2222 1741 2283 et
1773 2203 1913 2285 sanctis:
1940 2221 1975 2282 ut

605 2326 736 2421 qnando
764 2328 923 2403 stabimus
950 2352 1064 2404 coram
1093 2330 1179 2403 solio
1207 2329 1344 2402 terribili
1369 2331 1554 2423 majestatis
1582 2336 1658 2400 tuae
1690 2349 1756 2399 uon
1784 2327 1973 2400 confunda-

602 2464 688 2532 mur,
714 2465 778 2515 nec
804 2443 1071 2516 condemnemur.
1124 2445 1168 2517 Et
1194 2448 1279 2519 sicut
1304 2448 1336 2517 in
1362 2444 1428 2517 boc
1454 2443 1592 2517 saeculo
1622 2443 1741 2536 dignos
1775 2443 1883 2518 iecisti
1909 2468 1973 2518 nos

603 2560 783 2631 ministerio
816 2563 1050 2656 mysteriorum
1086 2573 1214 2634 tuorum
1247 2561 1493 2635 tremendorum
1529 2571 1563 2633 et
1596 2568 1803 2649 sanctorum,
1842 2560 1908 2631 illic
1939 2563 1974 2632 in

602 2675 738 2748 saeculo
779 2687 920 2750 venturo
954 2688 1087 2772 praesta
1120 2677 1238 2766 nobis,
1271 2688 1307 2755 ut
1341 2677 1491 2749 revelata
1530 2675 1617 2748 lacie
1655 2678 1833 2771 participes
1870 2679 1972 2748 simus

602 2794 747 2864 omnium
773 2792 948 2882 bonorum,
977 2816 1062 2888 quae
1097 2816 1161 2866 nec
1188 2803 1379 2881 transeunt,
1411 2815 1476 2863 uec
1503 2802 1652 2887 pereunt.
1707 2790 1856 2885 Cumque
1883 2815 1973 2864 con-

602 2908 781 2981 summabis
809 2932 851 2980 en
878 2932 964 3005 quae
989 2907 1042 2979 bic
1068 2919 1218 2980 tenemus
1252 2919 1408 3003 tanquam
1443 2930 1504 3003 per
1539 2908 1708 3004 speculum
1741 2918 1775 2978 et
1809 2911 1841 2979 iu
1874 2913 1973 2981 aeni-

601 3034 730 3115 gmate,
757 3026 988 3121 possideamus
1021 3025 1087 3097 illic
1122 3035 1238 3120 aperte
1271 3033 1420 3097 sanctum
1447 3033 1638 3097 sanctornm
1658 3017 1704 3127 ,in
1739 3023 1846 3095 coelo.
1900 3025 1972 3098 Nos

600 3141 702 3230 igitur
727 3141 870 3214 Domine
897 3144 989 3215 servi
1022 3145 1068 3214 tui
1094 3141 1196 3230 viles,
1223 3140 1375 3214 imbelles
1402 3150 1437 3211 et
1461 3140 1600 3227 infirmi,
1632 3142 1687 3234 qui
1711 3141 1814 3234 louge
1841 3163 1972 3213 eramus

602 3278 621 3325 a
656 3264 707 3344 tc,
739 3265 772 3327 et
804 3280 889 3351 quos
924 3279 987 3351 per
1019 3257 1255 3331 multitudinem
1290 3257 1503 3349 benignitatis
1536 3266 1613 3353 tuae
1644 3256 1765 3348 dignos
1798 3255 1907 3329 fecisti
1937 3264 1974 3327 ut

601 3381 764 3443 staremus
792 3382 826 3443 et
852 3372 1154 3446 administraremus
1181 3395 1295 3445 coram
1323 3383 1373 3458 te,
1408 3374 1623 3445 ministerium
1657 3370 1722 3444 hoc
1755 3371 1971 3460 tremendum,

601 3486 783 3577 gloriosum
811 3499 845 3560 ct
869 3489 1094 3585 praeclarum,
1130 3490 1226 3562 simul
1266 3489 1485 3585 deprecamur
1520 3488 1723 3561 divinitatem
1760 3498 1848 3561 tuam
1881 3486 1970 3560 ado-

601 3604 749 3690 randam,
777 3615 810 3675 ct
836 3610 1081 3679 renovatrieem
1109 3610 1252 3679 omnium
1280 3616 1515 3678 creaturarum.

703 3718 748 3791 Et
773 3724 888 3794 veniat
912 3724 1056 3797 Domine
1082 3726 1191 3816 gratia
1218 3723 1361 3817 Spiritus
1396 3720 1427 3758 ¹²
1460 3723 1585 3807 sancti,
1618 3718 1809 3814 habitetque
1842 3731 1876 3792 ct
1908 3743 1971 3791 re-

603 3835 752 3926 quiescat
778 3860 879 3932 snper
905 3837 1107 3912 oblationem
1134 3838 1219 3912 banc
1247 3862 1345 3935 qnam
1372 3836 1539 3911 oderimus
1566 3859 1679 3909 coram
1708 3848 1752 3925 tc,
1780 3845 1814 3907 et
1839 3838 1970 3908 saucti-

601 3946 678 4020 licet
704 3972 778 4021 eam
805 3964 838 4024 et
864 3951 965 4026 saciat
991 3978 1079 4040 eam,
1105 3977 1225 4050 panem
1253 3954 1398 4047 sedicet,
1426 3964 1460 4026 et
1485 3955 1622 4027 calicem
1648 3953 1752 4043 bunc,
1788 3977 1909 4050 corpus
1937 3961 1971 4026 et

601 4068 796 4157 sanguinem
827 4068 959 4140 Domini
994 4073 1097 4142 nostri
1130 4071 1212 4142 lesu
1249 4071 1391 4159 Christi,
1425 4080 1662 4143 transmutante
1693 4092 1734 4140 ea
1770 4077 1824 4159 te,
1862 4082 1896 4142 et
1929 4094 1970 4141 ea

601 4182 824 4256 sanctificante
849 4207 911 4279 per
937 4190 1166 4282 operationem
1193 4186 1335 4281 Spiritus
1362 4190 1487 4260 sancti:
1517 4196 1552 4257 ut
1588 4189 1755 4280 susceptio
1783 4189 1968 4281 mysterio-

600 4317 673 4368 rum
701 4302 839 4371 istorum
867 4311 1069 4390 sanctorum,
1097 4304 1140 4373 sit
1166 4300 1318 4375 omnibus
1336 4325 1376 4374 ea
1394 4301 1644 4397 accipientibus,
1671 4300 1835 4373 advitam
1856 4311 1968 4371 acter-

599 4434 676 4484 nam
704 4426 737 4486 ct
764 4415 806 4487 ad
832 4420 1109 4509 resurrectionem
1142 4440 1162 4488 a
1195 4421 1354 4507 mortuis,
1390 4417 1432 4490 ad
1468 4420 1692 4513 expiationem
1725 4437 1901 4511 corporum
1935 4425 1969 4486 et

601 4532 797 4618 animarum,
825 4531 865 4602 ad
892 4532 1143 4605 illustrationem
1171 4536 1383 4625 cognitionis,
1410 4534 1452 4605 ed
1480 4532 1709 4607 confidentiam
1736 4553 1849 4603 coram
1865 4540 1910 4618 te,
1935 4539 1969 4601 et

601 4643 643 4715 ad
670 4645 808 4717 salutem
835 4656 1025 4738 aeternam,
1058 4647 1100 4719 de
1132 4672 1196 4743 qua
1228 4650 1356 4725 locutus
1385 4673 1423 4723 es
1449 4650 1547 4723 uobis
1573 4672 1635 4745 per
1660 4649 1775 4720 lesum
1803 4646 1969 4722 Christum

599 4760 775 4832 Dominum
801 4775 967 4853 nostrum,
1001 4776 1036 4835 nt
1062 4786 1180 4837 omnes
1206 4762 1350 4838 invicem
1377 4769 1542 4858 conjuncti
1575 4769 1677 4837 simus
1709 4786 1770 4859 per
1800 4766 1968 4835 unanimi-

600 4886 720 4962 tatem,
746 4898 807 4971 per
834 4902 932 4951 unum
959 4880 1126 4952 vinculum
1151 4885 1311 4972 caritatis,
1339 4893 1373 4954 et
1398 4885 1504 4978 pacis,
1531 4884 1699 4974 simusque
1724 4901 1823 4951 unum
1845 4901 1968 4974 corpus

601 5001 635 5063 et
661 5012 744 5061 unus
770 4992 932 5088 Spiritus,
966 5000 1051 5069 sient
1076 4999 1191 5069 vocati
1217 5018 1330 5069 sumus
1359 5002 1393 5070 in
1419 5021 1485 5070 una
1515 5020 1575 5094 spe
1610 4998 1796 5069 vocationis
1822 5006 1968 5071 nostrae.

600 5106 673 5179 Nec
699 5106 783 5180 ullus
811 5113 983 5205 quisquam
1008 5111 1086 5184 illud
1114 5112 1202 5201 edat,
1230 5122 1263 5184 et
1289 5112 1382 5186 bibat
1408 5114 1450 5186 ad
1478 5113 1784 5185 condemnationem
1815 5113 1967 5206 corporis

600 5224 652 5293 sui
678 5231 711 5294 et
731 5226 868 5320 animae
895 5249 992 5299 suae:
1024 5251 1133 5322 neque
1164 5230 1207 5300 sit
1232 5231 1298 5324 ipsi
1328 5232 1361 5300 iu
1394 5226 1545 5302 morbum
1580 5238 1637 5300 aut
1668 5227 1887 5300 infirmitatem
1921 5227 1964 5300 ob

599 5348 738 5433 peccata
764 5361 838 5433 sna,
866 5364 907 5415 eo
935 5343 1023 5439 quod
1051 5344 1233 5417 comederit
1260 5368 1306 5416 ex
1331 5344 1396 5445 boc
1421 5367 1521 5443 pane,
1548 5355 1582 5417 ct
1607 5342 1729 5418 biberit
1753 5366 1799 5415 ex
1819 5343 1881 5416 boc
1900 5368 1966 5415 ca-

650 5477 736 5519 t'omns
752 5477 776 5518 tt.
1709 5460 1758 5533 82
