5150 6534
589 815 671 894 252
846 815 1057 894 litonum
1083 816 1114 893 S.
1140 816 1342 894 Jollirtls
1370 816 1695 899 CHRYSOSTOII.

697 1002 880 1073 Sacerdos.
932 1002 1057 1076 Sancta
1084 1006 1217 1075 sanctis.

698 1118 858 1213 Populos.
909 1120 1002 1192 Unus
1027 1120 1128 1192 Pater
1153 1132 1297 1193 sauctus

826 1428 1000 1501 Sacerdos
1026 1429 1111 1499 dicit
1138 1429 1335 1501 Orationem
1360 1433 1732 1524 protiorrcnoctioaic.

699 1618 785 1706 Quid
811 1617 908 1689 nobis
942 1626 1011 1704 est,
1046 1617 1135 1712 qrrod
1169 1618 1389 1692 retribuamus
1425 1620 1483 1692 tibi
1516 1607 1678 1710 Domine,
1710 1643 1774 1717 pro
1804 1624 1955 1696 annuus

593 1735 764 1807 beneficiis
790 1737 854 1805 tuis
881 1755 964 1825 erga
989 1756 1053 1805 nos
1079 1743 1114 1805 et
1138 1746 1275 1830 propter
1301 1739 1410 1807 omnia
1436 1736 1524 1808 dona
1550 1747 1622 1829 tua,
1648 1748 1682 1809 et
1710 1736 1874 1812 beneficia
1900 1752 1954 1813 tua

595 1861 630 1923 et
654 1849 828 1922 benefacta
854 1860 909 1921 tua
935 1871 1019 1940 erga
1044 1872 1123 1922 uos:
1150 1855 1204 1945 qui
1231 1851 1351 1943 dignos
1377 1850 1485 1923 fecisti
1511 1874 1574 1924 uos
1590 1855 1852 1926 communicandi
1870 1879 1955 1929 cor-

595 1971 668 2063 pori
693 1968 852 2059 unigeniti
877 1964 951 2037 Filii
977 1969 1039 2051 tui,
1066 1976 1101 2037 et
1125 1967 1325 2062 suscipiendi
1351 1967 1488 2039 calicem
1506 1966 1633 2056 salutis,
1659 1972 1855 2061 sanguinem
1882 1974 1954 2065 ejus

594 2087 775 2180 pretiosum
802 2091 835 2153 et
861 2080 1049 2154 salutarem.
1101 2081 1199 2153 Nunc
1226 2093 1334 2154 autem
1359 2084 1504 2156 Domine
1527 2081 1617 2155 boue
1643 2094 1677 2155 et
1693 2097 1823 2158 amator
1840 2087 1953 2160 borni-

595 2223 681 2287 num‚
710 2196 981 2294 quemadmodum
1007 2202 1151 2286 vocasti,
1179 2207 1214 2268 et
1239 2198 1404 2271 adduxisti
1430 2221 1494 2271 uos
1519 2200 1561 2270 ad
1587 2197 1648 2270 bas
1675 2200 1812 2274 delicias
1836 2201 1953 2277 beatas

595 2329 629 2392 et
646 2318 869 2404 vivificantes
895 2316 1034 2407 dignare
1059 2326 1096 2387 ut
1121 2320 1299 2387 misceatur
1324 2339 1445 2413 corpus
1472 2319 1632 2410 unigeniti
1651 2315 1725 2387 Filii
1740 2324 1800 2407 tui,
1825 2342 1954 2417 corpo-

594 2435 686 2507 ribus
712 2436 851 2518 uostris,
878 2440 912 2502 et
936 2436 1189 2504 commisceatur
1215 2435 1351 2524 sanguis
1377 2436 1450 2525 ejus
1477 2432 1649 2505 animabus
1674 2438 1815 2522 nostris,
1848 2440 1954 2531 sitque

595 2552 692 2624 nobis
719 2550 761 2622 ad
786 2550 920 2619 veniam
946 2546 1156 2636 delictorum,
1184 2552 1415 2620 remissionem
1439 2558 1664 2644 pcccatorum,
1689 2552 1847 2622 viaticum
1865 2555 1954 2624 ritae

596 2677 773 2752 aeternae,
800 2661 923 2735 diaboli
949 2662 1197 2758 depulsionem,
1224 2674 1257 2735 et
1282 2663 1573 2737 sanctificationem
1599 2687 1776 2762 corporum
1810 2677 1845 2739 et
1877 2671 1953 2740 ani·

595 2807 737 2855 marum:
765 2785 840 2876 quia
866 2789 900 2850 tu
926 2776 1119 2849 benedictus
1145 2802 1203 2869 es,
1236 2801 1257 2850 ο
1291 2780 1398 2866 Deus,
1435 2792 1469 2852 ct
1503 2792 1652 2854 sanctum
1682 2805 1822 2876 reguum
1856 2795 1952 2876 tumn,

451 2929 455 2936 ·
595 2901 719 2995 tibique
746 2898 887 2990 gloriam
914 2893 1088 2966 referimus
1115 2906 1148 2966 et
1165 2898 1334 2987 unigenito
1351 2894 1437 2967 Filio
1453 2907 1520 2983 tuo,
1548 2908 1582 2969 et
1594 2899 1730 2993 Spiritui
1745 2907 1803 2973 tuo
1825 2911 1950 2986 sancto,

593 3039 696 3103 nuuc,
723 3026 786 3086 etc.
854 3008 855 3011 '
1449 3017 1455 3044 ‘

698 3130 858 3224 Populos.
884 3131 1003 3202 Arnen.

696 3247 878 3320 Sacerdos.
932 3245 1016 3316 Pax.

697 3363 856 3456 Populos.
909 3359 1052 3431 Etcum
1079 3361 1193 3455 spiritu
1220 3370 1285 3430 tuo

697 3458 884 3550 Moror.
936 3476 1028 3563 Post,
1055 3484 1117 3546 etc.

698 3594 857 3687 Populos.
886 3590 1008 3664 Coram
1034 3600 1077 3662 te.

696 3710 878 3781 Sacerdos.
933 3707 1055 3781 Coram
1083 3718 1116 3778 te
1141 3706 1301 3793 Domine,
1327 3704 1529 3777 humiliamus
1556 3715 1698 3793 ruentes,
1732 3709 1949 3797 cogitationes

595 3839 628 3898 et
655 3830 782 3898 animos
808 3836 960 3910 nostros,
987 3845 1182 3918 omnemque
1208 3844 1404 3917 compagem
1432 3830 1828 3917 comarumcomarum,
1856 3845 1950 3895 com-

595 3943 786 4015 mendantes
814 3941 871 4012 tibi
897 3943 1023 4011 animas
1050 3949 1199 4011 nostras:
1227 3947 1360 4011 orantes
1387 3947 1435 4024 te,
1464 3949 1497 4008 et
1523 3937 1740 4032 deprecantes
1756 3941 1950 4011 misericor·

595 4061 682 4131 diam
708 4068 813 4146 tuam3
839 4067 874 4128 ut
899 4059 1087 4150 requiescat
1113 4077 1214 4150 super
1239 4078 1301 4127 uos
1329 4054 1470 4124 dextera
1501 4065 1555 4125 tua
1589 4075 1732 4146 magna,
1768 4053 1949 4141 invisibilis,

474 4183 477 4198 ‘
595 4174 812 4269 omnibusque
851 4171 1135 4244 benedictionibus
1168 4171 1276 4266 plena.
1329 4170 1463 4262 Adjuva
1499 4180 1533 4242 et
1564 4170 1692 4241 custodi
1730 4191 1793 4244 uos
1819 4181 1950 4259 omues,

595 4291 735 4363 benedic
767 4300 801 4361 et
832 4288 999 4360 sanctifica
1033 4310 1094 4359 nos
1134 4308 1265 4360 omnes:
1300 4286 1394 4357 salva
1431 4295 1464 4355 et
1497 4307 1598 4356 serva
1632 4307 1694 4356 uos
1728 4308 1863 4359 omues:
1895 4307 1950 4383 per

595 4430 727 4479 crucem
755 4417 842 4477 tuam
869 4404 1045 4476 salutarem
1078 4414 1112 4475 et
1145 4403 1332 4475 vivificam:
1368 4399 1618 4496 referemusque
1652 4401 1710 4473 uhi
1744 4401 1889 4494 gloriam
1918 4409 1950 4473 et

595 4528 774 4616 gratiarum
806 4524 986 4607 actionem,
1022 4531 1055 4590 et
1090 4522 1178 4591 Patri
1215 4529 1288 4606 tuo,
1322 4528 1356 4589 et
1385 4517 1519 4613 Spiritui
1550 4528 1606 4589 tuo
1641 4520 1723 4589 vivo
1757 4528 1791 4589 et
1827 4529 1946 4603 sendo,

595 4663 681 4711 nunc
708 4649 741 4710 et
767 4658 900 4732 semper
926 4645 960 4706 et
985 4638 1018 4705 iu
1045 4635 1177 4708 saecula
1204 4635 1420 4708 saeculorum.

699 4754 858 4847 Populos.
911 4755 1029 4824 Amen.

699 4870 885 4940 Diocoooc.
937 4865 1084 4938 Benedic
1110 4866 1261 4938 Domine.

699 4986 881 5057 Sacerdos.
933 4980 1079 5054 Benedic
1105 4981 1264 5056 omuibus.

1012 5221 1523 5265 ψ
