5150 6534
513 808 665 884 ‘538
949 830 951 834 ’
1157 810 1389 888 nauhu

586 999 632 1069 ita
660 1000 759 1068 etiam
785 1020 849 1072 eos
873 996 1035 1089 adjungas
1062 999 1095 1068 iu
1122 996 1277 1071 familiam
1304 1008 1409 1070 tuam:
1438 996 1545 1071 adduc
1571 1018 1633 1070 eos
1662 998 1703 1068 ad
1731 995 1821 1069 ovile
1856 1005 1960 1085 tunm,

586 1111 685 1185 induc
710 1112 785 1186 illos
812 1117 845 1185 in
871 1135 1013 1206 gregem
1040 1121 1145 1185 tuum:
1172 1111 1324 1205 guberna
1351 1133 1412 1186 eos
1438 1134 1500 1209 per
1525 1115 1697 1185 caritatem
1718 1121 1824 1187 tuam:
1851 1111 1960 1204 dirige

588 1251 650 1304 eos
677 1232 709 1299 in
736 1232 825 1303 viam
852 1240 955 1302 tuam:
982 1228 1039 1300 lac
1065 1251 1126 1302 eos
1154 1229 1196 1300 ad
1222 1239 1354 1324 portum
1381 1239 1470 1301 tuum
1497 1233 1694 1324 pervenire:
1721 1253 1810 1304 voca
1828 1251 1890 1302 eos
1917 1226 1960 1300 ad

588 1343 826 1417 haereditatem
852 1355 958 1417 tuam:
986 1335 1120 1418 assume
1147 1367 1208 1417 eos
1234 1349 1267 1414 in
1295 1345 1428 1416 domum
1455 1356 1556 1434 mam,
1583 1345 1714 1420 colloca
1736 1369 1798 1421 eos
1825 1348 1859 1414 iu
1884 1340 1962 1413 dis-

588 1461 699 1533 cubitu
726 1470 802 1547 tuo,
830 1461 961 1533 advoca
997 1483 1058 1534 eos
1094 1461 1135 1531 ad
1162 1459 1339 1532 thalamum
1366 1472 1473 1532 tuum:
1500 1482 1676 1554 congrega
1703 1485 1764 1535 eos
1793 1459 1836 1532 ad
1868 1479 1960 1530 con-

587 1579 715 1647 vivium
749 1587 855 1649 tuum:
892 1576 1044 1649 conforta
1078 1599 1138 1649 eos
1170 1600 1232 1673 per
1266 1598 1359 1673 spem
1393 1587 1497 1648 tuam:
1530 1578 1612 1671 jube
1647 1602 1708 1652 eos
1741 1577 1784 1650 ad
1818 1596 1961 1668 reguum

588 1701 678 1792 tuum
710 1696 845 1764 venire:
879 1714 1046 1765 conserva
1088 1715 1149 1764 eos
1188 1715 1251 1788 per
1285 1714 1419 1763 crucem
1453 1702 1560 1781 tuam,
1600 1692 1765 1767 auxiliare
1799 1692 1863 1764 illis
1899 1710 1961 1784 per

589 1806 762 1880 dexteram
796 1817 901 1881 tuam:
937 1808 1059 1900 adjuva
1094 1830 1155 1881 cos
1187 1831 1249 1904 per
1282 1807 1491 1879 clementiam
1527 1818 1633 1881 tuam:
1671 1811 1768 1882 salva
1805 1829 1867 1879 eos
1898 1827 1962 1899 per

587 1920 757 1995 brachium
784 1934 890 1996 tuum:
917 1947 1047 1996 exorna
1074 1946 1135 1996 eos
1164 1924 1342 2019 splendore
1370 1933 1445 1995 tuo:
1473 1926 1641 1997 sanctifica
1673 1947 1734 1996 eos
1767 1948 1830 2021 per
1861 1925 1961 1997 veri-

536 2032 543 2045 ’
588 2047 690 2112 tatem
717 2049 820 2112 tuam:
847 2043 1008 2112 miserere
1034 2038 1130 2112 uobis
1158 2039 1310 2112 omnibus
1342 2039 1521 2112 secundum
1556 2044 1699 2132 gratiam
1730 2051 1833 2112 tuam:
1869 2061 1960 2110 con-

590 2155 674 2226 cede
700 2154 797 2227 nobis
825 2154 1057 2228 abundantiam
1083 2153 1321 2227 beneficiorum
1341 2165 1488 2243 tuorum,
1515 2167 1548 2228 et
1564 2156 1714 2246 laudern,
1742 2167 1842 2251 atque
1869 2153 1960 2226 ado-

588 2275 752 2344 rationem
779 2271 961 2345 referemus
989 2270 1047 2344 tibi
1075 2283 1109 2343 et
1134 2273 1225 2343 Patri
1252 2282 1328 2362 tuo,
1355 2282 1389 2343 et
1415 2271 1551 2367 Spiritui
1578 2282 1634 2345 tuo
1663 2285 1800 2361 sancto,
1828 2283 1891 2344 etc.

999 2607 1549 2655 —---<n=0u>-——-

588 3012 654 3106 IN
705 3013 1086 3107 tiruhctuu
1143 3013 1417 3106 tauhun
1469 3012 1959 3106 PATthllCthl

889 3231 1133 3327 unrocum,
1162 3230 1382 3309 cocuouuu
1408 3233 1495 3308 rnu
1520 3233 1650 3310 uiuo

1187 3429 1362 3513 hortu.

677 3728 705 3790 l.
750 3715 828 3808 Quis
858 3724 947 3788 luerit
975 3724 1108 3806 lgnatius
1138 3723 1188 3787 ille
1211 3723 1382 3787 Patriarcha
1404 3724 1631 3802 Antiocheam,
1662 3723 1743 3786 scire
1772 3722 1831 3785 huc
1861 3741 1960 3804 usquo

590 3848 652 3892 non
674 3832 838 3911 potuimus:
868 3827 988 3891 luerunt
1011 3829 1090 3891 enim
1117 3828 1221 3909 plures
1244 3828 1303 3889 hoc
1325 3829 1445 3891 nominc
1467 3827 1646 3891 Antiocheni
1668 3826 1871 3889 Jacobitamm
1898 3827 1960 3888 Pa-

591 3928 750 4008 triarchae,
775 3928 812 3992 ob
836 3929 936 4011 magui
965 3926 1044 3989 illius
1067 3928 1208 4008 martyris
1231 3928 1452 3989 reverentiam:
1484 3927 1539 3990 sed
1562 3927 1643 4008 quod
1667 3943 1683 3986 a
1706 3926 1858 3988 nonnullis
1881 3944 1959 4006 pro-

591 4028 683 4091 ditum
705 4035 763 4102 est,
786 4045 890 4090 omnes
912 4027 1004 4109 vulgo
1027 4028 1067 4088 ita
1090 4026 1247 4108 appellari,
1275 4045 1382 4088 verum
1405 4045 1465 4089 non
1488 4035 1551 4106 est,
1582 4045 1648 4088 cum
1671 4026 1774 4106 plures
1796 4026 1959 4088 habeamus

591 4128 678 4191 aliter
700 4127 880 4208 appellatos,
902 4134 934 4189 ut
957 4145 996 4188 ex
1018 4126 1110 4187 variis
1133 4126 1283 4188 Historiae
1305 4124 1530 4188 Alexandrinae
1551 4126 1637 4204 locis,
1661 4126 1691 4187 in
1714 4125 1822 4205 quibus
1844 4124 1960 4186 Antio-

592 4227 704 4289 chenas
727 4245 777 4288 res
799 4228 1003 4304 tractavimus,
1027 4226 1258 4288 demonstratur.
1279 4224 1387 4305 Neque
1399 4227 1495 4309 magis
1519 4233 1609 4287 notus
1632 4232 1678 4287 est
1699 4226 1817 4305 privato
1838 4225 1961 4286 nomine

590 4326 717 4407 Josephi
739 4325 790 4387 lilii
812 4325 936 4387 Wahib:
960 4343 1027 4387 nam
1051 4325 1262 4388 obscurissima
1287 4332 1335 4387 est
1356 4323 1565 4388 Antiochenae
1586 4323 1775 4387 Jacobiticae
1797 4323 1957 4385 Ecclesiae

591 4426 726 4489 historia.
772 4425 875 4505 ltaque
899 4441 957 4505 qua
979 4431 1078 4486 aetate
1101 4426 1210 4487 vixerit
1242 4425 1403 4505 designare
1427 4442 1487 4487 non
1509 4441 1685 4504 possumus:
1713 4423 1828 4485 mediae
1859 4429 1960 4484 autem

517 4556 519 4561 ·
593 4525 774 4606 antiquitatis
798 4543 867 4586 esse
889 4525 966 4586 hano
988 4522 1153 4607 Liturgiam
1175 4524 1265 4586 multa
1289 4523 1424 4585 suadent.
1470 4523 1544 4585 Nam
1567 4541 1644 4604 quae
1667 4523 1779 4584 sanctis
1801 4522 1885 4599 viris,
1908 4529 1960 4583 aut

591 4622 649 4684 illis
672 4641 747 4704 quos
771 4623 908 4686 Ecclesia
935 4623 1099 4686 Jacobitica
1128 4623 1204 4686 tales
1223 4623 1356 4705 judicat,
1386 4623 1573 4702 tribuuntur,
1605 4624 1740 4703 quamvis
1768 4620 1959 4683 schismatum
2049 4696 2053 4710 .

591 4721 682 4783 initiis
712 4724 901 4803 posteriores
930 4724 1007 4800 sint,
1036 4731 1134 4786 tamen
1157 4722 1375 4804 simplicitatem
1404 4723 1557 4802 quamdam
1588 4740 1723 4804 praese
1752 4720 1852 4803 ierunt
1881 4736 1960 4801 quae

591 4822 751 4884 vetustatis
779 4840 838 4884 non
869 4822 937 4885 leve
966 4822 1106 4884 iudicium
1137 4829 1193 4886 est.
1244 4821 1331 4884 Aliae
1361 4820 1516 4904 Liturgiae
1544 4829 1576 4884 ut
1605 4822 1679 4898 ista,
1708 4820 1861 4883 floridiore
1890 4817 1959 4880 stilo

593 4919 724 5000 scriptae
745 4930 825 4999 suut,
848 4922 899 5003 qui
920 4940 980 4984 uon
998 4923 1087 4986 modo
1103 4920 1281 4984 recentioris
1301 4925 1379 4999 aevi,
1402 4922 1457 4983 sed
1472 4921 1671 4984 affectationis
1684 4939 1751 4982 cum
1764 4907 1959 5009 ὀψιμαθείᾳ

593 5019 772 5100 conjunctae
793 5029 880 5083 notas
903 5021 1038 5102 praefert
1060 5039 1156 5103 prope
1179 5029 1289 5086 certas.
1324 5021 1494 5102 Ephraemo
1519 5021 1756 5102 eloquentiorem
1778 5019 1879 5100 lingua
1902 5036 1958 5079 sua

592 5120 740 5182 neminem
763 5120 831 5201 Syri
854 5129 1037 5202 agnoscunt,
1068 5120 1116 5183 eui
1139 5120 1230 5203 longo
1254 5120 1412 5183 intervallo
1435 5121 1588 5201 proximos
1617 5120 1729 5182 iaciunt
1755 5117 1899 5180 Jacobum
1928 5125 1959 5178 et

594 5218 738 5297 quosdam
762 5219 853 5298 alios,
882 5221 932 5301 qui
961 5219 1080 5301 quidem
1110 5228 1226 5283 tumore
1254 5219 1306 5282 illo
1334 5219 1470 5282 Asiatico
1499 5237 1559 5281 non
1587 5219 1709 5300 penitus
1739 5217 1896 5280 carebant:
1928 5222 1960 5279 at

589 5319 714 5398 proprie
736 5319 944 5400 loquebantur,
968 5337 1027 5383 nec
1049 5319 1232 5402 metaphoris
1255 5319 1429 5402 perpetuis,
1459 5326 1510 5380 aut
1532 5318 1672 5401 epithetis
1703 5317 1869 5380 orationem
1899 5314 1959 5378 ob-
