5150 6534
888 893 1070 973 lGllbl'll
1101 889 1425 971 PATRIARGHAE
1459 890 1758 971 uttlocuurtt.
1921 893 2000 971 535
2106 929 2108 932 ¹

732 1081 895 1175 Populos.
947 1080 1092 1153 Etcum
1118 1081 1235 1176 spiritu
1259 1090 1328 1154 tuo.

732 1198 921 1270 Diaconos.
972 1197 1093 1269 lterum
1121 1206 1220 1291 atque
1249 1199 1378 1267 iterum.

869 1471 1045 1544 Sacerdos
1071 1470 1155 1542 dicit
1183 1471 1381 1542 Orationem
1406 1475 1487 1541 cote
1512 1468 1613 1541 Pater
1638 1479 1764 1543 noster.

733 1663 826 1735 Deus
852 1662 954 1733 Pater
980 1672 1117 1749 aeterne
1131 1659 1208 1732 Filii
1232 1661 1393 1752 unigeniti
1419 1662 1557 1745 aeterni,
1585 1662 1641 1753 qui
1666 1659 1709 1732 ab
1735 1668 1886 1751 aeterno,
1912 1661 2000 1737 ultra

629 1789 797 1852 momenta
823 1787 857 1849 et
882 1787 1033 1874 tempora
1061 1776 1223 1848 exaltaris
1250 1787 1284 1848 et
1304 1774 1493 1866 honoraris,
1519 1786 1554 1847 et
1580 1775 1622 1847 ab
1650 1774 1801 1850 omnibus
1815 1776 1998 1862 ¹ordinibus

629 1892 901 1967 immaterialibus
927 1892 1136 1965 benediceris
1163 1900 1197 1963 et
1223 1892 1459 1965 sanctificaris:
1486 1896 1581 1986 cujus
1606 1891 1746 1965 bonitati
1772 1893 1905 1967 divinae
1930 1916 1999 1967 non

630 2014 713 2085 satis
747 2010 827 2100 luit,
865 2019 902 2082 ut
934 2012 1067 2105 species
1098 2007 1269 2080 rationalis
1304 2007 1470 2079 hominum
1505 2019 1730 2097 terrenorum,
1763 2032 1831 2082 non
1863 2004 2020 2104 omnino'

630 2130 820 2223 privaretur
844 2148 885 2197 ea
912 2123 1032 2217 gloria,
1061 2147 1146 2220 quae
1178 2126 1304 2196 naturis
1336 2121 1559 2218 spiritualibus
1593 2128 1767 2220 competit,
1806 2124 1869 2200 sed
1899 2131 1998 2201 etiam

629 2253 667 2315 nt
691 2239 969 2339 contemplatione
996 2244 1093 2333 regni
1120 2243 1166 2312 tui
1192 2242 1319 2311 aeterni
1338 2238 1537 2328 fruerentur,
1566 2250 1599 2312 et
1619 2241 1715 2313 simul
1730 2240 1887 2338 hymnum
1908 2243 1999 2316 illum

632 2358 816 2451 angelicum
845 2357 1005 2429 divinitati
1031 2368 1109 2428 tuae
1135 2378 1217 2451 prae
1252 2354 1406 2427 omuibus
1433 2356 1613 2446 excelsae,
1647 2356 1744 2429 labiis
1771 2362 1840 2430 suis
1867 2358 1999 2431 indesi-

628 2486 748 2547 nenter
772 2482 948 2545 canerent:
985 2477 1041 2567 qui
1068 2494 1129 2567 per
1154 2474 1410 2565 praescientiam
1436 2481 1526 2544 tuam
1553 2471 1747 2561 excelsam,
1781 2473 1870 2568 quod
1894 2474 1998 2547 Filius

629 2601 703 2665 tuus
729 2601 894 2677 aeternus,
922 2589 964 2661 ad
992 2591 1267 2682 compositionem
1294 2586 1470 2659 humanam
1496 2598 1656 2662 verunas
1683 2598 1793 2678 esset,
1832 2588 1998 2663 bominem

630 2711 770 2803 coepisti
797 2728 926 2794 creare,
954 2705 1110 2777 citharam
1138 2704 1254 2777 decem
1281 2704 1495 2776 chordarum:
1527 2715 1633 2777 etex
1661 2715 1801 2799 quatuor
1826 2706 1998 2779 elementis

631 2845 704 2896 eum
732 2825 957 2917 composuisti,
995 2844 1136 2917 eumque
1164 2820 1339 2893 condidisti
1366 2820 1409 2891 ad
1436 2822 1614 2912 imaginem
1638 2823 1800 2913 unigeniti
1834 2820 1909 2894 Filii
1941 2824 1999 2910 tul,

630 2949 664 3012 et
687 2937 785 3012 liberi
811 2938 936 3010 arbitrii
956 2948 1144 3033 compotem
1169 2936 1289 3010 iecisti.
1343 2937 1429 3011 Cum
1453 2958 1539 3009 vero
1566 2936 1717 3010 devictus
1744 2948 1808 3028 est,
1835 2948 1868 3010 et
1896 2941 1998 3010 exci-

599 3084 607 3094 ·
630 3054 676 3127 dit
701 3078 723 3126 a
748 3054 909 3147 dignitate
930 3057 964 3125 in
991 3076 1057 3149 qua
1082 3056 1221 3148 primum
1248 3052 1368 3139 iuerat,
1395 3074 1463 3124 non
1491 3052 1666 3125 deseruisti
1692 3076 1780 3145 eum,
1807 3057 1854 3127 ita
1880 3063 1915 3125 ut
1940 3056 2000 3124 iu-

610 3172 787 3248 ·lirtnitatis
814 3171 955 3243 stadium
982 3169 1163 3242 decurrens
1191 3169 1233 3240 ad
1259 3169 1393 3240 nihilum
1418 3169 1601 3241 recideret:
1628 3169 1690 3241 sed
1715 3166 1864 3241 Verbum
1889 3171 1998 3241 Deum

628 3290 831 3379 unigenitum
857 3286 974 3358 Filium
1003 3295 1090 3357 tuum
1117 3287 1234 3357 misisti
1267 3284 1310 3356 ad
1336 3282 1476 3356 salntem
1501 3287 1655 3377 imaginis
1681 3295 1769 3372 tuae,
1796 3285 1887 3356 illum
1912 3286 1997 3358 sim-

627 3402 759 3500 plicem,
787 3405 842 3497 qui
869 3402 912 3476 ad
938 3403 1212 3498 compositionem
1233 3402 1342 3472 venit:
1369 3399 1459 3473 illum
1484 3398 1697 3489 invisibilem,
1723 3404 1779 3494 qui
1806 3403 1901 3473 visus
1927 3410 1998 3474 est:

628 3521 796 3615 accipiens
824 3518 1065 3593 similitudinem
1092 3516 1431 3605 servilem'nostram,
1459 3519 1514 3611 qni
1535 3516 1706 3589 descendit
1731 3520 1766 3588 in
1791 3516 1893 3589 chaos
1919 3516 1999 3589 illud

627 3634 839 3723 mundanum,
866 3637 899 3705 in
925 3644 1053 3706 uterum
1080 3633 1287 3725 virginalem,
1321 3632 1614 3727 adquaerendam
1639 3635 1853 3724 margaritam
1880 3636 1998 3705 summi

626 3752 736 3847 pretii,
763 3773 859 3844 quam
888 3749 1014 3837 eduxit,
1041 3759 1075 3820 et
1102 3752 1249 3821 extraxit
1275 3772 1321 3819 ex
1346 3748 1415 3821 luto
1443 3753 1586 3845 peccati,
1613 3760 1718 3821 etex
1743 3747 1867 3821 acerba
1892 3756 1997 3846 pote-

628 3876 717 3939 state
742 3866 877 3957 maligni
904 3864 1061 3937 liberavit
1088 3874 1122 3936 et
1148 3865 1281 3955 eduxit,
1315 3874 1349 3936 et
1381 3865 1423 3936 ad
1457 3868 1607 3939 semitam
1645 3876 1793 3937 nostram
1827 3869 1996 3962 pristinam

626 4000 690 4055 nos
714 3980 859 4069 reduxit,
887 3982 1063 4075 docuitque
1090 4004 1153 4053 nos
1181 3984 1365 4071 orationem
1388 3981 1431 4053 ad
1456 3982 1588 4053 Patrem
1615 3993 1772 4077 tanquam
1797 3993 1996 4055 armaturam

613 4101 798 4200 victoriae,
826 4120 890 4192 qua
918 4097 1155 4169 accederemus
1183 4097 1227 4169 ad
1259 4099 1466 4189 majestatem
1492 4107 1594 4185 tuam,
1621 4108 1655 4170 et
1679 4102 1891 4171 vinceremus
1918 4119 1995 4169 ma-

626 4211 750 4305 lignum
775 4211 1027 4285 iraudulentum.
1080 4211 1253 4305 Rogamus
1286 4224 1320 4285 te
1346 4215 1490 4287 Domine
1515 4214 1608 4286 Deus
1635 4224 1750 4287 noster
1775 4224 1812 4285 ut
1836 4212 1996 4285 citharam

626 4340 774 4402 nostram
802 4330 1025 4425 spiritualem,
1059 4352 1133 4401 eum
1169 4329 1283 4401 decem
1321 4333 1393 4423 ejus
1420 4329 1574 4419 chordis,
1609 4328 1733 4401 liberes
1767 4327 1810 4401 ab
1842 4327 1993 4400 omnibus

625 4445 837 4539 passionibus
864 4445 1052 4518 carnalibus
1080 4455 1113 4517 et
1139 4444 1399 4537 damnabilibus,
1424 4457 1460 4518 nt
1485 4468 1560 4518 cum
1587 4444 1704 4518 decem
1728 4447 1852 4519 nostris
1879 4446 1994 4518 sensi-

627 4556 689 4634 bus
716 4564 889 4656 corporeis
915 4571 949 4633 et
976 4561 1219 4657 spiritualibus,
1247 4562 1362 4634 decem
1388 4572 1569 4658 praecepta
1594 4560 1801 4655 Euangeliou
1833 4569 1868 4633 et
1900 4563 1994 4649 viva,

628 4697 715 4771 qnae
740 4676 869 4771 reliquit
895 4676 992 4750 uobis
1020 4682 1208 4770 unigenitus
1244 4677 1347 4750 Filius
1373 4689 1460 4767 tuus,
1486 4688 1641 4773 tanquam
1667 4678 1905 4752 medicamenta
1923 4699 1993 4771 pro

626 4791 692 4865 illis
719 4794 971 4881 conservandis,
1000 4793 1178 4866 oderamus
1207 4793 1266 4865 tibi
1287 4795 1380 4865 Deus
1406 4794 1519 4885 Pater,
1547 4805 1581 4867 et
1608 4795 1769 4868 dicamus:
1795 4794 1897 4866 Pater
1922 4816 1993 4868 no-

627 4918 697 4981 ster
722 4912 778 5003 qui
803 4929 841 4981 es
866 4913 900 4980 in
926 4908 1039 4982 coelis.

729 5024 892 5118 Populos.
944 5025 1186 5115 Sanctificetur,
1213 5033 1276 5096 etc.

731 5141 914 5212 Sacerdos.
968 5140 1065 5214 Nunc
1090 5141 1245 5231 Domine,
1271 5163 1334 5215 nos
1361 5142 1534 5235 indignos,
1561 5154 1596 5214 et
1619 5152 1787 5233 remotos,
1816 5145 1991 5238 proximos

628 5264 663 5327 et
688 5256 891 5330 domesticos
916 5255 1024 5328 iecisti
1051 5257 1121 5349 tibi,
1149 5269 1183 5331 et
1207 5262 1430 5354 pergratiam
1455 5267 1542 5329 tuam
1568 5257 1762 5348 naturalem,
1788 5259 1991 5332 confirmasti

627 5369 817 5496 filiationem
842 5382 1004 5466 nostram,
1030 5395 1097 5445 non
1124 5373 1321 5468 dedignatus
1347 5376 1465 5450 vocari
1489 5374 1591 5448 Pater
1615 5384 1740 5450 noster.
1772 5374 1991 5450 Sanctificasti
