5150 6534
599 806 675 881 314
1098 808 1456 886 LITURGlA

593 996 715 1065 minum
741 994 985 1088 impudentium.
1037 995 1173 1088 Adjuva
1199 1018 1364 1091 pauperes
1392 1002 1424 1066 et
1441 991 1717 1066 malehabentas:
1744 991 1852 1066 libera
1873 993 1966 1066 abli-

594 1120 667 1181 ctos
695 1120 729 1180 et
756 1131 959 1204 oppressos,
985 1122 1019 1183 et
1045 1132 1106 1182 eos
1133 1113 1188 1205 qui
1215 1135 1235 1183 a
1262 1111 1430 1207 spiritibus
1451 1109 1548 1182 malis
1563 1118 1729 1181 tentamur
1741 1112 1850 1205 eripe:
1876 1131 1965 1203 rege

595 1224 779 1320 orphanos,
807 1229 893 1298 satia
919 1225 1092 1300 famelicos
1117 1226 1319 1322 plenitudine
1344 1227 1557 1319 benignitatis
1582 1237 1669 1298 tnae.
1721 1224 1774 1299 Da
1800 1225 1963 1299 auxilium

594 1340 659 1411 illis
686 1345 740 1435 qui
767 1351 842 1413 sunt
868 1344 902 1412 in
927 1345 1060 1429 itinere,
1087 1351 1120 1413 et
1146 1342 1210 1415 illis
1237 1345 1352 1436 quiin
1383 1345 1485 1431 mari,
1519 1338 1672 1413 lluctibus
1699 1339 1740 1413 'et
1771 1351 1964 1437 tempesta-

594 1455 681 1527 tibus
709 1460 891 1549 agitantur:
918 1468 952 1529 et
976 1467 1119 1553 protege
1144 1456 1332 1530 Ecclesiam
1358 1467 1465 1544 mam,
1502 1478 1588 1551 quae
1619 1478 1681 1552 per
1712 1476 1845 1527 amcam
1872 1465 1965 1529 tuan

595 1571 744 1643 redemta
771 1582 840 1644 est:
868 1572 980 1644 exalta
1007 1595 1139 1668 quoque
1166 1577 1238 1665 ejus
1264 1571 1449 1667 praesules,
1476 1593 1538 1667 per
1563 1572 1690 1644 firmam
1716 1574 1868 1645 veritatis
1885 1571 1966 1643 lidei

596 1685 862 1776 observantiam,
890 1697 923 1758 et
947 1686 1132 1759 referemus
1159 1687 1216 1759 tibi
1243 1686 1386 1780 gloriam
1412 1699 1476 1760 etc.

699 1803 862 1895 Papulas.
914 1805 1033 1875 Amen.

699 1916 873 1990 Sacerdos
899 1920 1089 1991 inclinatas.
1140 1918 1309 1992 Memento
1336 1924 1434 1992 etiam
1461 1919 1602 1991 Domine
1628 1917 1757 1989 illorum
1773 1920 1829 2013 qui
1847 1940 1964 1991 caram

595 2044 715 2125 gerunt
739 2034 914 2107 Ecclesiae
941 2044 1017 2107 tuae
1044 2046 1199 2123 sanctae,
1226 2048 1259 2107 et
1284 2040 1340 2131 qui
1365 2054 1531 2131 pauperes
1557 2032 1716 2124 adjuvant
1741 2043 1776 2105 et
1800 2036 1965 2107 necessi·

594 2158 663 2220 tate
688 2171 845 2244 pressos3
872 2160 907 2221 ut
931 2173 993 2223 eos
1020 2155 1074 2246 qui
1101 2160 1353 2246 separaverunt,
1379 2162 1413 2223 et
1439 2149 1626 2223 obnrleruut
1652 2148 1851 2237 oblationes,
1878 2158 1964 2224 vota

596 2272 630 2334 et
657 2263 803 2337 decimas
834 2265 876 2338 ad
909 2265 1012 2337 altare
1045 2276 1134 2337 tuum
1165 2275 1334 2355 sanctum,
1368 2265 1583 2359 concedeque
1616 2263 1680 2337 illis
1711 2264 1964 2338 retributionem

596 2378 757 2452 donorum
784 2381 985 2469 sublimium,
1013 2384 1045 2452 in
1071 2392 1212 2475 utroque
1238 2381 1385 2454 saeculo.

698 2496 861 2590 Papulas.
913 2496 1020 2592 llyrie
1048 2497 1184 2570 eleison.

699 2610 874 2685 Sacerdos
900 2613 1036 2684 elevans
1067 2636 1192 2685 rocem.
1245 2611 1407 2685 Retribne
1432 2614 1575 2684 Domine
1607 2610 1715 2703 bona,
1747 2623 1781 2684 et
1812 2610 1961 2686 benedi-

595 2729 722 2798 ctiones
751 2728 967 2815 abundantes,
995 2728 1145 2801 omnibus
1173 2730 1227 2821 qui
1254 2727 1506 2799 sollicitudinem
1532 2737 1566 2798 et
1591 2751 1703 2801 curam
1728 2739 1850 2820 gemat
1870 2752 1960 2825 pan-

593 2865 708 2938 pemm
741 2854 774 2915 et
808 2848 1076 2939 peregrinorum:
1113 2854 1147 2915 et
1178 2843 1242 2916 illis
1274 2854 1350 2916 esto
1384 2843 1514 2935 adjutor
1548 2854 1582 2914 et
1608 2827 1779 2936 refugium.
1834 2843 1959 2920 Omnes

595 2962 693 3030 etiam
720 2962 775 3054 qui
800 2963 937 3032 visitant
962 2963 1127 3055 captivos,
1154 2960 1300 3032 infirmos
1328 2970 1362 3031 et
1387 2960 1542 3032 alilictos:
1571 2981 1753 3055 omnesque
1772 2965 1827 3055 qui
1845 2983 1959 3034 curam

592 3073 715 3147 habeut
729 3075 954 3147 Ecclesiamm
971 3086 1005 3146 et
1022 3079 1298 3147 monasteriorum
1314 3086 1514 3163 sanatorum,
1536 3076 1665 3147 custodi
1677 3074 1803 3169 absque
1821 3070 1957 3150 damao':

593 3190 764 3286 liberaque
790 3191 864 3263 illos
892 3214 911 3262 a
939 3190 1122 3279 scandalis3
1149 3186 1381 3286 praeparaquc
1400 3190 1463 3261 illis
1483 3190 1668 3263 habitacula
1690 3212 1792 3279 nova,
1820 3199 1855 3263 et
1875 3192 1959 3266 lucis

593 3306 702 3401 plena,
729 3307 999 3402 voluptatemque
1024 3310 1057 3378 in
1083 3330 1191 3401 regno
1219 3306 1370 3395 coelesti,
1397 3317 1431 3378 et
1455 3306 1639 3379 referemus
1665 3308 1735 3398 tibi,
1762 3318 1826 3381 etc.

696 3423 856 3516 Populus.
908 3425 1027 3496 Amen.

696 3537 871 3608 Sacerdos
896 3537 1087 3610 inclinatas.
1133 3537 1324 3633 Comprime
1349 3538 1492 3610 Domine
1519 3538 1671 3611 tumultus
1690 3538 1836 3629 Regum,
1862 3535 1954 3608 mili-

594 3664 661 3725 tum
689 3666 723 3726 et
749 3657 953 3726 inimicorum
981 3657 1035 3748 qui
1061 3653 1147 3726 bella
1169 3663 1305 3746 gerunt:
1342 3665 1376 3725 et
1400 3653 1494 3748 reple
1521 3652 1753 3749 tranquillitate
1779 3649 1957 3724 ecclesiam

596 3780 682 3841 mam
707 3782 872 3842 sanctam:
899 3769 1004 3842 libera
1022 3794 1097 3842 eam
1120 3794 1139 3841 a
1158 3769 1355 3856 tumultibus,
1376 3769 1649 3857 dissensionibus,
1676 3780 1709 3840 et
1725 3767 1958 3855 divisionibus,

595 3897 631 3958 ut
656 3910 729 3956 cum
756 3884 930 3986 sedulitate
954 3886 1177 3978 glorificemus
1204 3895 1247 3972 te,
1274 3896 1308 3957 ct
1333 3890 1367 3957 in
1393 3885 1624 3981 tranquillitate
1649 3883 1849 3955 honoremus
1877 3894 1919 3955 te.

697 4001 857 4093 Populos.
909 4003 1014 4097 Kyrie
1044 4002 1182 4074 eleison.
1785 4084 1788 4091 ,

698 4115 873 4187 Sacerdos
899 4117 1035 4187 clepens
1060 4139 1185 4187 cacam,
1237 4115 1316 4188 Rex
1343 4116 1520 4201 coelestis,
1554 4124 1587 4186 et
1621 4114 1826 4207 gubernator
1852 4116 1960 4186 omnis

597 4243 769 4304 creaturae
797 4234 955 4319 Domine,
990 4253 1167 4327 compesce
1200 4253 1302 4324 reges
1337 4243 1371 4302 et
1405 4233 1573 4303 exercitus
1608 4232 1662 4325 qui
1693 4226 1780 4299 bella
1807 4239 1960 4319 movent,

596 4351 776 4442 comprime
802 4370 931 4444 pugnas
960 4372 979 4420 a
1005 4347 1123 4420 finibus
1150 4347 1256 4420 orbis:
1286 4346 1392 4418 libera
1419 4368 1558 4438 gregem
1587 4356 1674 4417 tuum
1701 4368 1721 4415 a
1746 4342 1856 4432 bellis,
1885 4345 1961 4418 dis-

596 4464 709 4553 sidiis,
740 4475 774 4536 et
801 4461 1081 4537 contentionibus:
1117 4462 1228 4535 exalta
1254 4462 1440 4535 Ecclesiam
1468 4474 1556 4534 tuam
1581 4462 1723 4535 vocibus
1758 4464 1963 4552 orationum,

597 4583 800 4673 canticisque
828 4579 1111 4674 deprecationum:
1138 4590 1172 4649 et
1198 4579 1329 4674 depelle
1355 4577 1396 4650 ab
1425 4601 1465 4651 aa
1492 4577 1685 4650 offendicula
1712 4586 1746 4648 et
1765 4574 1963 4649 schismata:

596 4715 679 4766 orna
706 4695 793 4766 illam
820 4694 976 4766 doctrinis
1005 4694 1220 4785 Ortbodoxis,
1247 4706 1280 4767 et
1307 4695 1498 4767 doctoribus
1524 4692 1796 4789 amplectentibus
1822 4696 1962 4763 verita-

596 4818 662 4881 tem
690 4809 780 4881 fidei:
808 4810 967 4906 aulerque
994 4810 1035 4882 ab
1063 4833 1103 4882 ea
1130 4815 1223 4885 rixas
1250 4810 1437 4883 haereseon
1464 4813 1735 4906 perniciosarum,
1763 4819 1797 4880 et
1821 4806 1964 4879 refere-

596 4946 669 4996 mus
696 4926 755 4998 tibi
781 4926 923 5018 gloriam
950 4937 1011 4998 etc.

700 5044 860 5135 Popolas.
911 5044 1030 5115 Amen.

701 5158 873 5231 Sacerdos
899 5159 1089 5229 inclinatas.
1139 5158 1307 5233 Memento
1334 5180 1465 5255 quoque
1483 5158 1635 5244 Domine,
1662 5159 1802 5230 omnium
1829 5157 1967 5250 piorum

597 5285 631 5346 et
653 5278 828 5366 justorum,
855 5278 987 5348 Petrum
1007 5284 1040 5345 et
1055 5273 1293 5370 Prophetarum
1319 5284 1519 5362 sanctorum,
1546 5277 1602 5368 qui
1623 5271 1664 5345 ab
1681 5272 1825 5360 Adamo,
1852 5292 1967 5366 usque
