5150 6534
1086 852 1500 930 iniuncta-n.
1931 857 1978 941 15

706 1034 831 1109 Gclcea
865 1060 939 1128 me,
972 1041 1133 1129 Domine,
1169 1037 1212 1109 ad
1252 1042 1544 1134 praeparationem
1578 1038 1758 1131 Evangelii
1789 1043 1902 1136 pacis,
1942 1053 1979 1115 ut

602 1161 773 1225 conteram
802 1165 976 1249 serpentes
1003 1166 1037 1227 et
1063 1157 1231 1250 scorpion,
1258 1177 1457 1249 omnemque
1476 1158 1633 1227 virtutcm
1668 1158 1803 1246 inimici,
1829 1161 1865 1228 in
1892 1180 1977 1230 sac-

602 1268 687 1339 cula.
713 1270 832 1341 Amen.

710 1384 790 1454 Tum
816 1388 946 1478 accipit
973 1387 1139 1474 deutrum,
1168 1392 1203 1456 et
1228 1386 1321 1455 dicit.

545 1588 550 1599 ι
705 1498 875 1594 Deprime,
901 1501 1046 1573 Domine
1071 1502 1177 1589 Deus,
1205 1500 1266 1573 sub
1295 1498 1476 1572 scabellum
1509 1502 1631 1596 pedum
1666 1524 1817 1575 meomm
1844 1524 1978 1575 omnem

603 1613 835 1688 sublimitatem
868 1616 1085 1688 extollentem
1118 1639 1156 1689 se
1181 1616 1355 1689 adversus
1392 1620 1564 1688 scientiam
1605 1627 1714 1707 tuam,
1750 1621 1796 1689 ita
1837 1627 1874 1689 ut
1916 1640 1978 1714 per

603 1730 758 1801 auxilium
786 1740 888 1818 tuum,
916 1741 1086 1803 conteram
1113 1735 1291 1826 passiones
1317 1731 1472 1803 carnales
1498 1736 1532 1803 in
1559 1733 1704 1805 saccula.

704 1847 847 1939 Accipit
871 1843 1079 1934 Χιτώνιον,
1112 1851 1278 1941 [octoque
1303 1870 1407 1940 nuper
1440 1847 1523 1917 iliud
1556 1849 1687 1941 triplici
1718 1850 1816 1939 sipno
1853 1852 1976 1936 crucis,

600 1961 711 2030 induit
737 1961 830 2050 illud,
859 1969 893 2032 et
919 1964 1011 2033 dicit.

706 2076 810 2148 lndue
836 2101 890 2150 me
916 2080 1060 2150 Domine
1086 2087 1184 2151 veste
1211 2080 1467 2174 incorruptionis
1493 2102 1555 2174 por
1580 2081 1736 2150 virtutem
1763 2077 1905 2173 Spiritus
1932 2082 1978 2149 tui

603 2195 724 2264 sancti:
753 2203 787 2263 et
811 2202 947 2287 praesta
974 2192 1050 2265 mibi
1077 2204 1112 2264 ut
1130 2194 1281 2289 placeam
1302 2194 1360 2266 tibi
1372 2191 1521 2267 moribus
1538 2193 1636 2268 bonis
1664 2206 1697 2267 ot
1722 2198 1835 2284 rectis,
1863 2197 1977 2264 omni-

600 2305 663 2380 bus
690 2306 806 2380 diebus
832 2310 922 2379 vitae
948 2332 1044 2382 meae
1070 2311 1222 2381 Domine.

703 2424 828 2518 Sipnot
854 2429 907 2494 ter
936 2425 1095 2495 Orurium
1123 2429 1235 2496 caricis
1267 2428 1384 2518 sipon,
1418 2425 1566 2519 illudque
1601 2427 1742 2517 imponit
1776 2424 1865 2495 collo
1901 2447 1977 2516 sno,
2065 2504 2067 2510 ,

600 2540 810 2632 dentittitqae
836 2562 938 2632 super
960 2548 1083 2633 pectus
1110 2545 1341 2629 transversim,
1368 2546 1404 2612 in
1427 2545 1573 2634 fornoum
1600 2543 1731 2628 crucis,
1759 2540 1900 2610 dicens:

707 2656 912 2746 Praecingcs
939 2679 993 2728 me
1019 2661 1142 2728 virtute
1168 2660 1202 2728 in
1227 2656 1331 2746 bello,
1359 2667 1392 2728 ct
1418 2656 1585 2752 deprimes
1607 2660 1818 2747 insurgentes
1846 2653 1976 2726 adver-

601 2790 675 2841 sum
701 2793 767 2858 me,
795 2769 910 2842 subtus
926 2794 989 2843 me.

704 2886 828 2978 Signat
854 2894 908 2959 ter
934 2911 1055 2959 sonam
1082 2892 1195 2959 crucis
1220 2892 1330 2981 sipno,
1357 2895 1392 2959 et
1417 2890 1524 2980 cinpit
1549 2909 1624 2957 eom
1648 2889 1747 2957 circa
1771 2908 1873 2958 renes
1897 2909 1977 2959 snos

529 2998 534 3002 ’
600 2996 735 3072 dicens:

702 3118 895 3209 Accingere
928 3118 1041 3210 gladio
1079 3142 1180 3215 super
1213 3141 1314 3191 renes
1348 3129 1440 3208 tuos,
1474 3139 1495 3188 ο
1530 3125 1666 3212 potens:
1702 3121 1816 3211 specie
1851 3126 1907 3188 tua
1943 3127 1977 3188 et

600 3229 710 3321 gloria
737 3242 806 3323 tua,
834 3243 896 3304 otc.

705 3348 846 3441 Accipit
870 3350 1073 3441 manipulum
1110 3355 1144 3418 et
1169 3351 1283 3440 sipnat
1309 3348 1400 3417 ilium
1425 3348 1478 3419 bis
1503 3349 1599 3441 sipno
1627 3348 1756 3432 craecis,
1790 3345 1976 3439 altipaique

600 3458 746 3533 Decitio
773 3467 924 3551 sinistro,
953 3470 986 3534 et
1012 3464 1104 3533 dicit

633 3598 637 3607 ·
703 3578 808 3649 Arma
844 3582 992 3670 justitiae
1025 3579 1079 3649 fac
1119 3579 1267 3649 membra
1307 3600 1403 3668 mea,
1436 3578 1595 3667 Domine,
1636 3576 1679 3647 ad
1718 3577 1827 3648 omnia
1870 3598 1975 3670 opera

599 3690 690 3763 bona
726 3705 759 3765 et
792 3704 901 3766 recta:
937 3694 1065 3767 iaciens
1101 3715 1164 3766 nos
1193 3692 1313 3788 templa
1345 3717 1428 3792 pura
1456 3704 1489 3764 et
1514 3715 1599 3764 vasa
1626 3691 1746 3782 electa,
1773 3713 1859 3785 quae
1886 3714 1975 3763 con-

600 3811 738 3880 veniant
763 3813 945 3882 ministerio
973 3810 1103 3902 gloriae
1129 3820 1205 3880 tuae
1233 3830 1382 3903 semper:
1409 3807 1522 3896 Pater,
1550 3817 1612 3877 etc.
1803 3804 1807 3813 ’

710 3924 756 3993 Et
783 3926 859 3995 dum
884 3926 976 3996 ilium
1008 3927 1126 3996 induit.
1178 3925 1276 3995 Doce
1308 3945 1424 3994 manus
1459 3945 1552 3995 meas
1581 3922 1624 3993 ad
1649 3922 1821 4018 praebum,
1849 3933 1883 3993 et
1910 3946 1974 3996 ro-

599 4033 685 4109 bora
713 4042 797 4111 sicut
825 4064 938 4113 arcum
965 4063 1102 4112 acreum
1129 4039 1264 4112 brachia
1292 4063 1376 4112 mea.

705 4157 846 4249 Accipit
869 4157 1073 4248 manipulum
1099 4154 1251 4242 alterum,
1279 4159 1458 4250 sipnalqne
1485 4178 1559 4225 eum
1590 4155 1693 4226 semel
1726 4157 1823 4246 sipno
1851 4157 1974 4240 crucis,

600 4255 637 4339 et
661 4270 806 4342 dexte-ro
834 4272 977 4342 brocbio
1004 4274 1237 4364 circumponit,
1265 4271 1402 4339 dicens:

704 4385 811 4459 Arma
834 4389 993 4478 justitiae,
1021 4397 1083 4458 etc.
1111 4385 1250 4457 lnterea.
1286 4386 1438 4457 Dextera
1464 4394 1520 4456 tua
1548 4385 1683 4476 adjuvet
1709 4407 1780 4475 me,
1808 4395 1841 4456 ct
1867 4385 1975 4458 disci-

600 4498 689 4593 plina
716 4512 770 4572 tua
797 4526 851 4575 me
878 4504 1007 4590 doceat.

707 4616 832 4712 Signat
858 4621 1013 4706 Fainanc
1041 4622 1116 4690 sive
1145 4614 1312 4704 Casulam,
1341 4624 1395 4688 ter
1420 4621 1517 4710 sipon
1545 4620 1668 4703 crucis,
1696 4616 1835 4686 dicens:

706 4733 911 4807 Sacerdotes
938 4737 983 4805 tui
1009 4734 1185 4805 induantur
1207 4736 1379 4825 justitiam,
1407 4744 1468 4804 etc.

705 4848 881 4921 Sacerdos
907 4851 1110 4936 inclinatur,
1144 4856 1179 4920 et
1212 4850 1369 4921 ascendit
1405 4853 1442 4919 in
1472 4850 1615 4919 medinm
1648 4848 1735 4918 oeli:
1766 4853 1833 4917 ium
1867 4847 1975 4916 ibeli-

599 4969 703 5033 natur
730 4985 848 5035 corum
872 4988 988 5036 mensu
1012 4968 1117 5051 citae,
1144 4965 1294 5058 dicitque
1319 4964 1409 5034 banc
1436 4967 1626 5034 orationem
1648 4985 1715 5055 pro
1742 4984 1780 5033 se
1806 4965 1880 5053 ipso
1912 4983 1975 5031 se-

529 5075 547 5109 ·‘
602 5086 704 5150 creto.

705 5195 848 5266 Domine
877 5194 970 5266 Deus
997 5196 1206 5289 omnipotens
1234 5198 1289 5289 qui
1315 5197 1454 5266 renuitis
1472 5197 1676 5288 ‘iniquitates
1708 5191 1888 5281 humanas,
1920 5194 1975 5285 qui

602 5329 672 5381 non
699 5314 753 5389 vis
774 5320 914 5383 mortem
941 5312 1144 5405 peccatoris:
1173 5309 1214 5382 ad
1241 5321 1275 5383 te
1301 5310 1448 5383 extendo
1470 5331 1586 5381 manus
1604 5307 1716 5382 cordis
1743 5310 1818 5396 mei,
1846 5318 1880 5381 et
1905 5317 1976 5379 ata
