5150 6534
576 818 655 901 450
1080 826 1440 909 utluuull
1534 892 1539 899 .

678 1012 863 1088 Sacerdos.
915 1011 961 1085 Et
992 1017 1123 1087 matum
1156 1015 1244 1110 quod
1280 1025 1333 1089 est
1367 1017 1401 1087 in
1435 1015 1501 1089 boc
1527 1014 1653 1108 calice,
1685 1023 1883 1090 baumutet
1911 1018 1945 1087 iu

576 1134 772 1223 sanguinem
800 1128 923 1202 Christi
948 1131 1015 1202 Dei
1039 1133 1155 1202 nostri.

679 1245 841 1339 Populea.
893 1247 1014 1318 Amen.
1227 1255 1229 1259 '

678 1359 863 1433 Sacerdos.
915 1360 961 1433 Ut
986 1365 1052 1435 siut
1078 1359 1229 1434 omuibus
1256 1361 1513 1458 suscipientibus
1546 1364 1581 1434 in
1613 1365 1845 1438 remissionem
1877 1362 1944 1435 de·

574 1479 725 1551 lictorum
754 1497 889 1565 eorum,
924 1486 958 1548 et
991 1500 1054 1573 per
1084 1500 1127 1549 ea
1159 1482 1250 1550 vitae
1287 1487 1446 1551 aeternae
1480 1477 1644 1552 haeredes
1661 1479 1880 1571 ,efficientem
1912 1489 1946 1553 et

575 1594 760 1666 referemus
787 1589 845 1663 tibi
871 1592 1022 1685 gloriam.

681 1708 842 1801 Populus.
882 1709 1015 1780 Amen.
1875 1783 1878 1790 λ

678 1822 854 1894 Sacerdos
879 1823 1069 1894 inclinatus.
1123 1821 1299 1898 Offerimus
1325 1823 1383 1896 tibi
1409 1825 1552 1897 Domine
1572 1823 1768 1898 sacrificium
1795 1823 1861 1898 boc
1882 1846 1943 1921 pro

575 1939 730 2012 Ecclesia
756 1949 812 2010 tua
839 1947 955 2012 sancta
980 1938 1103 2034 ubique
1129 1938 1256 2029 diffusa,
1284 1950 1319 2013 et
1343 1962 1405 2037 pro
1429 1940 1554 2037 populo
1585 1951 1642 2013 tuo
1668 1939 1756 2014 bdeli
1780 1951 1817 2013 et
1842 1938 1944 2014 clera

577 2055 787 2128 sacerdotali.
840 2119 844 2130 .

681 2172 832 2243 Eleoaas
857 2193 998 2276 rocem,
1035 2170 1079 2244 Et
1109 2171 1258 2244 concede
1284 2171 1475 2255 Ecclesiae
1496 2182 1574 2245 tuae
1607 2180 1744 2247 sanctus
1777 2171 1944 2267 naqad-

574 2287 712 2376 litatem,
739 2299 772 2359 et
797 2310 930 2382 pacem,
955 2286 1231 2383 praesulibusque
1264 2292 1337 2380 ejus
1364 2293 1524 2361 caniciem
1551 2286 1694 2377 bonam,
1726 2297 1761 2359 et
1792 2288 1942 2362 honora-

575 2402 691 2475 bilem:
718 2412 753 2474 et
778 2414 887 2476 stame
912 2406 946 2474 in
973 2426 1015 2475 eu
1040 2403 1201 2477 Pastores
1234 2409 1291 2499 qui
1316 2415 1409 2477 recte
1446 2404 1639 2500 dispensent
1671 2401 1815 2476 verbum
1845 2407 1943 2477 veri-

576 2523 665 2609 tatis,
691 2531 728 2618 et
749 2519 935 2591 referemus
962 2520 1031 2608 tibi,
1059 2521 1121 2592 etc'.
1814 2541 1821 2551 ·

680 2633 856 2706 Sacerdos
873 2635 1065 2708 inclinatas.
1116 2635 1284 2707 Memento
1323 2637 1467 2708 Domine
1510 2637 1670 2723 omnium,
1710 2638 1874 2706 miserere
1912 2643 1943 2705 et

576 2751 700 2842 adjuva
726 2773 842 2842 omnes
870 2754 926 2845 qui
951 2754 1111 2823 invocant
1137 2761 1183 2840 te,
1210 2759 1244 2822 et
1268 2749 1311 2821 ad
1337 2760 1371 2823 te
1398 2750 1593 2843 confugiunt
1618 2772 1693 2821 cum
1719 2749 1785 2822 lide
1812 2772 1905 2822 vera.

681 2867 832 2938 Mecaas
862 2889 987 2938 uocem.
1040 2867 1211 2940 Auxilium
1243 2870 1344 2938 etiam
1384 2876 1473 2939 tuum
1511 2864 1662 2939 omnibus
1694 2874 1852 2961 praesta,
1891 2868 1943 2959 qui

577 2992 730 3074 egestate
771 2992 805 3053 et
837 2984 999 3074 angustiis
1034 2980 1270 3054 conflictantur.
1324 2981 1464 3057 Custodi
1493 2982 1636 3054 Domine
1669 3003 1731 3054 eos
1766 3005 1788 3054 a
1827 2978 1943 3075 quibus

576 3120 693 3170 munus
720 3097 952 3169 auxiliatomm
977 3097 1174 3193 praeclusae
1201 3109 1288 3187 sunt,
1315 3111 1350 3172 et
1375 3098 1560 3172 referemus
1586 3095 1644 3168 tibi
1670 3098 1824 3189 gloriam.

682 3213 858 3285 Sacerdos
884 3214 1074 3285 inclinatas.
1114 3214 1284 3287 Memento
1304 3215 1447 3286 Domine
1472 3213 1604 3306 Regum
1629 3213 1772 3286 bdelium
1800 3215 1857 3308 qui
1871 3210 1942 3283 Ec-

576 3329 714 3402 clesiam
741 3338 827 3400 tuum
855 3340 1003 3402 sanctam
1030 3330 1198 3423 adjuvant,
1226 3340 1261 3401 et
1285 3329 1410 3426 populo
1437 3340 1494 3403 tuo
1521 3329 1610 3401 fideli
1636 3328 1856 3402 benefaciunt

680 3446 831 3518 Eleoaas
855 3469 982 3520 uocem.
1008 3445 1052 3517 Et
1078 3444 1173 3518 aufer
1200 3469 1220 3517 u
1246 3445 1343 3518 nobis
1369 3446 1512 3518 Domine
1539 3448 1702 3518 inimicum
1729 3445 1942 3541 spiritualem,

578 3561 716 3655 ejusque
744 3561 965 3656 tyrannidem,
991 3572 1026 3633 et
1052 3584 1099 3634 ex
1118 3584 1217 3633 manu
1242 3564 1426 3657 principum
1443 3561 1827 3635 immisericordiumnos
1841 3564 1944 3657 eripe,

577 3686 612 3747 et
637 3675 821 3748 referemus
847 3675 917 3765 tibi,
946 3658 1008 3748 eto.

681 3792 856 3863 Sacerdos
881 3793 1071 3863 inclinatas.
1111 3793 1279 3866 Memento
1303 3795 1446 3866 Domine
1471 3793 1668 3865 Sanctomm
1696 3794 1842 3863 omnium
1868 3813 1944 3862 ma·

579 3911 702 4003 trisque
729 3910 887 4000 unigeniti
912 3909 987 3980 Filii
1014 3912 1075 3980 tui:
1103 3909 1209 3998 salva,
1237 3919 1271 3980 et
1298 3909 1456 3981 confirma
1483 3931 1546 3982 uos
1572 3931 1634 4004 per
1658 3929 1782 4004 preces
1799 3907 1945 3980 Sancto-

578 4047 650 4095 rum
678 4034 814 4095 tuorum.

681 4140 831 4211 Elevans
855 4163 981 4212 uocem.
1033 4138 1077 4212 Et
1111 4136 1172 4211 sub
1206 4139 1267 4211 alis
1295 4139 1493 4211 Sanctarum
1527 4148 1657 4210 tuorum
1695 4146 1842 4234 protege
1873 4158 1946 4227 nos,

580 4264 613 4325 et
643 4259 729 4328 inter
764 4280 880 4329 eorum
911 4257 1045 4329 ordines
1085 4277 1148 4327 nos
1188 4259 1367 4327 constitue:
1407 4266 1442 4326 ut
1475 4278 1549 4325 cum
1583 4258 1632 4325 eis
1665 4251 1852 4326 referamus
1888 4253 1945 4325 tibi

579 4369 731 4463 glorium.
1303 4445 1307 4449 .

683 4486 859 4558 Sacerdos
885 4489 1076 4559 inclinatas.
1129 4488 1297 4559 Memento
1325 4486 1467 4559 Domine
1499 4507 1658 4558 verorum
1688 4484 1846 4557 Ecclesia
1870 4491 1947 4555 'mae

579 4604 765 4691 Pastorum,
794 4606 849 4698 qui
874 4603 971 4675 nobis
998 4604 1094 4674 fidem
1122 4613 1247 4674 rectam
1270 4602 1562 4696 praedicaverunt,
1588 4601 1788 4696 Patrumque
1815 4599 1948 4671 electo-

579 4739 650 4789 rum
677 4729 712 4790 et
737 4721 920 4792 Doctorum
949 4719 1228 4791 Ortbodoxorum.

682 4834 832 4904 Elecoas
857 4858 982 4906 aecem.
1037 4834 1213 4907 Conscrva
1240 4855 1302 4904 nos
1329 4834 1472 4906 Domine
1497 4836 1529 4904 in
1555 4831 1621 4904 fide
1647 4830 1859 4923 Ortbodoxa,
1885 4853 1948 4903 nec

580 4959 742 5038 errantem,
771 4961 827 5021 aut
852 4973 930 5022 reos
956 4951 1057 5023 facito
1085 4973 1147 5022 nos
1173 4950 1326 5023 Domine.

682 5065 858 5138 Sacerdos
889 5067 1081 5137 inclinatus.
1133 5066 1303 5138 Memento
1336 5067 1480 5137 Domine
1512 5066 1656 5137 omnium
1694 5063 1838 5136 fidebam
1881 5062 1948 5134 de-

579 5178 779 5271 functarum,
806 5186 861 5276 qui
888 5182 920 5252 in
948 5205 1008 5278 spe
1035 5192 1090 5254 tua
1118 5181 1358 5270 decubuerunt,
1385 5191 1420 5252 et
1446 5182 1590 5275 quietem
1619 5191 1756 5276 praesta
1791 5202 1854 5277 per
1879 5182 1948 5250 mi-

579 5300 765 5369 serationes
793 5308 879 5391 tuas,
905 5301 944 5372 iis
972 5300 1027 5394 qui
1053 5297 1214 5395 redempti
1240 5308 1315 5372 sunt
1340 5299 1502 5391 sanguine
1527 5299 1688 5392 unigeniti
1713 5297 1790 5369 Eilii
1817 5299 1873 5369 tui.
