5150 6534
797 841 1728 920 THEODORIINTERPRETIS.
1869 838 1945 912 613

576 1033 684 1127 ipsum
711 1029 827 1103 obtulit
853 1030 1095 1103 immaculatum
1122 1030 1210 1115 Deo,
1238 1039 1272 1100 et
1304 1028 1522 1100 sanctificavit
1553 1049 1616 1098 nos
1651 1050 1712 1121 per
1745 1025 1946 1098 oblationem

577 1149 728 1242 corporis
756 1150 805 1218 sui
833 1147 938 1218 semel
963 1146 1097 1235 iactam,
1125 1154 1159 1216 et
1184 1144 1374 1240 pacificavit
1399 1167 1461 1240 per
1488 1147 1682 1235 sanguinem
1716 1146 1824 1214 crucis
1852 1151 1973 1228 suaaff·

577 1287 662 1359 quae
697 1265 729 1332 in
762 1263 894 1350 coelis,v
916 1272 950 1334 et
984 1284 1069 1355 quae
1103 1264 1136 1332 in
1176 1265 1273 1333 terris
1307 1270 1390 1331 sunt.
1445 1261 1509 1346 Qui
1541 1260 1679 1331 traditus
1724 1270 1776 1331 est
1808 1243 2001 1353 propte&¹

573 1389 713 1474 peccata
739 1387 853 1449 nostra
880 1389 913 1449 et
939 1379 1122 1450 resurrexit
1148 1387 1183 1447 ut
1204 1376 1401 1469 justificaret
1427 1396 1499 1446 nos.
1533 1369 1545 1409 ⁵
1574 1376 1638 1460 Oui
1671 1397 1744 1446 cum
1770 1372 1944 1468 Apostolis

574 1496 643 1565 suis
670 1516 711 1564 ea
737 1503 836 1565 nocte
864 1517 928 1588 qua
965 1492 1101 1563 traditus
1129 1503 1197 1581 est,
1231 1491 1416 1563 celebravit
1450 1493 1643 1585 mysterium
1678 1489 1741 1561 boc
1776 1510 1945 1579 magnum,

574 1610 790 1694 tremendum,
819 1621 966 1683 sanctum
995 1619 1027 1679 et
1054 1607 1216 1679 divinum:
1245 1610 1414 1703 accipiens
1440 1629 1560 1702 panem
1577 1607 1749 1679 benedixit
1775 1616 1808 1676 et
1834 1604 1945 1695 fregit,

576 1725 730 1820 deditque
758 1725 925 1819 discipulis
954 1728 1022 1795 suis
1060 1734 1092 1794 et
1126 1723 1217 1794 dixit.
1270 1724 1345 1795 Hoc
1372 1733 1423 1793 est
1458 1745 1581 1817 corpus
1615 1747 1723 1794 mcum
1760 1721 1848 1816 quod
1880 1742 1943 1814 pro

574 1840 675 1913 vobis
706 1840 889 1932 frangitur,
926 1846 958 1911 in
992 1842 1223 1911 remissionem
1259 1849 1483 1933 peccatorum.
1536 1838 1695 1910 Similiter
1722 1849 1756 1909 et
1789 1837 1944 1907 calicem:

576 1955 710 2028 Gratias
747 1960 832 2048 egit,
868 1967 902 2027 et
938 1956 1025 2026 dedit
1057 1955 1121 2025 illis
1163 1955 1319 2049 dixitque.
1373 1954 1435 2025 Hic
1469 1965 1520 2025 est
1554 1958 1691 2045 sanguis
1725 1976 1818 2025 meus
1854 1951 1945 2023 Novi

575 2071 798 2160 Testamenti,
841 2076 895 2166 qui
932 2094 994 2167 pro
1035 2070 1144 2142 multis
1181 2069 1353 2141 effunditur
1385 2073 1419 2139 in
1458 2072 1688 2141 remissionem
1720 2078 1944 2163 peccatorum.

574 2189 728 2284 Accipite
761 2191 860 2279 igitur
902 2211 966 2260 vos
997 2209 1133 2272 omneS,
1168 2186 1255 2256 edite
1288 2209 1333 2257 ex
1374 2185 1437 2256 hoc
1463 2208 1569 2280 pane,
1603 2195 1637 2255 et
1662 2185 1766 2258 bibite
1802 2207 1847 2254 ex
1881 2182 1945 2253 boc

576 2305 691 2391 calice,
722 2314 756 2375 et
782 2308 827 2375 ita
853 2304 954 2376 iacite
981 2306 1251 2398 quotiescumque
1278 2299 1563 2393 congregabimini
1590 2303 1622 2371 in
1649 2305 1715 2372 mei
1741 2305 1944 2374 memoriam.

679 2421 773 2491 Sicut
798 2430 1013 2514 praeceptum
1041 2420 1138 2491 nobis
1165 2427 1217 2488 est
1244 2421 1288 2487 ita
1317 2421 1515 2509 congregati
1542 2439 1666 2506 sumus,
1692 2440 1755 2490 nos
1783 2421 1876 2491 servi
1898 2420 1945 2490 tui

574 2534 731 2622 humileS,
757 2535 912 2607 imbecilli
939 2546 973 2606 et
998 2534 1133 2622 insumi,
1160 2543 1195 2603 ut
1222 2556 1298 2604 cum
1324 2534 1413 2605 bona
1440 2536 1541 2603 venia
1568 2537 1698 2624 gratiae
1726 2545 1818 2621 tuae,
1847 2535 1944 2606 ccle-

574 2646 708 2722 bremus
741 2655 936 2747 mysterium
964 2673 1140 2743 magnum,
1175 2649 1397 2738 tremendum,
1434 2659 1583 2720 sanctum
1620 2658 1654 2720 et
1688 2649 1851 2737 divinum,
1884 2672 1945 2745 per

531 2757 663 2861 §quod
690 2766 778 2838 iacta
806 2767 896 2840 salus
925 2776 976 2838 est
1002 2790 1123 2858 magua
1150 2767 1309 2837 universo
1337 2764 1480 2836 humano
1508 2768 1625 2855 generi
1651 2775 1778 2837 nostro.
1816 2765 1944 2836 Canon.

575 2880 831 2978 Referimusque
858 2882 956 2958 simul
981 2882 1124 2970 laudern,
1151 2881 1323 2968 honorem,
1351 2879 1615 2968 consessionem,
1645 2890 1678 2951 ct
1705 2881 1946 2970 adorationem,

576 2998 666 3069 Patri
693 3009 727 3069 et
752 2999 856 3087 Filio,
884 3011 917 3071 et
942 2999 1079 3093 Spiritui
1106 3007 1222 3071 sancto
1249 3020 1337 3068 nunc
1364 3008 1397 3068 et
1423 3019 1565 3090 semper.

679 3113 855 3187 Sacerdos
885 3120 1000 3208 siqaat
1031 3117 1201 3206 nrpstcria.
1264 3113 1444 3184 Diaconos
1476 3114 1569 3183 dicit.
1621 3113 1788 3189 Mentibus
1822 3119 1945 3187 vestris

575 3243 686 3319 orate,
714 3241 776 3303 etc.

680 3348 856 3419 Sacerdos
882 3350 967 3417 dicit
993 3347 1082 3416 banc
1111 3346 1317 3416 Orationem.
1369 3344 1512 3417 Domine
1539 3346 1632 3416 Deus
1660 3356 1788 3440 potens.

732 3622 906 3695 Sacerdos
932 3623 1017 3693 dicit
1042 3622 1132 3693 banc
1160 3621 1359 3692 Orationem
1384 3620 1618 3690 inclinationis
1643 3625 1788 3691 secrete.

679 3811 870 3883 Adoramus
898 3821 930 3883 te
956 3814 1115 3899 Domine,
1148 3821 1182 3881 et
1212 3815 1339 3901 gratias
1373 3814 1502 3903 agimus
1536 3809 1614 3900 tibi,
1655 3822 1689 3883 et
1720 3809 1945 3902 glorificamus

575 3937 627 4015 te,
656 3927 745 4021 quod
772 3949 833 3999 nos
860 3929 938 3998 licet
964 3928 1120 4018 indignos
1146 3936 1284 4021 propter
1310 3938 1449 4021 peccata
1475 3937 1606 4015 nostra,
1642 3927 1684 3997 ad
1717 3936 1750 3997 te
1782 3926 1945 3998 accedere

575 4042 696 4128 fecisti,
722 4065 784 4137 per
810 4045 1042 4114 miserationes
1070 4053 1143 4113 tuas
1171 4041 1310 4129 multas3
1339 4051 1372 4112 et
1389 4045 1560 4115 renovasti
1580 4064 1655 4131 nos
1682 4052 1716 4112 et
1733 4041 1946 4114 sanctificasti

576 4182 637 4254 per
662 4163 803 4251 gratiam
831 4159 972 4253 Spiritus
1000 4161 1121 4244 sancti,
1156 4155 1342 4251 dignosque
1375 4160 1568 4252 praestitisti
1599 4180 1663 4231 nos
1698 4156 1945 4230 administrandi

576 4298 689 4347 coram
718 4287 751 4347 te
777 4276 990 4345 ministerium
1018 4272 1082 4344 hoc
1109 4273 1329 4359 tremendum,
1363 4284 1396 4345 et
1424 4274 1588 4364 divinum,
1622 4272 1663 4344 ad
1690 4273 1828 4345 salutem
1854 4276 1945 4346 vitae

576 4401 727 4463 nostrae:
757 4390 918 4484 simulque
944 4390 1139 4462 conlitemur
1165 4410 1278 4459 coram
1307 4398 1357 4477 te,
1391 4413 1464 4461 cum
1496 4393 1676 4481 gratiarum
1709 4394 1839 4462 actione
1865 4410 1943 4458 nra-

575 4511 685 4595 xima‚
713 4507 755 4579 ob
784 4507 922 4579 salutem
948 4528 1121 4597 magnam,
1158 4527 1243 4597 quae
1277 4504 1373 4577 nobis
1407 4505 1558 4577 omnibus
1589 4509 1747 4599 praestita
1781 4515 1850 4591 est,
1883 4526 1945 4598 per

575 4622 692 4694 Filium
721 4634 808 4695 tuum
837 4623 988 4694 dilectum
1015 4622 1131 4692 lesum
1158 4619 1324 4692 Christum
1349 4620 1525 4693 Dominum
1552 4632 1712 4693 nostrum.
1743 4621 1945 4693 Oilerimus-

577 4761 641 4832 que
668 4762 782 4811 coram
810 4739 970 4810 Trinitate
996 4748 1051 4810 tua
1078 4735 1240 4828 gloriosa,
1267 4737 1370 4808 corde
1396 4741 1552 4826 coutrita,
1579 4748 1613 4808 ct
1639 4740 1755 4833 spiritu
1768 4736 1944 4831 ,humdita-

577 4858 630 4943 tis,
658 4855 852 4926 sacrificium
879 4855 943 4927 hoc
970 4856 1084 4926 vivum
1112 4860 1147 4923 et
1172 4861 1334 4942 sanctum,
1362 4853 1449 4948 quod
1475 4857 1669 4947 mysterium
1697 4862 1747 4923 est
1772 4853 1862 4945 Agni
1879 4851 1944 4922 Dei

577 4975 631 5064 qui
659 4970 741 5042 tollit
766 4980 906 5064 peccata
934 4970 1063 5058 mundi,
1097 4976 1257 5059 rogantes
1293 4976 1327 5038 te
1360 4979 1393 5040 et
1426 4969 1645 5065 deprecantes
1678 4976 1873 5055 commta,
1909 4976 1945 5037 ut

575 5087 783 5181 complaceat
808 5088 951 5158 Domine
978 5085 1132 5158 divinitas
1159 5092 1214 5154 tua
1242 5082 1425 5175 adoranda,
1452 5084 1836 5180 etpermisericordiam
1853 5093 1943 5153 tuam

502 5267 510 5274 ,
576 5206 774 5298 suscipiatur
801 5201 923 5274 oblatio
951 5201 1034 5275 haec
1060 5223 1142 5294 pura
1170 5210 1203 5271 et
1229 5210 1345 5272 sancta
1372 5224 1432 5296 per
1459 5224 1556 5296 quam
1583 5185 1732 5295 placatus
1760 5211 1793 5271 et
1814 5220 1943 5270 recon-

577 5320 704 5391 ciliatus
732 5340 788 5409 ες,
815 5341 877 5414 pro
903 5322 1052 5413 peccatis
1077 5316 1198 5388 mundi.
1251 5314 1348 5389 Nunc
1375 5321 1474 5389 etiam
1501 5318 1664 5406 Domine,
1698 5340 1780 5387 ecce
1807 5315 1943 5388 offertur

1649 5433 1738 5509 80*
