5150 6534
600 838 674 914 310
1101 840 1459 919 LITURGIA

598 1037 688 1099 tuum
714 1030 870 1100 inlinitum
897 1051 980 1122 erga
1005 1029 1168 1117 homines,
1194 1031 1311 1099 misisti
1338 1027 1458 1100 Filium
1484 1040 1574 1101 tuum
1600 1032 1803 1122 unigenitum
1831 1030 1874 1103 ad
1901 1008 1966 1106 sa-

597 1143 697 1216 lutem
722 1155 887 1217 nostram:
915 1149 969 1241 qui
996 1144 1125 1240 absque
1150 1144 1216 1215 ulla
1241 1148 1422 1217 mutatione
1456 1150 1646 1218 incamatus
1680 1157 1733 1218 est
1764 1167 1810 1217 ex
1825 1146 1965 1241 Spiritu

597 1270 725 1345 sancto,
752 1270 858 1331 etex
884 1270 1001 1332 natura
1027 1259 1186 1331 humana:
1219 1258 1430 1354 salvavitque
1462 1283 1569 1352 genus
1605 1273 1754 1335 nostrum
1790 1285 1809 1334 a
1836 1283 1963 1335 corm-

596 1379 710 1470 pticne
736 1386 770 1447 et
794 1387 903 1447 morte
928 1380 1075 1470 peccati,
1114 1374 1270 1469 deditque
1301 1375 1399 1447 nobis
1432 1380 1555 1467 vium,
1587 1377 1798 1482 adoptionem
1833 1386 1868 1448 et
1899 1399 1963 1448 re-

597 1514 698 1584 gnum
725 1491 881 1563 coeleste.
934 1493 985 1562 Tu
1016 1514 1102 1563 nunc
1135 1495 1234 1562 etiam
1268 1492 1411 1563 Domine
1445 1516 1506 1587 per
1538 1492 1656 1564 multas
1691 1492 1965 1586 abundantesque

597 1611 827 1679 miserationes
853 1606 1066 1700 benignitatis
1091 1619 1181 1696 tuae,
1208 1609 1341 1702 suscipe
1369 1607 1565 1680 sacrificium
1591 1608 1655 1682 hoc
1674 1631 1788 1680 coram
1815 1618 1849 1679 te
1874 1631 1964 1709 pro·-

597 1727 753 1818 pcsitum‚
779 1722 819 1794 ad
847 1725 1113 1819 propitiationem
1136 1724 1329 1795 delictorum
1349 1736 1551 1813 nostrorum,
1578 1735 1613 1796 et
1628 1727 1859 1796 remissionem
1872 1745 1963 1818 pec-

596 1850 742 1910 catorum
776 1849 984 1912 nostrorum:
1017 1852 1053 1912 ut
1087 1838 1231 1911 abstersi
1256 1862 1320 1933 per
1345 1841 1629 1927 emundationem,
1662 1849 1695 1911 et
1727 1841 1961 1935 aspersionem

595 1953 736 2048 hyssopi
766 1958 828 2043 tui,
862 1956 1040 2027 efficiamur
1065 1955 1186 2051 templa
1212 1956 1332 2026 munda
1365 1956 1407 2027 ad
1439 1954 1673 2028 habitationem
1703 1954 1835 2047 gloriae
1869 1962 1961 2044 brae,

595 2078 627 2139 et
652 2068 746 2141 locus
773 2069 949 2143 habitaculi
980 2069 994 2107 ²
1020 2074 1199 2143 sanctitatis
1226 2081 1322 2142 tuae:
1356 2081 1390 2142 ct
1415 2072 1599 2143 referemus
1625 2071 1683 2143 tibi
1715 2072 1869 2163 gloriam,
1895 2079 1960 2141 cto.

698 2185 859 2280 Populus.
912 2189 1030 2260 Amen.

697 2301 884 2373 Diaconos.
937 2303 1070 2375 Stemus
1098 2303 1264 2376 decenter.

699 2417 859 2510 Populus.
912 2412 1168 2507 Miseratiooes,'
1185 2430 1248 2491 etc.

700 2533 883 2606 Sacerdos.
937 2536 1067 2608 Caritas
1093 2536 1214 2624 Patris,
1241 2545 1304 2606 etc.

696 2651 856 2743 Populus.
909 2651 953 2723 Et
979 2675 1054 2723 cum
1080 2655 1195 2746 spiritu
1222 2662 1288 2722 tuo.

696 2766 879 2838 Sacerdos.
931 2767 1070 2839 Sursum
1098 2766 1211 2838 corda.

697 2882 858 2976 Populus.
910 2883 1080 2957 Habemus
1107 2882 1148 2953 ad
1176 2881 1362 2953 Dominum.

696 2997 879 3071 Sacerdos.
932 3000 1064 3072 Gratias
1091 3020 1230 3091 agamus
1255 2998 1408 3069 Domino.

698 3116 858 3210 Populus.
910 3115 1054 3208 Dignum
1082 3125 1116 3186 et
1136 3120 1261 3209 justum
1287 3124 1347 3187 est.

699 3231 874 3304 Sacerdos
899 3233 1091 3302 inclinatus.
1130 3232 1181 3302 Te
1206 3231 1304 3302 decet
1329 3230 1470 3326 hymnus
1497 3240 1531 3300 et
1555 3229 1714 3301 laudatio:
1741 3231 1866 3326 tibique
1892 3234 1956 3306 de-

591 3350 687 3421 betur
714 3350 864 3423 adoratio
894 3347 935 3419 ab
964 3349 1115 3420 omnibus
1143 3347 1310 3418 ordinibus
1338 3343 1576 3441 superioribus,
1604 3357 1637 3417 et
1663 3344 1955 3437 inferioribuaio-

590 3462 752 3559 fimaeque
783 3465 995 3538 conditionis:
1031 3486 1139 3559 neque
1174 3463 1334 3534 sufficiunt
1365 3462 1499 3553 linguae
1531 3484 1646 3535 omnes
1683 3463 1724 3534 ad
1758 3463 1956 3537 laudandum

591 3591 641 3668 te3
668 3584 752 3653 sicut
777 3583 934 3653 convenit
960 3580 1077 3651 honori
1104 3589 1181 3650 tuo:
1209 3583 1285 3673 quia
1313 3590 1346 3650 tu
1372 3600 1434 3674 per
1460 3575 1640 3650 bonitatem
1666 3590 1753 3652 tuam
1785 3592 1954 3652 aeternam

590 3695 737 3768 sublimis
764 3718 820 3783 es,
846 3706 881 3767 et
904 3717 1006 3796 supra
1039 3695 1313 3767 sanctificationes
1348 3716 1481 3783 omnes,
1521 3716 1582 3788 per
1617 3692 1788 3765 excelsam
1820 3698 1956 3767 incom-

589 3811 901 3907 prehensibilitatem
928 3823 1027 3884 tuam.

692 3929 841 4000 Eteocles
872 3952 996 4000 ccccm.
1049 3928 1101 4000 'lu
1127 3933 1160 3999 in
1187 3927 1304 4000 throno
1337 3938 1393 3998 tuo
1428 3927 1566 3999 excelso
1594 3925 1783 4021 splendide,
1817 3938 1851 3998 et
1875 3927 1953 3999 cle-

590 4055 717 4115 menter
744 4045 928 4134 entolleris‚
955 4069 1017 4141 per
1043 4055 1157 4117 cantus
1175 4044 1373 4138 spirituales,
1401 4042 1609 4139 hymnosque
1636 4040 1850 4136 triumphales
1866 4064 1953 4114 sua-

589 4182 665 4249 ves,
693 4160 945 4235 substantiarum
973 4163 1166 4257 simplicium
1193 4171 1225 4230 et
1252 4165 1411 4232 materiae
1439 4162 1640 4254 expertium:
1668 4181 1730 4252 per
1756 4168 1848 4230 rotas
1877 4163 1953 4253 spi.-

590 4277 725 4349 rituales
741 4289 786 4349 ‘et
810 4276 994 4348 terribiles:
1027 4301 1088 4372 per
1121 4277 1276 4348 diversos
1308 4276 1432 4368 jubilos
1468 4275 1676 4365 Angelorum
1711 4272 1864 4362 fortium:
1891 4295 1952 4369 per

590 4396 718 4464 cantica
745 4396 863 4465 suavia
889 4394 1111 4486 Angelomm:
1145 4416 1206 4489 per
1239 4405 1420 4465 concentus
1456 4392 1570 4464 dulces
1603 4391 1864 4483 Principatuum:
1891 4412 1952 4485 per

589 4507 729 4581 choreas
757 4519 791 4580 et
817 4509 956 4605 tripudia
981 4510 1162 4582 Virtutum:
1197 4533 1258 4605 per
1285 4508 1427 4581 citharas
1460 4511 1575 4602 spiritu
1609 4509 1811 4600 compositas
1842 4505 1952 4577 Pote-

589 4636 726 4697 statum:
754 4649 815 4720 per
841 4647 947 4697 voces
973 4649 1073 4721 puras
1101 4638 1134 4696 et
1160 4636 1273 4716 gratas
1293 4626 1579 4697 Dominationum:
1606 4643 1666 4715 per
1693 4621 1857 4692 clamores
1876 4631 1951 4691 ter·-

587 4740 700 4816 rihlles
727 4740 953 4815 Thronorum:
981 4765 1042 4836 per
1068 4745 1210 4814 tonitrua
1231 4740 1400 4812 tremenda
1417 4739 1628 4810 exultationis
1656 4734 1834 4808 Cherubim
1860 4737 1950 4808 mul-

587 4859 799 4930 tioculorum:
835 4880 896 4953 per
928 4858 1062 4930 volatus
1094 4857 1249 4928 ardentes
1288 4856 1462 4951 Seraphim
1503 4878 1567 4928 sex
1605 4855 1666 4926 alis
1706 4856 1951 4939 instructorum,

588 4976 643 5067 qui
670 4972 782 5046 oribus
809 4977 888 5066 igne
915 4976 1015 5045 textis
1043 4983 1076 5043 ct
1102 4971 1198 5043 labiis
1232 4972 1432 5044 carbonibus
1460 4975 1584 5067 opertis
1612 4975 1731 5043 trinam
1758 4967 1950 5041 sanctitica-

587 5094 710 5161 tioncm
738 5095 924 5177 concinunt
952 5089 1144 5177 clamantes,
1170 5089 1396 5162 vociferantes
1425 5099 1459 5160 et
1484 5089 1642 5161 dicentes.

690 5205 850 5298 Populus.
905 5205 1059 5293 sanetus,
1086 5205 1238 5294 Sanctus
1265 5205 1417 5278 Sanctus.
