5150 6534
868 865 877 880 “
941 844 1143 923 PHILOlllllll
1169 844 1339 923 EPISCOPI
1364 846 1636 923 BAGDADENSIS.
1898 842 1975 925 405

602 1036 761 1130 quitatem
788 1043 823 1105 et
847 1035 956 1128 impiis
984 1032 1162 1105 destinato:
1190 1032 1347 1104 transduc
1374 1033 1448 1105 illos
1472 1031 1556 1103 ultra
1585 1035 1740 1104 transitus
1767 1033 1843 1107 illos
1870 1038 1974 1106 terri-

599 1149 688 1224 biles
729 1158 764 1221 et
794 1151 953 1240 regiones
988 1151 1107 1220 timore
1138 1149 1269 1243 plenas:
1310 1150 1403 1242 eripe
1435 1146 1511 1220 illos
1550 1171 1569 1218 a
1602 1156 1766 1243 potestate
1804 1153 1976 1243 spirituum

601 1264 764 1337 malorum
792 1275 825 1335 et
851 1267 1073 1334 inimicorum:
1102 1285 1183 1334 erue
1209 1262 1284 1335 illos
1311 1285 1373 1357 per
1400 1266 1736 1341 miserationestuas
1763 1289 1782 1336 a
1810 1267 1977 1355 voragine

601 1384 719 1455 mortis
746 1378 933 1452 secundae:
960 1378 1014 1449 lac
1039 1378 1113 1450 illos
1141 1378 1261 1470 dignos
1284 1378 1462 1473 splendore
1477 1378 1659 1472 triumphali
1679 1389 1866 1451 sanctorum
1894 1388 1975 1452 tuo-

601 1520 689 1585 rum,
715 1505 750 1566 et
775 1494 899 1566 decore
927 1517 1042 1567 eorum
1070 1498 1124 1588 qui
1156 1516 1176 1564 a
1210 1505 1243 1564 te
1271 1492 1313 1565 ad
1339 1496 1469 1588 nuptias
1502 1496 1630 1565 invitati
1663 1506 1746 1566 sunt.
1798 1493 1907 1566 Auler
1942 1505 1976 1566 et

604 1611 680 1684 dele
707 1608 857 1682 delectus
885 1631 1019 1681 eorum:
1046 1632 1156 1704 neque
1182 1613 1285 1681 intres
1313 1613 1346 1680 in
1369 1608 1527 1700 judicimn
1553 1632 1627 1680 cum
1660 1609 1736 1695 illis,
1769 1613 1845 1705 quia
1875 1633 1974 1682 nemo

605 1737 659 1801 est
684 1727 769 1799 liber
795 1725 836 1797 ab
865 1727 1077 1796 accusatione
1104 1729 1246 1819 peccati,
1273 1728 1336 1797 nisi
1355 1727 1542 1817 unigenitus
1558 1725 1660 1796 Filius
1688 1738 1774 1815 tuus,
1801 1748 1863 1822 per
1879 1749 1977 1820 quem

603 1864 669 1917 nos
696 1864 830 1938 quoque
856 1840 1116 1913 misericordiam
1144 1845 1304 1935 consequi
1338 1863 1530 1936 speramus,
1566 1850 1599 1913 et
1630 1844 1859 1915 remissionem
1887 1863 1975 1935 pec-

605 1967 767 2046 catorum,
794 1979 880 2053 quae
906 1966 1043 2052 propter
1070 1979 1146 2028 eum
1172 1966 1233 2044 est,
1261 1965 1327 2028 tam
1354 1956 1451 2029 uobis
1479 1980 1575 2051 quam
1604 1957 1676 2029 illis.
2011 1953 2019 1970 ⁶

709 2072 870 2165 Populus.
926 2072 1078 2157 Quietem
1104 2080 1247 2167 praesta.

710 2188 894 2260 Sacerdos.
948 2189 1093 2259 Domine
1126 2190 1180 2282 qui
1214 2188 1333 2259 delicta
1368 2188 1519 2275 dimittis,
1553 2197 1587 2258 et
1620 2188 1781 2281 propitius
1819 2207 1857 2257 es
1889 2209 1977 2282 pec-

604 2308 699 2393 catiS,
725 2325 835 2399 parce.
854 2303 953 2375 nobis
980 2301 1144 2391 omnibus,
1178 2327 1239 2398 per
1273 2307 1417 2395 gratiam
1444 2314 1552 2391 tuam,
1588 2303 1712 2374 dimitte
1746 2301 1862 2397 culpas
1897 2325 1978 2375 ser-

603 2442 725 2495 vorum
753 2431 892 2507 tuorum,
920 2441 1028 2513 nequo
1055 2441 1250 2489 accusemur
1277 2430 1415 2515 propter
1449 2443 1552 2515 opera
1589 2422 1715 2515 impura
1747 2428 1872 2492 nostra.
1926 2418 1979 2489 Ne

603 2534 736 2607 flamma
767 2557 846 2630 pars
879 2543 995 2606 nostra
1028 2534 1102 2619 fiat,
1135 2534 1178 2605 ob
1212 2532 1467 2607 inobedientiam
1501 2547 1650 2607 nostram
1681 2539 1871 2630 praeceptis
1905 2538 1978 2605 tuis.

604 2648 659 2721 Ne
684 2650 943 2722 condemnemur
969 2649 1025 2721 illc
1053 2650 1107 2719 die
1134 2672 1200 2743 quo
1228 2656 1452 2746 unusquisque
1469 2650 1716 2723 retributionem
1745 2653 1897 2744 accipiet,
1916 2672 1979 2721 se-

605 2763 747 2838 cuudum
775 2766 809 2837 id
835 2764 923 2860 quod
951 2768 1035 2856 egit:
1063 2787 1130 2836 non
1157 2775 1370 2859 torqueamur
1397 2771 1476 2859 igne
1504 2767 1559 2839 illo
1587 2767 1795 2853 vehementi,
1823 2788 1979 2860 nequea

605 2879 715 2955 salute
741 2891 796 2953 tua
825 2879 924 2951 alieni
951 2878 1086 2951 liumus:
1122 2880 1182 2951 sed
1210 2882 1387 2977 splendere
1417 2883 1472 2954 iac
1499 2887 1531 2953 in
1564 2881 1662 2955 nobis
1696 2886 1852 2953 virtutem
1879 2891 1979 2967 tuam,

605 3007 643 3070 ut
666 2999 700 3068 in
727 2995 836 3085 nobis,
862 3019 925 3092 pro
953 2996 1062 3085 nobis,
1090 3009 1124 3068 et
1149 3007 1287 3092 propter
1313 3020 1388 3086 nos,
1415 2999 1619 3090 glorificetur
1645 3020 1768 3069 nomen
1788 3007 1877 3068 tuum
1896 2996 1979 3087 glo-

605 3116 825 3188 riosissimum
859 3123 893 3184 et
925 3111 1150 3185 benedictum:
1187 3113 1350 3209 simulque
1381 3117 1541 3206 unigeniti
1576 3113 1650 3183 Filii
1686 3117 1730 3184 tui
1768 3125 1801 3185 et
1837 3110 1979 3206 Spiritus

606 3230 725 3313 sancti
752 3236 814 3299 etc.

711 3344 873 3437 Populus.
927 3344 1029 3416 Sicut.

712 3458 895 3530 Sacerdos.
949 3460 1033 3531 Pax.

714 3574 875 3668 Populea.
928 3572 1072 3645 Etcum
1099 3577 1215 3670 spiritu
1242 3585 1310 3648 tuo.

712 3687 897 3761 Sacerdos.
950 3688 1204 3762 Misericordiae
1233 3691 1307 3761 Dei.

713 3802 874 3898 Populus.
927 3804 1071 3876 Etcum
1100 3807 1216 3899 spiritu
1243 3813 1309 3876 tuo.

712 3918 900 3992 Diaconos.
952 3919 1073 3991 lterum
1101 3929 1201 4014 atque
1227 3924 1355 3992 iterum.

635 4190 813 4263 Sacerdos
835 4197 970 4285 frangit
996 4201 1031 4265 et
1055 4199 1186 4288 ripaei:
1212 4200 1246 4264 el
1272 4194 1358 4263 dicii
1385 4195 1576 4263 orationem
1603 4196 1684 4260 onte
1711 4189 1811 4260 Pater
1832 4199 1956 4281 noster.

715 4379 935 4454 venerandus
963 4392 997 4453 et
1022 4381 1215 4454 benedictus
1244 4405 1281 4453 cs
1308 4382 1463 4471 Domine,
1490 4383 1584 4471 cujus
1603 4377 1745 4469 gloriam
1764 4375 1851 4448 coeli
1878 4398 1983 4446 enar-

610 4505 697 4585 rant,
724 4504 758 4566 et
782 4507 967 4591 potestates
995 4500 1117 4589 igneae
1144 4508 1177 4567 te
1203 4496 1334 4591 hymnis
1362 4496 1550 4568 celebrant:
1587 4498 1642 4589 qui
1675 4506 1813 4587 propter
1843 4491 1984 4565 salutem

610 4620 760 4682 nostram
787 4615 906 4685 misisti
931 4615 1136 4704 unigenitum
1162 4611 1279 4684 Filium
1307 4624 1397 4685 tuum
1423 4615 1455 4683 in
1482 4621 1620 4682 terram:
1657 4608 1772 4681 atille
1799 4607 1898 4699 homo
1924 4606 1984 4677 f-

612 4733 686 4799 otus
711 4748 773 4821 pro
801 4726 919 4815 nolim,
946 4727 1102 4800 liberavit
1128 4750 1191 4801 nos
1219 4752 1238 4799 a
1266 4733 1428 4800 servitute
1454 4731 1602 4822 peccati,
1629 4747 1759 4819 nosque
1786 4728 1818 4795 in
1846 4720 1985 4795 sublime

611 4839 843 4914 madritum
871 4844 1037 4935 clevavit,
1074 4842 1212 4939 perfecit
1239 4852 1272 4914 et
1305 4843 1543 4917 sanctificavit:
1579 4842 1691 4914 docuit
1722 4844 1821 4913 etiam
1853 4860 1916 4916 nos
1951 4846 1987 4907 ut

612 4956 797 5027 orationem
824 4967 858 5028 et
883 4981 1018 5054 precem
1047 4958 1242 5032 offerremus
1270 4957 1338 5030 tibi.
1392 4962 1444 5032 Tu
1472 4963 1570 5033 etiam
1597 4980 1685 5028 nunc
1710 4958 1924 5041 misericors,
1952 4960 1986 5021 et

612 5070 759 5143 clemens
786 5072 941 5163 Domine,
969 5075 1062 5169 reple
1087 5096 1150 5147 nos
1178 5073 1273 5147 donis
1301 5077 1431 5166 gratiae
1457 5086 1545 5162 tuae,
1573 5085 1607 5145 et
1627 5071 1797 5146 sanctifica
1825 5094 1886 5144 ora
1915 5067 1986 5138 lin-

612 5206 765 5283 guasque
797 5176 952 5278 noscas,
985 5200 1021 5262 ut
1054 5211 1138 5284 pure
1172 5199 1206 5259 et
1232 5199 1349 5263 sancta
1382 5190 1563 5262 clamemus
1600 5186 1642 5259 ad
1675 5198 1724 5274 te,
1762 5198 1796 5259 et
1828 5186 1986 5258 dicamus.

612 5298 715 5373 Pater
740 5315 857 5378 noster
884 5309 939 5401 qui
967 5329 1004 5377 es
1032 5308 1066 5376 in
1092 5303 1208 5376 coelis.

1696 5418 1776 5492 54*
