5150 6534
589 875 674 1011 x{rao
852 834 860 846 ’
1084 839 1464 950 ἰιιιιιιιιι

596 1072 687 1147 tuae,
712 1056 931 1131 mediantibus
958 1057 1100 1130 Thronis
1126 1056 1354 1144 incenduntur,
1380 1066 1416 1128 te
1441 1054 1623 1131 celebrent
1657 1056 1785 1132 Throni
1810 1062 1869 1155 qui
1893 1062 1969 1155 igne
2044 1039 2050 1054 ⁸

597 1177 777 1249 divinitatis
804 1186 882 1246 tuae
907 1172 1126 1246 mediantibus
1152 1173 1441 1246 Dominationibus
1466 1171 1719 1264 inflammantur,
1746 1185 1781 1248 te
1814 1175 1969 1249 exultant

595 1293 848 1365 Dominationes
876 1313 964 1386 quae
991 1291 1112 1363 ardore
1138 1292 1314 1384 potestatis
1336 1299 1427 1378 tuae,
1453 1288 1674 1363 mediantibus
1699 1288 1888 1365 Virtutibus
1914 1295 1970 1365 in-

596 1409 790 1497 cenduntur,
817 1417 852 1478 te
877 1406 1022 1479 laudant.
1067 1405 1216 1478 Virtutes
1246 1427 1332 1498 quae
1359 1408 1478 1477 timore
1505 1409 1552 1477 tni
1578 1406 1724 1495 timendi,
1749 1406 1969 1482 mediantibus

598 1523 777 1598 Cherubim
808 1522 999 1618 implentur,
1034 1533 1067 1594 te
1096 1522 1228 1617 hymnis
1263 1532 1478 1593 venerantur.
1532 1520 1714 1594 Cherubim
1745 1527 1803 1619 qui
1836 1522 1969 1619 brbgme

596 1641 781 1733 majestatis
808 1649 896 1727 tuae,
909 1636 1142 1728 ‚mediantibus
1169 1635 1341 1730 Seraphim
1370 1637 1530 1726 afflantur,
1556 1636 1757 1710 benedicunt
1783 1638 1852 1712 tibi.
1898 1640 1968 1714 Se·

596 1755 725 1852 raphim
758 1758 814 1848 qui
845 1754 935 1826 nullo
968 1754 1164 1826 intermedio
1192 1751 1234 1824 ab
1270 1756 1345 1848 ipso
1379 1758 1568 1827 sanctuario
1603 1753 1861 1847 sartaginae
1895 1751 1969 1831 tuae

470 1967 474 1976 Ι
596 1870 829 1958 illuminantur,
864 1881 898 1941 te
931 1870 1155 1942 sanctificant:
1188 1891 1255 1941 una
1288 1891 1378 1943 voce
1404 1870 1609 1966 triumphali,
1642 1870 1727 1943 alter
1759 1871 1805 1943 ad
1829 1871 1969 1946 alterurn

596 1985 773 2072 volantes,
807 1984 849 2057 ab
880 2007 947 2057 uno
982 1984 1099 2057 ordine
1135 1984 1177 2056 ad
1210 1984 1310 2058 alium
1343 1989 1551 2081 superiorem
1584 1986 1740 2083 hymnum
1774 1986 1970 2080 dirigentes,

596 2102 718 2193 linguis
744 2099 953 2196 politioribus
981 2125 1079 2197 qoam
1105 2100 1208 2194 gladii
1234 2104 1334 2188 acuti,
1361 2100 1475 2173 oribus
1501 2105 1613 2194 gnam
1633 2102 1807 2176 ardentem
1831 2108 1970 2201 spirau-

597 2216 695 2304 tibus,
721 2216 863 2288 vocibus
891 2217 1051 2307 tremulis,
1078 2217 1138 2290 sed
1165 2217 1419 2306 resonantibus,
1452 2217 1536 2288 ultra
1572 2241 1671 2314 quam
1698 2228 1828 2291 mentes
1856 2230 1970 2293 terre-

596 2355 715 2405 norum
750 2331 1035 2427 comprehendere
1070 2333 1225 2423 valeant,
1262 2335 1470 2424 majestatem
1502 2343 1591 2407 tuam
1627 2335 1713 2429 quae
1745 2334 1903 2407 omnibus
1937 2347 1971 2410 ut

598 2459 714 2523 essent
740 2446 842 2539 dedit,
868 2449 1066 2540 glorificant,
1093 2450 1248 2539 clamant,
1275 2447 1503 2521 vociferantur
1529 2458 1564 2521 et
1590 2448 1709 2521 dicum.

701 2564 863 2657 Populus.
917 2565 1072 2653 Sanctus,
1099 2575 1163 2637 etc.

700 2679 876 2753 Sacerdos
901 2681 1094 2752 inclinatos.
1148 2681 1290 2754 Sanctus
1324 2690 1357 2750 et
1390 2678 1651 2752 sanctificatione
1684 2680 1902 2755 venerandus
1930 2706 1968 2756 es

596 2798 689 2869 Dens
715 2795 827 2884 Pater,
855 2820 929 2869 cum
954 2796 1040 2870 Filio
1069 2806 1124 2869 tuo
1153 2795 1371 2885 misericordi,
1399 2805 1432 2866 et
1458 2795 1582 2890 Spiritu
1607 2806 1664 2869 hro
1693 2795 1901 2888 vivificante,
1926 2798 1968 2871 ab

597 2913 744 2984 excelsis
772 2921 805 2983 et
831 2911 1057 3002 inferioribus,
1084 2916 1205 3005 igneis,
1232 2922 1265 2983 et
1292 2914 1482 3007 corporeis,
1508 2914 1550 2983 iis
1577 2915 1633 3006 qui
1657 2912 1828 2986 intellectu
1856 2927 1891 2988 et
1915 2920 1970 3011 qui

597 3024 673 3097 solo
702 3049 803 3100 sensu
837 3029 977 3124 praediti
1011 3040 1105 3119 sunt3
1138 3031 1231 3120 cujus
1266 3029 1408 3101 bonitati
1439 3027 1656 3101 absconditae
1687 3033 1797 3102 visum
1832 3042 1903 3121 est,
1934 3042 1969 3104 ut

596 3163 666 3213 non
692 3143 785 3216 solus
811 3143 977 3235 gauderes
1004 3144 1285 3240 contemplatione
1311 3148 1410 3236 regni
1444 3147 1490 3216 tui
1525 3147 1663 3233 aeterni,
1696 3143 1757 3217 sed
1783 3166 1847 3240 per
1874 3149 1967 3217 cari-

596 3267 698 3332 tatem
740 3270 774 3331 et
811 3258 992 3332 bonitatem
1029 3260 1190 3333 revelasti
1223 3258 1420 3333 abscondita
1454 3271 1593 3333 naturae
1624 3271 1702 3331 tuae
1742 3269 1904 3351 sanctae,
1934 3272 1968 3334 et

598 3386 738 3447 exortus
766 3386 819 3449 est
849 3376 1008 3471 splendor
1033 3377 1238 3450 substantiae
1265 3387 1352 3465 tuae,
1381 3388 1413 3449 et
1428 3376 1539 3449 radius
1556 3377 1733 3449 divinitatis
1761 3385 1851 3460 tuae,
1872 3374 1966 3448 Ver-

597 3487 675 3561 bum
708 3501 880 3563 aetcrnum
913 3515 981 3565 non
1015 3491 1217 3588 temporale,
1253 3492 1522 3588 resplenduitqne
1561 3495 1667 3585 igneis
1708 3490 1900 3586 spiritibus,
1933 3502 1967 3564 et

598 3608 716 3698 igneus
744 3610 837 3679 visus
865 3617 917 3680 est
943 3607 1113 3679 adeorum
1133 3608 1390 3681 similitudinem:
1417 3632 1526 3704 neque
1540 3619 1673 3716 secutus
1694 3608 1835 3704 amplius
1852 3630 1966 3680 corum

596 3724 754 3814 vestigia,
781 3722 823 3793 ad
850 3733 1004 3795 terrenos
1031 3723 1159 3797 delatus
1187 3734 1251 3814 est,
1278 3724 1386 3797 factus
1414 3736 1466 3797 est
1493 3736 1643 3797 terrenus
1660 3724 1702 3796 ad
1723 3723 1966 3796 similitudinem

597 3860 726 3927 eorum,
754 3837 795 3908 ad
823 3861 884 3910 eos
912 3839 1112 3931 dirigendos,
1141 3840 1373 3912 demonstrans
1402 3845 1452 3912 eis
1478 3844 1567 3912 viam
1593 3863 1655 3936 per
1682 3862 1781 3934 quam
1808 3838 1853 3911 ad
1880 3861 1965 3935 pro-

597 3956 699 4025 missa
727 3963 781 4025 tua
809 3957 1039 4049 pervenirent,
1067 3960 1236 4050 vitamque
1261 3956 1394 4028 beatam
1422 3966 1724 4051 consequerentnr3
1756 3958 1834 4050 quia
1861 3957 1964 4027 omnia

597 4068 753 4164 impedita
780 4081 814 4140 et
840 4093 972 4166 aspera,
999 4071 1110 4142 facilia
1137 4081 1213 4142 sunt
1238 4095 1352 4145 coram
1380 4083 1422 4144 te.

700 4185 849 4256 Elecoas
868 4209 994 4257 uocem.
1049 4188 1114 4272 Qui
1140 4211 1215 4259 cum
1240 4188 1345 4260 vellet
1370 4200 1507 4281 gustare
1532 4188 1670 4260 calicem
1685 4191 1816 4277 mortis,
1843 4198 1877 4260 ut
1902 4209 1963 4260 nos

596 4300 756 4373 mortales
783 4302 989 4375 confortaret
1020 4313 1054 4374 et
1084 4304 1296 4376 confirmaret
1327 4304 1490 4379 adversus
1522 4316 1663 4377 mortem
1694 4304 1838 4376 naturali
1868 4302 1963 4379 nobis

595 4416 675 4514 lege
702 4421 921 4505 constitutam,
949 4419 1221 4514 descendereque
1248 4420 1291 4491 ad
1317 4420 1520 4516 sepultorum
1546 4418 1723 4515 abyssum,
1756 4443 1801 4492 ne
1833 4419 1880 4490 illi
1904 4422 1963 4492 vi·

593 4532 693 4603 tilica
720 4536 912 4608 visitatione
938 4537 1162 4630 privarentur,
1189 4539 1223 4607 in
1245 4559 1285 4608 ea
1308 4547 1407 4609 nocte
1425 4560 1512 4631 quae
1534 4537 1608 4609 finis
1625 4538 1753 4608 etinitii
1773 4536 1847 4622 luit,
1867 4534 1962 4607 ἰο-

593 4651 683 4743 cepit
722 4671 842 4744 panem
882 4650 1067 4746 perfectum
1099 4653 1133 4722 iu
1166 4675 1282 4725 manus
1318 4676 1395 4726 suas
1429 4653 1545 4749 plenas
1578 4651 1885 4740 benedictionibus,
1917 4674 1962 4724 ex

595 4786 661 4856 quo
689 4770 907 4861 compositum
934 4766 995 4838 luit
1021 4789 1144 4862 corpus
1173 4771 1246 4860 ejus
1273 4780 1440 4857 sanctum,
1467 4773 1500 4841 in
1526 4767 1667 4861 Virgine
1692 4768 1780 4841 thori
1805 4767 1961 4841 maritalis

596 4891 747 4973 experte,
777 4904 891 4953 coram
918 4881 1133 4955 familiaribus
1162 4887 1250 4957 suis:
1276 4889 1403 4976 gratias
1430 4907 1549 4977 agens,
1575 4892 1596 4967 †
1622 4882 1805 4973 benedirrit,
1831 4892 1852 4967 †
1878 4905 1962 4957 san-

596 4994 764 5087 ctificavit,
790 5004 811 5079 †
838 4997 997 5090 etfregit
1023 4998 1124 5086 illum,
1152 4999 1328 5095 divisitque
1352 5001 1442 5075 illum
1477 5005 1511 5073 in
1540 5010 1671 5096 partes,
1707 5011 1742 5072 et
1775 5000 1866 5072 dedit
1889 5021 1963 5072 eum

596 5107 768 5182 duodecim
796 5116 863 5185 suis
890 5118 1012 5205 sociis,
1045 5124 1079 5186 et
1112 5114 1210 5187 dixit:
1236 5117 1410 5213 Accipite,
1443 5116 1656 5189 manducate:
1683 5115 1778 5189 llaec
1806 5128 1860 5190 est
1883 5137 1962 5189 earo

596 5246 671 5296 mea
698 5250 783 5321 quae
810 5252 871 5323 pro
905 5232 1024 5317 vohis,
1057 5241 1090 5302 et
1116 5254 1178 5326 pro
1211 5232 1320 5304 multis
1346 5236 1452 5305 vestri
1478 5233 1637 5307 similibus
1663 5233 1847 5325 frangitur,
1876 5255 1962 5306 san·

595 5339 768 5431 comentur,
795 5352 828 5415 et
853 5343 961 5437 datur,
988 5346 1031 5418 ad
1058 5345 1270 5420 abolitionem
1299 5350 1481 5439 cuminum,
1508 5359 1542 5420 et
1568 5351 1669 5422 vitam
1697 5360 1878 5422 aeternam.
