5150 6534
598 833 676 908 474
1100 828 1464 907 brunstatt

700 1016 861 1109 Populos.
914 1015 1060 1107 Dignum
1087 1025 1121 1086 et
1144 1017 1270 1105 justum
1296 1025 1358 1088 est.

701 1132 877 1204 Sacerdos
903 1131 1094 1201 inclinatus.
1146 1130 1239 1202 Vere
1272 1130 1409 1223 dignum
1441 1140 1477 1202 et
1505 1134 1630 1222 justum
1664 1141 1735 1221 est,
1775 1140 1813 1204 ut
1845 1131 1977 1225 gratiss

598 1270 736 1340 agamus
763 1248 832 1333 tibi,
859 1257 893 1318 te
919 1245 1157 1338 glorificemus,
1183 1255 1218 1317 te
1245 1244 1444 1334 adoremus,
1472 1257 1506 1317 et
1531 1243 1703 1317 laudemus
1728 1246 1846 1337 Deus,
1873 1246 1977 1320 Pater

597 1362 789 1435 coelestium
818 1371 851 1433 et
878 1363 1082 1432 terrestrium
1109 1363 1271 1449 Domine,
1297 1361 1417 1433 Filium
1445 1370 1534 1433 tuum
1560 1362 1764 1452 unigenitum
1798 1372 1834 1436 et
1858 1362 1975 1458 Spiri-

598 1488 665 1550 tum
692 1491 782 1549 tuum
810 1489 970 1549 sanctum.

701 1593 853 1664 Elccooc
877 1614 1004 1664 ccccm.
1056 1592 1150 1662 Tuae
1176 1600 1252 1663 sunt
1277 1592 1432 1677 Domine,
1460 1613 1578 1663 omnes
1605 1606 1782 1666 creaturae
1818 1615 1908 1688 quae
1941 1596 1974 1664 in

598 1710 716 1795 coelis,
743 1718 777 1779 et
803 1712 948 1801 quaein
976 1718 1064 1779 terra
1092 1718 1180 1792 sunt,
1207 1715 1241 1777 et
1267 1717 1301 1778 te
1328 1707 1554 1779 indesinenter
1580 1707 1774 1800 glorificant
1815 1709 1869 1780 'le
1895 1708 1973 1779 leu-

599 1825 655 1895 dat
680 1825 749 1895 sol:
777 1836 810 1895 te
838 1823 915 1895 luna
943 1833 1141 1908 veneratur,
1176 1832 1209 1892 te
1244 1844 1403 1913 magnum
1434 1822 1607 1918 praedicat
1639 1824 1811 1897 stellarum
1838 1846 1972 1916 agmen,

600 1952 634 2012 te
661 1937 833 2011 celebrant
859 1942 981 2025 maria,
1018 1950 1051 2009 et
1085 1940 1193 2009 omnia
1229 1960 1315 2032 quae
1351 1941 1384 2008 in
1411 1942 1462 2011 eis
1489 1948 1573 2010 sunt.
1626 1939 1733 2011 Terra
1767 1960 1854 2011 vero
1888 1960 1971 2033 quae

601 2066 654 2125 est
680 2052 861 2126 scabellum
894 2053 956 2126 sub
989 2053 1129 2147 pedibus
1162 2056 1247 2140 tuis,
1275 2053 1393 2126 adorat
1418 2063 1470 2143 te,
1503 2065 1537 2125 et
1570 2054 1736 2153 glorificat
1766 2053 1969 2127 divinitatem

600 2181 688 2240 tuam
714 2171 749 2238 in
774 2167 938 2249 Ecclesia,
964 2167 1019 2240 illa
1053 2191 1140 2261 quae
1166 2168 1309 2263 hymnos
1335 2189 1439 2262 puros
1473 2167 1516 2239 ad
1549 2177 1582 2240 te
1616 2172 1706 2240 canit
1738 2192 1799 2242 ore
1834 2169 1971 2241 liliorum

601 2307 753 2357 suorum:
788 2306 850 2377 per
877 2287 1033 2354 vaticinia
1059 2283 1320 2378 Prophetarum,
1357 2305 1418 2377 per
1454 2287 1587 2375 agmina
1621 2284 1882 2378 Apostolorum,
1913 2305 1970 2378 ρετ

599 2399 738 2470 caedem
765 2407 799 2469 et
824 2398 1058 2492 lapidationem
1087 2409 1279 2493 martyrum,
1306 2421 1367 2492 ρετ
1395 2402 1592 2489 sanguinem
1625 2402 1848 2493 suspirantem
1876 2396 1969 2471 Con·

598 2514 777 2599 lassorum,
803 2536 865 2607 ρετ
892 2514 1074 2586 doctrinam
1102 2517 1307 2602 Doctorum,
1341 2536 1405 2608 per
1437 2513 1633 2608 praeclaros
1666 2537 1779 2587 mores
1812 2514 1968 2605 Religio-

599 2651 723 2716 sorum,
750 2652 811 2724 per
838 2629 979 2701 sudores
1006 2629 1221 2716 etlabores,
1249 2650 1365 2700 eorum
1398 2633 1453 2722 qui
1487 2628 1696 2701 voluntariae
1722 2652 1761 2701 se
1787 2632 1967 2726 paupertati

599 2744 811 2815 addixerunt:
838 2766 899 2838 per
926 2744 1065 2817 familias
1088 2749 1236 2841 piorum:
1264 2767 1326 2840 per
1348 2755 1464 2817 coetus
1487 2749 1669 2838 justorum:
1695 2767 1757 2841 per
1783 2744 1874 2819 festa
1889 2746 1968 2817 Vir-

599 2863 724 2950 ginum,
755 2881 816 2953 per
843 2860 1048 2931 sedulitatem
1081 2860 1352 2944 Nazaraeorum,
1380 2875 1442 2954 per·
1478 2863 1756 2933 exercitationem
1782 2860 1969 2934 lllonacho·

600 2998 687 3045 rum:
714 2997 776 3068 per
802 2978 1023 3068 privationem
1052 2986 1086 3047 et
1113 2979 1341 3048 secessionem
1366 2976 1606 3048 solitariomm:
1633 2999 1695 3072 ρετ
1719 2980 1969 3071 peregrinorum

598 3092 869 3185 persecutiones:
902 3115 964 3186 ρετ
997 3096 1232 3164 necessitatem
1265 3114 1464 3185 pauperum:
1500 3114 1562 3185 ρετ
1594 3092 1763 3187 lacrymas
1790 3095 1969 3188 poeniten·

599 3208 689 3295 tium,
715 3227 777 3300 per
803 3204 1040 3302 eleemosynas
1067 3207 1346 3279 misericordium:
1373 3229 1434 3301 per
1461 3209 1605 3301 suspiria
1625 3229 1739 3279 eorum
1767 3212 1823 3302 qui
1849 3230 1969 3302 perse·

599 3324 763 3391 cntionem
790 3326 970 3416 patiuntur:
997 3345 1059 3417 per
1086 3324 1318 3417 quodcumque
1334 3323 1468 3393 tandem
1493 3343 1601 3413 genus
1635 3344 1792 3394 verorum
1819 3322 1967 3395 fidelium.

601 3432 740 3507 Coelum
778 3441 877 3509 etiam
911 3442 943 3508 in
976 3437 990 3473 ²
1023 3439 1126 3511 tribus
1163 3437 1328 3509 Ecclesiis
1361 3437 1484 3509 ibidem
1517 3437 1694 3526 ordinatis,
1730 3441 1763 3509 in
1795 3437 1860 3510 illis
1888 3441 1967 3510 enim

599 3551 794 3642 celebraris,
821 3552 1021 3645 glorificaris
1048 3565 1081 3625 et
1107 3554 1272 3643 laudaris,
1299 3577 1361 3648 per
1388 3553 1627 3625 indesinentem
1654 3554 1787 3624 laudum
1813 3553 1967 3626 celebra-

599 3670 731 3751 tionem,
760 3666 891 3763 hpmnis
917 3671 1008 3764 puris
1037 3682 1070 3741 et
1097 3673 1234 3757 sanctis,
1261 3669 1395 3740 citharis
1421 3667 1591 3755 suavibus,
1618 3680 1651 3740 et
1675 3669 1842 3759 jucundis,
1870 3667 1967 3740 exal·
2034 3739 2036 3743 .

480 3864 489 3871 ‚
597 3782 775 3854 talionibus
803 3784 1003 3874 magnificis,
1032 3795 1065 3855 et
1093 3783 1357 3880 triumphalibuS,
1392 3784 1486 3855 lestis
1521 3794 1554 3854 et
1587 3787 1725 3855 canticis
1762 3806 1849 3877 quae
1884 3781 1967 3854 nullo

597 3897 742 3987 silentio,
770 3909 825 3968 aut
850 3898 915 3969 line
943 3904 1166 3984 terminantur,
1196 3901 1310 3971 oribus
1338 3902 1416 3990 igne
1443 3903 1632 3971 succensis:
1666 3898 1723 3970 ubi
1757 3897 1848 3970 mille
1875 3897 1968 3971 millia

594 4023 628 4082 ot
655 4014 825 4109 myriades
853 4015 1038 4110 myriadum
1066 4040 1085 4087 a
1112 4015 1303 4088 laudatione
1329 4037 1396 4085 non
1424 4018 1607 4108 quiescunt,
1634 4015 1757 4106 linguis
1784 4018 1814 4087 si
1841 4015 1968 4107 quidem

591 4137 667 4197 sunt
692 4150 760 4200 non
788 4135 933 4218 carneis,
960 4131 1019 4202 sed
1047 4129 1220 4218 flammeis,
1248 4140 1281 4200 et
1308 4129 1516 4224 praeclaram
1538 4127 1661 4200 habent
1687 4128 1878 4201 facundiam
1892 4132 1965 4225 spi-

595 4245 693 4314 ritus:
726 4266 788 4336 ρετ
820 4249 947 4316 cantica
984 4248 1184 4318 suavissima
1222 4245 1449 4337 Angelorum,
1491 4267 1554 4339 per
1585 4244 1711 4337 jubilos
1746 4248 1968 4339 incorporeos

593 4355 900 4456 Archangelorum,
927 4384 988 4456 per
1016 4384 1122 4433 voces
1148 4360 1336 4433 modulatas
1372 4361 1637 4454 Principatuum,
1671 4382 1732 4454 ρετ
1758 4359 1968 4456 splendorem

594 4471 820 4562 Potestatum,
847 4498 909 4570 per
936 4476 1102 4549 clamores
1130 4475 1295 4549 terribiles
1323 4478 1609 4562 Dominationnm,
1636 4498 1698 4570 per
1725 4479 1861 4567 agmina
1888 4474 1970 4545 Vir-

594 4596 709 4677 tutum,
736 4612 797 4683 per
825 4593 967 4662 eximias
995 4614 1101 4663 voces
1129 4593 1360 4664 Thronorum:
1390 4614 1450 4686 ρετ
1479 4595 1623 4664 tonitrua
1649 4588 1809 4663 terribilia
1838 4586 1972 4660 Cheru-

597 4699 683 4792 bim,
719 4727 780 4797 ρετ
814 4706 948 4777 volatus
980 4707 1136 4779 ardentes
1173 4706 1346 4801 Seraphim
1382 4730 1446 4779 sex
1480 4708 1552 4779 alas
1583 4706 1790 4794 habentium,
1823 4706 1879 4798 qui
1904 4725 1971 4776 uno

598 4817 796 4913 aequalique
831 4824 917 4890 inter
949 4844 1066 4894 omnes
1098 4821 1221 4914 jubilo,
1249 4822 1456 4914 glorificant,
1484 4824 1645 4912 clamant,
1679 4820 1908 4893 vociferantur
1940 4829 1973 4890 et

599 4930 719 5003 dicunt.

703 5048 865 5141 Populos.
918 5051 1070 5123 Sanctus
1098 5049 1253 5125 Sanctus.
1281 5052 1434 5124 sancus.

702 5161 878 5236 Sacerdos
911 5166 1102 5235 ioclioolos.
1158 5167 1249 5238 Vere
1286 5169 1373 5238 enim
1410 5176 1545 5238 sanctus
1583 5185 1636 5252 es,
1671 5164 1835 5238 Dominus
1871 5166 1974 5236 etiam

596 5297 637 5345 ac
671 5275 750 5349 Rex
783 5283 949 5373 omnium,
983 5305 1058 5353 cum
1093 5283 1267 5375 unigenito
1299 5282 1383 5354 Filio
1418 5291 1494 5374 tuo,
1527 5291 1560 5351 et
1592 5279 1719 5376 Spiritu
1752 5287 1870 5354 sancto
1901 5288 1973 5371 ttro,
