5150 6534
758 863 811 938 28
969 945 972 950 ,
1032 863 1173 940 otoo
1214 861 1849 943 tonnuttstttttutnt

857 1050 1040 1122 Incensura.
1092 1051 1128 1122 In
1165 1050 1301 1123 odorem
1336 1054 1509 1124 suavitatis
1540 1051 1583 1124 sit
1618 1055 1727 1125 servis
1766 1054 1830 1124 tuis
1866 1062 1901 1124 et
1937 1053 2119 1131 ancillahus

752 1171 817 1240 tuis
845 1168 1040 1241 sacrificium
1066 1166 1154 1260 quod
1182 1165 1358 1238 obtulimus
1385 1188 1447 1261 pro
1474 1166 1537 1239 illis
1562 1164 1679 1239 hodic:
1705 1166 1898 1261 adquiescat
1922 1171 1957 1240 in
1983 1192 2024 1243 co
2039 1174 2121 1245 Do-

618 1319 622 1324 ·
752 1286 840 1355 mine
866 1284 1020 1355 voluntas
1047 1293 1123 1373 tua,
1150 1293 1184 1354 et
1211 1286 1355 1378 quietem
1381 1282 1444 1355 illis
1471 1293 1605 1379 praesta
1631 1304 1693 1377 per
1724 1284 1985 1356 misericordiam
2017 1296 2120 1378 tuam,

752 1422 857 1491 nunc,
883 1410 945 1471 etc.
1758 1404 1769 1417 “

855 1515 1029 1587 Sacerdos
1054 1515 1163 1585 induit
1187 1519 1299 1586 cesten
1325 1515 1523 1585 ordinarios
1546 1536 1645 1601 auus,
1672 1519 1707 1584 et
1720 1513 1804 1585 dicit
1820 1516 2016 1587 Orationem
2030 1521 2119 1611 finio.

855 1631 893 1704 Si
918 1630 1060 1727 Moyses
1085 1632 1188 1702 vitam
1215 1629 1304 1701 dedit
1329 1629 1518 1716 Israelitac,
1546 1632 1601 1723 qui
1627 1640 1848 1724 peccaverat,
1881 1653 1942 1725 per
1974 1636 2118 1725 sangui-

746 1770 827 1817 nem
854 1746 1054 1820 animalium:
1081 1748 1336 1840 quantomagis
1368 1748 1502 1817 veniam
1534 1756 1780 1839 consequentur
1813 1746 1958 1819 defuncti
1989 1747 2118 1838 fideles,

746 1887 813 1959 per
847 1861 1042 1935 sacrificium
1076 1865 1192 1934 virtum
1227 1860 1317 1956 quod
1349 1883 1412 1957 pro
1445 1860 1509 1934 illis
1543 1860 1689 1933 oblatum
1722 1872 1783 1934 cst
1842 1860 1948 1959 Kyrie
1979 1862 2118 1940 eleison.

752 1981 894 2051 Domine
920 1983 1081 2051 miserere
1106 1980 1224 2049 nostri.
1276 1978 1377 2049 Pater
1403 1988 1527 2048 noster.

798 2179 801 2188 Ι
858 2094 1055 2186 Odetpnotio
1082 2115 1143 2168 seu
1169 2093 1373 2165 benedictio.
1398 2094 1433 2165 A
1456 2094 1546 2165 vivis
1573 2113 1657 2187 quos
1690 2113 1894 2183 conservas,
1929 2117 1950 2165 a
1980 2100 2118 2170 mortuis

746 2231 836 2305 -quos
862 2211 1060 2299 resuscites,
1089 2219 1123 2281 et
1148 2209 1190 2281 ab
1219 2211 1307 2281 omni
1335 2217 1505 2296 creatura,
1532 2230 1630 2301 quam
1656 2210 1796 2279 creavit
1812 2219 1868 2280 aut
1893 2220 1986 2283 creat
2005 2214 2119 2304 maje-

747 2337 822 2400 stas
848 2335 922 2417 tua,
955 2325 1028 2398 laus
1063 2325 1229 2397 referatur
1255 2345 1432 2420 supremae
1457 2326 1615 2420 potestati
1639 2333 1732 2395 tuae:
1758 2324 1877 2416 Pater,
1903 2325 1966 2397 Fili
1978 2338 2011 2400 et
2032 2328 2118 2424 Spi-

748 2447 833 2516 ritus
860 2452 1000 2530 sancte‚
1027 2463 1132 2530 nunc,
1159 2450 1222 2511 etc.

853 2559 1050 2630 Prosternet
1074 2579 1112 2628 ee
1138 2578 1255 2627 coram
1281 2555 1387 2626 attari
1413 2561 1483 2642 ter,
1511 2560 1546 2625 et
1570 2555 1662 2625 dicit.

854 2673 892 2745 ln
927 2674 1057 2764 domum
1090 2681 1204 2762 tuam,
1242 2673 1354 2758 Dens,
1387 2672 1540 2758 introivi,
1572 2679 1606 2741 et
1639 2691 1753 2742 coram
1780 2673 1866 2745 solio
1893 2682 1950 2744 tuo
1977 2673 2120 2749 adoravi

750 2789 833 2861 Rex
859 2788 1033 2862 coelestis:
1059 2811 1162 2885 parce
1188 2787 1265 2859 mihi
1292 2809 1377 2882 quae
1404 2791 1544 2881 peccavi
1570 2785 1638 2857 tihi.

857 2906 1038 2977 Oscolotor
1063 2927 1211 2975 mensam
1235 2907 1345 2991 citae,
1372 2904 1521 2996 dicitque
1546 2901 1810 2996 eoepit-atonem
1836 2910 1871 2975 et
1897 2928 1970 2975 com
1983 2910 2120 3001 offecto.

852 3020 954 3092 Mane
979 3024 1013 3091 in
1031 3041 1125 3115 ¹pace
1151 3020 1256 3091 altare
1283 3030 1444 3109 sanctum,
1471 3029 1505 3090 et
1531 3017 1675 3089 divinum
1698 3017 1847 3090 Domini:
1874 3026 1990 3094 nescio
2007 3033 2116 3095 utrum

749 3145 904 3209 revertar
932 3136 974 3208 ad
1001 3146 1043 3225 te,
1071 3158 1186 3207 necne.
1214 3135 1368 3208 Praestet
1394 3134 1554 3206 Dominus
1581 3131 1675 3220 mihi,
1703 3143 1739 3205 ut
1763 3143 1798 3204 te
1822 3132 1957 3207 videam
1982 3139 2016 3208 in
2041 3136 2117 3211 Ec-

751 3254 854 3326 clesia
887 3256 1181 3349 primogenitorum
1215 3252 1369 3339 coelesti,
1399 3259 1440 3335 et
1473 3272 1575 3345 super
1607 3248 1674 3322 hoc
1705 3259 1934 3322 testamentum
1966 3252 2118 3326 fiduciam

751 3368 868 3441 habeo.
902 3370 1002 3440 Mane
1041 3372 1073 3439 in
1104 3391 1189 3463 pace
1223 3366 1327 3438 altare
1360 3351 1510 3437 sanctum
1541 3375 1575 3437 et
1607 3368 1886 3461 propitiatorium,
1930 3390 2118 3466 corpusque

751 3495 901 3555 sanctum
930 3494 963 3555 et
989 3488 1126 3575 sanguis
1153 3484 1399 3579 propitiatorius
1433 3503 1518 3576 quae
1551 3503 1598 3552 ex
1623 3490 1657 3553 te
1683 3485 1833 3578 suscepi,
1867 3487 1932 3556 sint
1965 3484 2041 3556 mihi
2076 3486 2120 3558 ad

752 3601 976 3692 expiationem
1004 3599 1198 3669 delictorum
1231 3608 1265 3669 et
1295 3599 1525 3670 remissionem
1555 3607 1788 3691 pcccatorum,
1822 3611 1856 3671 et
1891 3600 1933 3672 ad
1967 3600 2119 3673 fiduciam

751 3737 868 3786 coram
895 3712 1012 3785 throno
1039 3712 1178 3785 terribili
1203 3713 1338 3785 Domini
1366 3721 1399 3783 et
1423 3712 1489 3783 Dei
1514 3716 1618 3783 nostri
1644 3714 1836 3787 insaecula.
1857 3716 1958 3788 Mane
1984 3720 2018 3788 in
2034 3739 2119 3812 pace

754 3830 857 3902 altare
884 3840 1033 3901 sanctum
1060 3841 1093 3902 et
1119 3851 1233 3902 mensa
1265 3832 1367 3917 vitae,
1395 3837 1429 3900 et
1461 3828 1644 3922 deprecare
1677 3852 1740 3924 pro
1772 3852 1826 3902 me
1859 3834 2119 3931 misericordiam

754 3945 944 4018 aDomino
971 3957 1088 4018 nostro
1123 3946 1205 4019 Jesn
1234 3943 1383 4033 Christo,
1416 3955 1451 4016 ut
1484 3965 1649 4039 nunquam
1683 3968 1815 4019 cessem
1847 3953 2041 4021 memoriam
2072 3951 2119 4021 tui

749 4083 903 4150 servare,
932 4084 978 4133 ex
1004 4062 1068 4135 hoc
1094 4083 1180 4134 nunc
1208 4072 1241 4133 et
1266 4083 1373 4158 usque
1398 4064 1432 4131 in
1458 4060 1592 4134 saecula
1619 4062 1836 4135 saeculorum.
1862 4065 1981 4139 Amen.

1157 4413 1706 4465 ψ
