5150 6534
760 862 763 868 ’
856 876 1729 957 s.urnurlnournorrot
1824 876 1977 952 aaa

601 1064 752 1156 llnmine,
779 1074 814 1137 et
838 1066 925 1137 sicut
950 1064 1069 1159 reliqui
1095 1067 1266 1137 criminum
1292 1067 1343 1135 rei
1369 1062 1533 1138 inclinasti
1555 1075 1655 1160 caput
1681 1075 1769 1137 tuum
1789 1064 1976 1159 Baptistae:

603 1186 658 1277 qni
681 1183 845 1273 jeJunasti
866 1190 1020 1274 tanquam
1054 1180 1172 1267 bomo,
1208 1177 1452 1273 confudistique
1484 1190 1519 1251 et
1552 1177 1726 1251 humiliasti
1763 1188 1979 1253 tentatorem:

602 1299 657 1392 qui
683 1295 834 1392 colaphis
861 1317 983 1367 caesus
1011 1318 1049 1367 es
1076 1298 1109 1365 in
1143 1296 1335 1390 praetorio,
1371 1304 1406 1364 et
1438 1305 1593 1390 tanquam
1627 1293 1823 1368 malefactor
1859 1298 1979 1367 stetisti

602 1434 719 1485 coram
749 1411 877 1505 jndice:
919 1414 974 1505 qui
1007 1420 1168 1481 extensus
1202 1432 1304 1506 super
1339 1432 1491 1499 erucem,
1525 1420 1559 1480 et
1593 1414 1680 1480 inter
1711 1407 1860 1480 latrones
1885 1409 1977 1501 ligno

602 1528 719 1599 affixus
746 1526 854 1598 inisti:
881 1528 936 1619 qui
962 1512 1132 1620 depositus
1159 1524 1249 1597 fuisti
1285 1538 1320 1596 et
1352 1526 1462 1597 linteis
1494 1535 1649 1620 tanquam
1684 1524 1837 1616 indigens
1872 1528 1979 1597 invo-

602 1640 707 1713 lutus:
735 1646 790 1737 qni
818 1665 892 1713 cum
919 1642 1028 1732 gloria
1055 1643 1285 1730 resurrexisti,
1313 1650 1347 1711 et
1373 1650 1528 1735 tanquam
1560 1652 1679 1736 potens
1712 1634 1830 1736 rupisti
1861 1645 1978 1713 mortis
2110 1646 2114 1656 '

603 1758 751 1829 vincula:
780 1761 835 1852 qui
861 1756 1040 1829 ascendisti
1067 1760 1101 1827 in
1128 1756 1277 1842 coelum,
1305 1767 1340 1827 et
1367 1755 1506 1827 effudisti
1534 1778 1635 1851 snper
1662 1779 1726 1827 nos
1739 1754 1862 1827 donum
1888 1767 1979 1827 tuum

602 1872 781 1946 ineffabile:
809 1877 864 1966 qui
891 1895 965 1945 cnm
992 1871 1140 1959 bonore,
1168 1872 1348 1967 splendore
1375 1882 1409 1943 et
1435 1871 1544 1963 gloria
1570 1871 1857 1943 Patrisventnrns
1877 1871 1979 1942 asad

599 1986 798 2080 judicandas
825 1999 1014 2075 creaturas,
1042 2009 1223 2081 omnesque
1250 1986 1401 2059 homines
1428 1985 1470 2058 ad
1497 1990 1600 2057 vitam
1626 1985 1806 2058 revocabis
1823 1996 1857 2057 et
1874 1990 1978 2058 exci-

586 2094 690 2175 'tatis
715 2106 749 2173 in
775 2106 863 2174 nictu
890 2102 987 2174 oculi.
1041 2104 1092 2174 Te
1118 2103 1261 2175 Domine
1289 2101 1411 2175 multae
1438 2102 1689 2173 misericordiae
1712 2100 1930 2174 obsecramus
1945 2108 1980 2172 et

603 2217 841 2313 deprecamur,
877 2228 976 2313 atque
1010 2242 1028 2288 a
1065 2228 1099 2288 te
1134 2240 1228 2312 spem
1261 2220 1352 2288 vitae
1368 2228 1522 2289 nostrae
1556 2228 1591 2288 et
1622 2217 1762 2289 salntem
1795 2220 1979 2289 animarum

602 2345 790 2406 nostrarum
816 2334 1040 2429 postulamus,
1080 2344 1116 2404 ut
1149 2356 1216 2405 non
1250 2356 1333 2425 agas
1367 2332 1539 2404 nobiscnm
1576 2332 1756 2404 secundum
1789 2336 1977 2426 iniquitates

601 2454 757 2538 nostras,
783 2470 892 2543 neque
919 2447 1084 2522 retribuas
1111 2448 1209 2521 nobis
1236 2448 1416 2521 secundum
1444 2448 1560 2518 merita
1593 2459 1717 2519 nostra.
1770 2447 1863 2520 Vere
1890 2450 1977 2519 enim

602 2565 768 2652 Domine,
794 2566 924 2659 inique,
956 2567 1056 2660 impie
1090 2577 1125 2635 et
1157 2567 1351 2657 insipienter
1385 2567 1531 2654 egimus,
1565 2572 1663 2655 teque
1699 2563 1740 2633 ad
1775 2563 1976 2635 iracundiam

601 2683 883 2775 provocavimns;
923 2679 984 2750 sed
1018 2702 1082 2750 nec
1113 2684 1245 2751 unicum
1280 2678 1508 2751 mandatorum
1542 2688 1672 2750 tuorum
1708 2667 1976 2751 observavimus.

473 2872 477 2879 ,
603 2793 657 2865 'l'u
683 2814 766 2864 vero
793 2794 936 2865 Domine
962 2794 1063 2873 bone,
1091 2805 1272 2866 excusatos
1301 2792 1386 2864 habe
1413 2816 1486 2879 nos,
1514 2802 1548 2863 et
1574 2794 1734 2888 propitius
1762 2803 1836 2865 esto
1850 2796 1977 2888 iniqui-

605 2906 724 2981 tatibus
761 2912 901 2996 nostris,
941 2921 1078 3005 propter
1112 2910 1175 2981 hoc
1209 2908 1406 2980 sacrificinm
1440 2910 1646 3003 propositum
1682 2930 1793 2979 coram
1829 2920 1871 3004 te⁸
1926 2909 1978 2979 'l'u

604 3027 692 3095 enim
717 3026 763 3094 ita
796 3023 961 3118 pollicitus
994 3048 1031 3096 es
1064 3025 1224 3097 Domine:
1259 3026 1456 3117 quicumque
1490 3021 1664 3095 manducat
1699 3046 1820 3119 corpus
1856 3046 1976 3111 meum,

604 3147 640 3209 et
666 3135 746 3209 bibit
773 3144 968 3229 sangninem
995 3162 1113 3227 meum,
1142 3149 1175 3211 et
1202 3139 1308 3211 credit
1334 3141 1367 3209 iu
1394 3162 1465 3224 me,
1492 3138 1547 3209 ille
1574 3141 1605 3208 in
1634 3160 1687 3209 me
1701 3150 1822 3226 manet,
1850 3149 1884 3209 et
1911 3160 1977 3229 ego

604 3257 639 3325 in
666 3276 723 3339 eo,
752 3241 877 3346 elego
904 3256 1113 3327 resuscitabo
1145 3278 1220 3326 eum
1252 3260 1285 3326 in
1317 3256 1501 3325 novissimo
1536 3254 1598 3325 die.
1654 3255 1747 3327 Oves
1780 3258 1866 3325 enim
1901 3263 1978 3324 tuae

604 3380 639 3442 et
664 3392 751 3462 grex
778 3379 867 3473 tuus,
896 3374 1070 3465 promissis
1097 3373 1160 3442 tnis
1187 3370 1408 3453 confidentes,
1437 3369 1658 3464 deprecantur
1677 3369 1858 3441 bonitatem
1873 3378 1976 3457 mam,

605 3496 638 3557 et
664 3508 727 3580 per
752 3496 802 3573 te,
830 3509 870 3556 ac
898 3494 1006 3557 tecum
1033 3485 1166 3557 Patrem
1194 3497 1282 3557 tuum
1311 3485 1462 3556 dicendo.

709 3601 871 3695 Populus.
925 3601 1089 3672 Miserere
1116 3605 1231 3673 nostri.

711 3716 895 3788 Sacerdos.
950 3716 1021 3787 Nos
1050 3738 1190 3810 quoque.

713 3832 872 3925 Papulae.
926 3832 976 3902 Te
1002 3832 1182 3903 laudamus.

710 3945 897 4019 Diacoaue.
952 3949 1057 4033 Quam
1086 3946 1229 4017 timenda
1258 3958 1309 4017 est
1336 3946 1418 4017 haec
1445 3948 1543 4035 bora,
1571 3959 1633 4019 etc.

711 4061 886 4133 Sacerdos
912 4064 996 4133 dicit
1024 4062 1277 4132 invocationem
1304 4060 1456 4152 Spiritus
1480 4067 1602 4154 eoacti.

709 4175 873 4248 Miserere
900 4181 963 4248 mei
990 4178 1101 4256 Deus,
1129 4186 1258 4249 amator
1283 4174 1467 4268 hominum,
1508 4189 1541 4249 et
1577 4181 1666 4248 mitte
1702 4198 1803 4271 super
1836 4197 1907 4260 me,
1944 4184 1978 4244 et

605 4312 709 4385 anper
735 4291 935 4365 oblationem
963 4297 1078 4378 istam,
1104 4293 1260 4388 Spiritum
1287 4304 1456 4376 sanctum,
1490 4294 1646 4389 Spiritum
1681 4296 1735 4386 qui
1771 4314 1790 4362 a
1824 4301 1857 4361 te
1889 4311 1977 4383 pro-

605 4405 711 4491 cedit,
738 4418 772 4498 et
799 4430 818 4477 a
845 4407 930 4478 llilio
963 4417 977 4455 ³
1011 4418 1066 4481 tuo
1101 4411 1237 4502 accipit,
1274 4406 1467 4502 perficitque
1501 4408 1722 4480 essentialiter
1754 4410 1862 4479 omnia
1895 4429 1977 4501 my-

605 4524 707 4592 steria
734 4520 928 4608 Ecclesiae.
956 4527 1209 4616 requiescatqae
1243 4546 1345 4618 super
1380 4522 1567 4595 oblationes
1602 4528 1703 4608 istas,
1736 4533 1771 4593 et
1797 4545 1856 4593 eas
1891 4543 1977 4591 san-

609 4634 738 4707 ctificet.

639 4808 643 4813 ,
712 4748 871 4843 Papulae.
931 4753 1043 4825 Orate.

709 4865 893 4938 Sacerdos.
946 4867 1079 4940 Exaudi
1106 4891 1160 4939 me
1187 4869 1328 4940 domine.

709 4980 870 5074 Papulae.
924 4984 1028 5077 llyrie
1056 4984 1186 5054 eleison
1213 4991 1275 5054 ter.

710 5083 886 5156 Sacerdos
913 5086 1050 5157 eleoaaa
1075 5109 1200 5156 vocem.
1253 5086 1297 5156 Et
1327 5082 1340 5118 ⁴
1368 5106 1487 5179 panem
1514 5085 1599 5156 bunc
1626 5082 1825 5177 simplicem,
1861 5090 1976 5151 trans-

605 5207 724 5283 mutet,
754 5210 854 5295 atque
882 5201 999 5273 efficiat
1026 5222 1148 5295 eorpus
1175 5206 1281 5296 ipsum
1309 5198 1397 5294 qnod
1424 5222 1486 5294 pro
1513 5201 1612 5273 nobis
1639 5197 1840 5269 immolatum
1866 5204 1918 5267 est
1945 5198 1979 5264 in

613 5334 732 5387 cruce:
761 5339 884 5411 corpus
912 5321 1019 5411 ipsum
1052 5317 1140 5411 quod
1167 5320 1353 5389 resurrexit
1387 5337 1461 5386 cum
1494 5316 1622 5407 gloria,
1650 5335 1713 5384 nec
1740 5312 1823 5384 vidit
1857 5331 1982 5383 corru-
