5150 6534
971 854 1012 931 lit
1036 851 1243 930 bumana
1269 849 1409 930 sinon
1434 849 1587 929 utun.
1890 847 1967 924 aot

603 1039 646 1111 ita
667 1039 744 1102 heo
765 1038 869 1104 versio
889 1036 990 1101 Laicis
1012 1044 1063 1100 ant
1083 1015 1158 1118 ipsis
1179 1035 1390 1100 sacerdotibus
1412 1042 1443 1099 et
1463 1035 1605 1098 Diaconis
1626 1041 1733 1117 parata
1753 1042 1811 1112 est,
1833 1041 1866 1096 ut
1888 1053 1965 1114 quac

605 1136 731 1221 Syriaca
751 1136 865 1218 lingua,
888 1135 984 1199 doctis
1011 1136 1086 1199 solis
1117 1144 1198 1215 nota,
1222 1143 1369 1201 canuntur
1397 1142 1429 1197 ct
1453 1135 1630 1212 recitantur,
1657 1123 1833 1218 intelligant.
1883 1131 1966 1196 Illam

604 1235 776 1319 versionem
816 1234 917 1296 nullus
951 1234 1051 1314 codex
1080 1242 1183 1315 vetus,
1215 1236 1295 1297 inter
1323 1233 1431 1297 multos
1460 1251 1536 1315 quos
1565 1232 1711 1312 vidirnns,
1739 1239 1968 1314 repraesentat:

604 1327 685 1394 unde
707 1319 944 1396 recentissimam
966 1351 1035 1395 esse
1053 1333 1189 1415 judicare
1213 1350 1384 1414 possumus.
1433 1331 1468 1393 ln
1488 1329 1622 1394 Romana
1644 1331 1776 1401 editione
1798 1332 1895 1394 varias
1918 1331 1968 1392 in-

604 1429 824 1512 terpolationes
846 1432 986 1494 sustinuit
1008 1432 1039 1493 in
1061 1431 1156 1494 iorma
1179 1427 1349 1493 Verborum
1377 1430 1498 1508 Christi,
1520 1437 1551 1492 et
1574 1430 1605 1492 in
1625 1428 1818 1492 luvocatione
1841 1429 1969 1510 Spiritus

603 1532 711 1610 moi,
733 1539 768 1594 ut
789 1542 893 1594 omnes
923 1528 1019 1593 ferme
1049 1532 1137 1595 aliae.
1187 1531 1367 1593 Versionem
1396 1528 1434 1591 ad
1463 1530 1593 1610 optimae
1621 1536 1711 1592 notae
1740 1526 1867 1591 Codices
1897 1525 1968 1588 llss.

604 1629 777 1713 exegimus.
820 1629 909 1705 Quod
931 1629 1098 1693 Maronitae
1118 1629 1198 1691 illam
1219 1630 1385 1712 liturgiam
1415 1628 1502 1709 quasi
1529 1628 1686 1691 Ecclesiae
1715 1644 1789 1691 suae
1817 1627 1969 1709 propriam

603 1726 664 1790 sibi
682 1728 832 1795 vindicant
854 1737 887 1791 ut
908 1727 1079 1808 complures
1101 1726 1187 1805 alias,
1209 1727 1321 1790 frustra
1337 1734 1420 1791 sunt:
1443 1746 1511 1789 nam
1524 1725 1698 1789 Jacobiticis
1720 1726 1787 1788 aliis
1810 1725 1969 1806 conjuncta

606 1831 665 1917 est,
687 1833 719 1891 et
738 1828 892 1908 reperitur
913 1828 945 1889 in
968 1824 1128 1889 codicibus
1151 1826 1355 1890 Jacobitarnm
1384 1827 1522 1903 sinceris,
1545 1823 1739 1905 Colbertinis,
1762 1824 1968 1908 Segnieriaais

607 1932 640 1988 et
662 1921 735 1988 aliis.

870 2202 906 2273 2.
945 2202 1124 2275 Diaconos
1150 2203 1236 2274 dicit
1262 2203 1433 2273 00000000
1455 2205 1610 2294 primum,
1640 2207 1704 2272 etc.

695 2392 772 2470 Vox
795 2403 900 2467 Conon
921 2405 980 2468 hoc
1002 2405 1070 2469 loco
1092 2405 1274 2487 Diptycbum
1296 2405 1454 2487 significat,
1477 2414 1509 2467 ut
1531 2406 1619 2468 docet
1641 2404 1805 2486 Dionysius
1825 2402 1971 2468 Barsalibi

607 2507 828 2572 Commentario
855 2506 893 2568 ad
920 2506 998 2569 bunc
1034 2508 1064 2571 S.
1094 2508 1199 2571 Jacobi
1229 2509 1383 2591 liturgiae
1415 2508 1527 2583 locum,
1563 2510 1627 2570 siue
1660 2526 1720 2588 quo
1750 2506 1861 2569 frustra
1891 2507 1970 2569 illius

605 2607 784 2690 significatio
812 2606 890 2687 apud
920 2605 1166 2689 lexicograpbos
1194 2616 1401 2688 quaereretur.
1447 2606 1597 2669 Observat
1619 2622 1711 2687 porro
1742 2604 1792 2668 ille
1821 2606 1971 2688 Diptycba

606 2706 709 2768 esuis
732 2705 817 2786 Syris
839 2705 932 2788 vulgo
949 2704 1088 2767 Oenones
1110 2706 1270 2787 appellari:
1294 2726 1410 2788 sexque
1433 2724 1519 2782 esse;
1542 2723 1649 2787 nempe
1672 2704 1793 2767 totidem
1816 2707 1969 2769 orationes
2035 2706 2037 2709 ’

607 2823 663 2868 seu
686 2805 996 2883 commemorationes,
1019 2822 1143 2886 quarum
1166 2812 1230 2867 tres
1253 2824 1309 2887 pro
1322 2806 1492 2869 viventibus
1514 2811 1599 2868 sunt:
1622 2811 1685 2866 tres
1708 2803 1784 2867 aliae
1807 2823 1863 2886 pro
1885 2822 1969 2866 mor-

607 2903 677 2967 tuis.
722 2901 807 2974 Quae
829 2921 903 2966 vero
926 2903 1065 2966 dicuntur
1093 2903 1279 2983 abiacono,
1304 2913 1334 2967 et
1361 2905 1465 2968 Canon
1495 2905 1543 2967 hic
1572 2903 1770 2985 appellantur,
1793 2906 1916 2985 primus,
1939 2911 1971 2965 et

606 2999 758 3064 secundus
780 3019 875 3082 usque
899 3001 937 3063 ad
959 3011 1088 3079 sextum,
1111 3002 1355 3067 denunciatioues
1378 3003 1498 3067 suntad
1517 3004 1661 3067 orandum
1683 3021 1738 3083 pro
1761 3003 1879 3065 iisdem:
1903 3022 1970 3065 nam

609 3101 696 3181 ipsae
719 3103 872 3164 orationes
897 3121 913 3163 a
937 3100 1101 3164 Sacerdote
1115 3104 1290 3179 recitantur,
1313 3121 1373 3166 non
1393 3104 1570 3166 aDiacono:
1593 3101 1680 3183 plebs
1703 3101 1774 3163 nibil
1798 3101 1876 3164 aliud
1899 3102 1971 3173 dicit

607 3199 666 3261 nisi
687 3198 779 3282 Kyrie
802 3199 927 3279 eleison,
951 3198 1077 3279 Graece,
1101 3208 1151 3262 aut
1172 3200 1300 3263 Domine
1329 3205 1474 3263 maerere
1495 3202 1628 3282 Syrisce.
1673 3198 1799 3279 Reliqua
1820 3199 1892 3260 nihil
1913 3199 1972 3260 ba-

605 3296 680 3361 bent
702 3297 903 3363 obscuritatis.

710 4079 723 4195 3
847 3996 1238 4145 00000000
1288 4045 1315 4109 1-
1372 4026 1757 4144 00000000

957 4264 1273 4343 Pntsstntcnnn
1314 4264 1631 4341 insinuantur.

1006 4520 1157 4591 Primam
1184 4521 1306 4590 Oratio
1333 4525 1414 4589 ante
1439 4519 1575 4589 Pacem,

634 4799 653 4806 ‚,
677 4715 793 4819 Dans
827 4741 904 4814 fons
938 4741 1177 4838 tranquillitatis
1212 4751 1245 4812 et
1282 4742 1424 4837 pelagus
1460 4740 1632 4829 bonitatis,
1672 4744 1728 4835 qni
1769 4762 1808 4814 es
1848 4743 1971 4814 cantas

608 4878 695 4931 vera
728 4881 815 4954 quae
847 4881 915 4931 non
949 4857 1145 4929 aemulatur:
1181 4867 1315 4952 praesta
1349 4855 1446 4930 nobis
1480 4856 1712 4951 peccatoribus
1745 4860 1854 4929 servis
1887 4859 1972 4944 tuis,

609 4982 647 5045 ut
670 4978 803 5069 purgati
830 4973 872 5046 ab
901 4978 989 5045 omni
1015 4976 1186 5069 iniquitate
1211 4981 1246 5043 et
1270 4972 1399 5045 macula
1431 4975 1577 5067 peccati,
1612 4972 1846 5067 amplectamur
1878 4975 1985 5045 invi-'

610 5109 684 5159 cem
710 5093 744 5160 in
770 5092 926 5178 caritate,
953 5101 987 5162 et
1013 5112 1098 5185 pace
1124 5099 1179 5160 tua
1205 5088 1411 5162 indivisibili:
1445 5096 1544 5183 nque
1578 5108 1676 5159 omne
1710 5088 1819 5161 odium
1853 5097 1887 5158 et
1918 5088 1972 5157 si-

609 5202 778 5277 multatem
806 5206 949 5278 anobis
984 5206 1198 5297 abjicientes,
1231 5207 1264 5274 in
1299 5227 1365 5276 nno
1400 5203 1537 5277 vinculo.
1562 5206 1707 5276 caritatis
1738 5199 1973 5275 indissolubilis

612 5323 897 5413 constringamur,
925 5332 1024 5416 atque
1050 5330 1087 5392 ut
1110 5328 1239 5423 unoet
1264 5320 1395 5415 aequali
1421 5317 1704 5417 spirituiideinon
1720 5322 1849 5413 pigrae,
1875 5315 1972 5388 refe-

1696 5435 1770 5510 39*
