5150 6534
862 846 1073 925 GREGORll
1106 847 1361 925 (llll'HOLlCl
1397 848 1624 943 ortulum,
1657 866 1708 926 uc.
1901 854 1978 927 463

610 1031 735 1105 laetas:
762 1042 900 1124 segetes
927 1032 1212 1108 benedictionibus
1247 1034 1422 1129 aequales:
1456 1041 1640 1109 satietatem
1667 1038 1744 1108 lami
1771 1049 1917 1127 nostroe,
1945 1050 1979 1111 ct

610 1148 798 1221 alimentum
825 1155 1050 1221 necessarium
1077 1151 1279 1242 indigentiae
1307 1163 1455 1239 nostrae,
1482 1162 1516 1223 et
1541 1152 1724 1225 referemus
1751 1154 1808 1226 tibi
1834 1155 1977 1245 gloriam

518 1351 521 1358 ι
608 1275 644 1336 et
669 1270 849 1356 gratiarum
878 1270 1053 1353 actionem,
1081 1277 1113 1337 et
1140 1268 1236 1354 Filio,
1264 1278 1297 1337 et
1323 1268 1456 1363 Spiritui
1484 1272 1599 1341 sancti.

711 1380 871 1473 Populos.
923 1385 1042 1455 Amen.

713 1497 888 1569 Sacerdos
929 1500 1121 1571 inclinatus.
1176 1500 1370 1571 Recordare
1411 1502 1554 1573 Domine
1593 1506 1736 1573 omnium
1777 1502 1976 1572 Sanctorum

615 1623 746 1684 tuorum
773 1617 807 1683 in
833 1618 1023 1687 sanctuario
1051 1625 1106 1689 tuo
1134 1625 1267 1705 sanct03
1296 1620 1371 1711 quia
1399 1627 1432 1688 tu
1459 1626 1592 1688 sanctus
1621 1640 1677 1706 es,
1713 1628 1747 1687 et
1776 1617 1974 1688 Sanctorum

609 1729 841 1803 sanctificator.
894 1733 1078 1826 Praecipue
1104 1754 1189 1804 vero
1216 1753 1350 1826 semper
1375 1732 1526 1827 Virginis·
1556 1733 1682 1803 Beatae
1714 1736 1884 1824 genitricis
1911 1732 1975 1802 Dei

608 1843 753 1917 Mariae:
778 1846 917 1918 loannis
945 1851 1043 1918 etiam
1079 1850 1254 1942 praeconis
1282 1851 1347 1937 tui,
1380 1848 1539 1941 Stephani
1565 1849 1742 1942 Martyris,
1771 1860 1803 1919 ct
1831 1851 1975 1919 omnium

608 1960 805 2033 Sanctorum
833 1966 1012 2035 amicorum
1041 1972 1178 2034 tuorum.

714 2078 864 2174 Elecons
889 2102 1015 2149 cocart.
1068 2078 1136 2149 Per
1163 2082 1332 2150 orationes
1369 2079 1550 2150 electorum
1579 2089 1725 2168 tuomm,
1759 2103 1820 2174 per
1847 2102 1974 2174 preca·
2003 2076 2005 2079 ’

609 2195 718 2264 dones
746 2193 938 2266 dilectorum
967 2206 1107 2280 tuorum,
1134 2217 1195 2288 per
1222 2194 1489 2288 deprecationem
1512 2194 1717 2266 Athletamm
1745 2207 1886 2282 tuorum,
1914 2218 1975 2289 per

607 2312 750 2400 gemitus
789 2310 987 2382 Sanctorum
1021 2310 1183 2397 Domine,
1228 2333 1288 2404 per
1326 2312 1555 2383 confidentiam
1593 2312 1790 2383 Sanctomm
1833 2321 1974 2399 tuorum,

606 2436 771 2497 memento
807 2430 906 2498 totius
940 2431 1109 2498 exercitus
1146 2430 1326 2497 amicorum
1355 2437 1500 2513 tuorum,
1527 2425 1972 2521 Prophetarum,Aposto-

606 2538 732 2629 lomm,
760 2541 961 2638 Martyrum,
989 2541 1250 2629 Confossorum,
1277 2542 1526 2631 Solitariorum,
1552 2542 1819 2634 Religiosorum,
1855 2547 1973 2617 Asce-

606 2666 725 2745 tarum,
752 2679 868 2728 eorum
895 2662 949 2752 qui
977 2662 1009 2728 in
1037 2659 1199 2746 desertis,
1233 2663 1345 2750 agria,
1379 2671 1412 2730 et
1438 2658 1605 2753 speluncis
1632 2663 1806 2745 vixerunt,
1840 2668 1874 2730 et
1906 2662 1970 2732 ad-

603 2775 708 2864 iunge
735 2793 797 2843 nos
824 2775 978 2859 Domine,
1007 2773 1176 2846 ordinibus
1197 2797 1330 2847 corum:
1360 2796 1502 2845 accense
1529 2797 1591 2845 nos
1610 2777 1824 2847 intercoetus
1844 2799 1972 2863 eorum,

607 2898 715 2959 statue
743 2911 803 2960 nos
832 2894 916 2961 inter
935 2894 1105 2961 exercitus
1124 2914 1252 2978 eorum,
1279 2902 1314 2961 ut
1341 2913 1414 2961 cum
1437 2889 1499 2960 illis
1526 2893 1701 2977 intereos,
1730 2901 1763 2961 et
1790 2891 1831 2962 ad
1858 2915 1972 2963 eorum

607 3004 812 3098 exemplum,
839 3006 1023 3076 reseramus
1052 3005 1108 3076 tibi
1135 3008 1296 3097 gloriam,
1325 3017 1357 3077 ct
1384 3010 1563 3097 gratiarum
1593 3010 1777 3094 actionem,
1814 3020 1847 3080 et
1873 3009 1972 3100 Filio,

606 3129 639 3191 et
666 3121 801 3214 Spiritui
829 3133 955 3194 sancto.

709 3235 869 3327 Populus.
923 3241 1042 3309 Amen.
1947 3317 1953 3332 ,

708 3350 882 3421 Sacerdos
920 3354 1112 3424 inclinatas.
1173 3351 1303 3443 Dignos
1340 3352 1432 3423 effice
1466 3356 1625 3424 convivio
1661 3366 1717 3426 tuo
1759 3354 1858 3424 beato
1892 3355 1971 3424 Do-

515 3503 518 3507 ·
605 3477 716 3539 ctores
743 3466 915 3561 probatos,
943 3469 1193 3541 confirmatores
1221 3469 1308 3552 fidei,
1336 3468 1571 3539 illuminatores
1594 3491 1705 3539 rerum
1732 3469 1970 3555 abstrusorum,

605 3606 722 3656 omnes
749 3571 1016 3672 Sanctosluos3
1044 3591 1128 3657 inter
1161 3585 1244 3656 alios
1280 3607 1365 3655 vero
1398 3587 1593 3677 praecipue,
1620 3585 1799 3675 ignatium,
1832 3587 1969 3679 Diony-

605 3703 701 3787 sium,
727 3701 954 3786 Athanasium,
984 3699 1156 3797 Cprillum,
1184 3700 1361 3787 Severum,
1389 3699 1583 3792 etreliquos
1606 3699 1723 3771 Patres
1742 3699 1970 3787 OrtbodoxoS,

606 3818 660 3909 qui
689 3815 856 3910 expedite,
884 3827 1018 3887 etcum
1046 3838 1171 3887 summa
1200 3818 1338 3886 caritate
1364 3824 1597 3908 pugnaverunt
1632 3837 1692 3907 pro
1721 3817 1834 3889 Verbo
1869 3821 1969 3888 veri-

603 3934 692 4018 tatis,
718 3953 826 4024 neque
853 3931 1016 4003 ullatenus
1044 3937 1196 4002 virtutem
1225 3933 1324 4001 animi
1351 3933 1384 3999 in
1416 3953 1454 4001 se
1488 3933 1685 4000 imminutam
1720 3937 1851 4025 experti
1884 3944 1966 4005 sunt.

706 4047 856 4119 Elecoac
881 4072 1007 4120 oocem.
1062 4048 1146 4133 Quia
1174 4057 1206 4116 tu
1233 4044 1412 4117 retributor
1435 4049 1542 4135 justus
1564 4067 1612 4131 eS,
1641 4055 1674 4116 et
1695 4050 1882 4119 mercedem
1902 4055 1968 4121 tri-

602 4160 721 4251 buenS,
749 4162 811 4235 illis
838 4168 935 4234 etiam
964 4169 1108 4258 quiana
1135 4163 1216 4234 hora
1243 4162 1484 4234 laboraverunt
1510 4165 1543 4231 in
1569 4164 1668 4256 vinea
1698 4172 1762 4231 tua.
1801 4165 1967 4237 Memento

601 4279 713 4368 igitur,
739 4279 893 4368 Domine,
921 4284 1150 4374 operariorum
1178 4290 1304 4349 tuorum
1334 4277 1565 4372 spiritualium:
1592 4278 1746 4347 luminum
1774 4300 1859 4370 quac
1886 4279 1967 4349 illu-

602 4401 793 4464 straverunt
818 4394 1006 4467 Ecclesiam
1034 4408 1122 4467 tuam
1150 4405 1312 4466 sanctam:
1340 4395 1420 4465 salis
1448 4397 1520 4487 puri
1558 4402 1591 4462 et
1617 4391 1817 4487 purificantis
1844 4394 1966 4466 Evan-

602 4507 680 4598 gelii
703 4512 746 4580 tui
767 4510 884 4581 divini:
913 4512 1137 4584 columbarum
1160 4509 1393 4604 perfectarum,
1421 4533 1506 4603 quae
1520 4513 1603 4579 retia
1620 4508 1784 4580 mendacii
1799 4513 1966 4583 vicerunt:

601 4644 763 4714 agnomm
791 4649 957 4720 purorum,
986 4633 1040 4723 qui
1068 4639 1249 4721 coeperunt
1269 4628 1366 4722 lupos
1389 4625 1548 4697 hostiliter
1563 4628 1741 4698 irruentes:
1770 4649 1884 4698 eorum
1912 4633 1966 4722 qui

600 4744 777 4812 veritatem
806 4754 1034 4837 portaverunt,
1062 4749 1116 4838 qui
1142 4743 1418 4837 praedicaverunt
1433 4739 1655 4832 Evangelium
1673 4751 1772 4828 tuum,
1800 4747 1854 4835 qui
1881 4767 1965 4838 per-

600 4862 807 4930 secutionem
833 4864 924 4952 passi
952 4871 1038 4947 sunt,
1065 4871 1202 4954 propter
1229 4881 1349 4930 nomen
1377 4870 1477 4945 tuum,
1507 4860 1561 4950 qui
1588 4859 1810 4929 sustinuerunt
1837 4870 1964 4930 aestum

600 4973 665 5045 diei
692 4986 726 5046 et
751 4975 876 5067 frigus:
910 4999 1025 5047 eorum
1056 4979 1111 5069 qui
1147 4998 1166 5044 a
1193 4996 1289 5045 mane
1317 4997 1422 5069 usque
1449 4972 1490 5044 ad
1517 4995 1697 5067 vesperum
1725 4971 1964 5046 laboraverunt

599 5098 634 5160 et
660 5097 914 5187 extirpaverunt
940 5095 1065 5162 zizania
1099 5114 1145 5161 ex
1179 5113 1261 5182 agro
1288 5100 1362 5162 tuo:
1391 5094 1445 5183 qiu
1472 5089 1705 5184 plantaverunt
1738 5090 1770 5158 in
1806 5091 1963 5184 paradiso

600 5203 740 5278 arbores
768 5207 914 5279 ferentes
941 5207 1064 5276 fructus
1088 5208 1250 5297 justitiae:
1284 5207 1339 5298 qui
1372 5215 1571 5298 potaverunt
1598 5203 1730 5275 llumine
1756 5203 1963 5296 Theologiao

599 5322 748 5395 sitientes
776 5328 890 5417 gregis
918 5327 983 5395 tui:
1017 5325 1070 5416 qui
1103 5324 1271 5412 ejecerunt
1307 5343 1352 5390 ex
1383 5319 1535 5391 Ecclesia
1567 5331 1621 5391 tua
1655 5342 1771 5393 omncs
1806 5321 1963 5394 bacreses
