5150 6534
986 835 1686 916 sanourertlttt'
1901 839 1980 921 stt

618 1016 725 1094 lorum
751 1043 897 1110 suomm,
923 1035 958 1096 et
983 1021 1076 1095 dixit.
1127 1025 1202 1098 Hoc
1227 1035 1281 1098 ost
1307 1045 1429 1121 corpus
1447 1047 1555 1098 meum
1569 1023 1657 1120 quod
1674 1046 1739 1120 pro
1757 1023 1857 1101 uobis
1879 1026 1979 1099 iron-

618 1140 717 1230 gitur,
743 1159 808 1211 vos
835 1148 958 1227 autem,
983 1152 1019 1212 et
1043 1140 1164 1213 multos
1188 1139 1305 1215 fideles
1331 1152 1511 1237 praeparat
1535 1140 1579 1213 ed
1603 1144 1707 1213 vitam
1733 1149 1914 1216 aeternam.

722 1253 883 1347 Populus.
935 1253 1055 1328 Amen.

722 1369 905 1443 Sacerdos.
959 1371 1091 1444 Miscuit
1117 1375 1215 1444 atium
1242 1394 1288 1443 ex
1314 1375 1409 1461 vino,
1434 1382 1468 1444 et
1482 1395 1580 1468 aqua,
1607 1370 1745 1447 calicem
1771 1374 1874 1459 vitoe,
1900 1377 1921 1453 †
1948 1380 1982 1442 et

617 1483 790 1558 benedixit
814 1507 902 1575 enm,
928 1494 950 1570 †
975 1487 1193 1561 sanctificavit
1218 1509 1308 1575 eum,
1344 1494 1365 1570 †
1392 1497 1427 1559 et
1460 1487 1550 1561 dedit
1579 1509 1654 1560 enm
1688 1485 1805 1560 curbae
1831 1486 1981 1583 discipu-

618 1600 726 1673 lorum
753 1623 897 1689 suornm,
925 1611 960 1674 et
984 1602 1087 1675 dixit:
1112 1602 1175 1675 Hic
1199 1607 1417 1696 >estsanguis
1443 1626 1554 1691 meus,
1581 1606 1636 1697 qui
1672 1602 1828 1695 obsignat
1853 1602 1980 1676 'lesta-

619 1728 763 1790 mentum
798 1721 915 1791 mortis
950 1718 1065 1808 meae}
1095 1740 1159 1792 vos
1191 1729 1317 1808 autem,
1354 1730 1388 1790 et
1419 1721 1539 1792 multos
1576 1718 1691 1791 fideles
1729 1731 1908 1815 praeparat
1938 1718 1982 1791 ad

615 1836 724 1906 ¹vitam
749 1844 929 1906 uetomom.

610 1993 613 1998 -
724 1948 884 2042 Popoior.
935 1951 1055 2024 Amen,

724 2064 906 2150 Sacerdos.
960 2066 1044 2138 Cum
1070 2076 1179 2138 autem
1205 2088 1266 2139 eos
1292 2067 1488 2153 sanctitatis,
1522 2075 1555 2137 et
1585 2070 1792 2140 remissionis
1816 2077 1982 2163 peceato-

611 2203 691 2254 rum
726 2179 909 2269 beneficio,
945 2185 1114 2283 eorporis,
1149 2192 1195 2254 et
1215 2185 1385 2275 sanguinis
1418 2184 1470 2255 sui
1498 2180 1579 2254 iecit
1609 2185 1808 2279 participes,
1842 2186 1981 2280 primunr

601 2298 792 2392 ‘praecepit
817 2300 877 2385 eis,
905 2307 939 2368 et
964 2301 1119 2390 injunxit:
1155 2302 1352 2393 campani,
1385 2307 1419 2370 et
1447 2295 1544 2369 celici
1574 2296 1652 2369 huic
1688 2297 1981 2385 communicabitis,
2053 2289 2056 2296 ’

614 2433 787 2485 memores
813 2422 931 2501 estote,
958 2424 992 2486 et
1017 2417 1210 2486 memoriam
1236 2414 1406 2487 celebrate
1431 2417 1545 2486 mortis
1578 2435 1687 2503 meae,
1719 2418 1857 2509 ejusque
1883 2437 1982 2489 eom-

609 2529 889 2599 memoratiouem
917 2529 1018 2600 iacite
1044 2527 1151 2602 donec
1178 2532 1321 2602 veniam.

611 2674 649 2706 a
722 2643 884 2736 Populos.
936 2644 1054 2718 Mortis
1080 2655 1157 2716 tuae
1182 2647 1325 2717 Dondne
1350 2650 1543 2718 memorium
1569 2649 1734 2737 agimus

710 2758 908 2831 ¹¹Sacerdos.
960 2761 1031 2832 Sed
1063 2782 1125 2832 nos
1156 2764 1255 2833 etiam
1287 2761 1430 2834 Domine
1464 2763 1556 2833 Dens
1582 2772 1715 2852 noster,
1748 2760 1915 2835 adorande
1951 2772 1984 2835 et

621 2884 736 2948 sancta
759 2875 843 2948 rJesu
871 2872 1013 2964 Christe,
1039 2886 1192 2971 tanquam
1220 2874 1439 2949 arrhabonem
1465 2880 1555 2949 vitae
1581 2886 1750 2966 tenemuS,
1786 2878 1983 2973 depositum,

611 2988 876 3085 dispensationis
902 2991 1159 3078 tuaesaiutaris,
1184 2993 1431 3087 gloriamurque
1447 2996 1482 3063 in
1496 2991 1707 3087 passionibus
1725 2997 1801 3082 tuis,
1828 3006 1862 3066 et
1876 3006 1983 3068 morte

609 3127 719 3200 equum
744 3110 850 3178 nostri
877 3130 977 3179 ceusu
1004 3129 1185 3202 perpessus
1212 3129 1270 3196 es;
1306 3108 1489 3201 gaudemus
1523 3118 1557 3179 et
1591 3107 1777 3181 exultamus
1803 3112 1835 3180 in
1863 3110 1982 3198 salute,

619 3232 655 3293 et
686 3226 1001 3295 commemoratione
1026 3226 1277 3296 resurrectionis
1312 3233 1387 3295 tuoe
1420 3222 1587 3296 mirabilis.
1640 3224 1869 3319 Deprecamur
1893 3249 1981 3318 gra-

609 3339 709 3424 ¹¹tium,
736 3347 771 3409 et
796 3338 1055 3412 misericordiam
1081 3350 1182 3426 tuam,
1209 3349 1344 3410 etcum
1371 3342 1505 3410 veneris
1540 3341 1572 3409 in
1599 3339 1655 3410 illo
1688 3340 1821 3430 ultimo,
1848 3351 1881 3412 et
1906 3353 1983 3413 ter-

619 3450 719 3539 ribili,
745 3462 930 3549 statutoque
957 3455 1022 3544 die,
1048 3477 1115 3526 non
1143 3457 1257 3547 ejicias
1283 3476 1347 3525 nos
1374 3477 1395 3525 e
1421 3462 1604 3550 conspectu
1631 3466 1705 3542 tuo,
1732 3463 1923 3552 statuesque
1949 3460 1983 3527 in

619 3568 758 3664 pudore,
786 3580 819 3640 et
845 3569 1054 3643 confusione:
1081 3593 1148 3643 non
1174 3574 1207 3642 iu
1233 3568 1392 3656 tenebris,
1420 3580 1454 3641 et
1479 3570 1637 3662 caligine:
1664 3575 1791 3642 nonin
1817 3572 1983 3664 gehemm,

622 3694 665 3755 et
680 3688 844 3757 cruciatu:
871 3707 938 3758 non
963 3690 997 3757 in
1031 3683 1127 3773 fletu,
1162 3697 1196 3759 et
1226 3685 1370 3758 stridore
1402 3683 1564 3757 dentium:
1597 3708 1665 3759 non
1695 3691 1729 3758 in
1762 3687 1897 3778 dolore,
1928 3699 1984 3760 aut

605 3802 767 3872 'stristitiaz
793 3824 860 3874 non
885 3806 920 3873 in
939 3803 1040 3890 luctu,
1066 3811 1123 3874 aut
1139 3802 1334 3893 gemitibus:
1360 3822 1428 3873 non
1454 3804 1487 3872 in
1501 3805 1607 3888 minis,
1634 3814 1668 3875 et
1694 3803 1984 3899 increpationibus,

607 3938 669 3989 ne
691 3915 854 3989 luctentur
880 3917 922 3989 de
947 3918 1045 3990 nobis
1071 3920 1193 3989 inimici
1218 3921 1341 4006 nostri,
1373 3939 1417 3988 oe
1442 3917 1636 3989 irrideamur
1671 3916 1713 3989 ob
1746 3920 1786 3990 iis
1814 3922 1868 4012 qui
1894 3919 1984 3992 ode-

621 4042 698 4103 runt
722 4053 801 4105 nos:
827 4055 938 4126 neque
964 4037 1051 4104 enim
1077 4035 1100 4104 ii
1127 4054 1238 4106 sumus
1264 4031 1407 4105 Domine
1433 4035 1489 4126 qui
1503 4036 1680 4127 passiones
1706 4043 1779 4105 tuas
1807 4033 1984 4106 erubesci-

622 4169 711 4236 mus,
734 4160 790 4221 aut
814 4170 935 4220 nomen
962 4159 1050 4221 tuum
1077 4159 1224 4231 sonetum
1250 4169 1421 4240 negamus.
1453 4148 1504 4219 Tu
1532 4158 1640 4220 autem
1667 4149 1809 4220 Domine
1835 4171 1984 4242 agnosce

617 4285 696 4350 gnos,
724 4274 757 4336 et
783 4287 876 4361 spem
902 4275 1002 4355 mum,
1027 4264 1203 4360 lumenque
1229 4264 1340 4337 vultus
1366 4268 1434 4351 tui,
1450 4267 1561 4335 emitte
1588 4287 1797 4359 supernos,
1825 4277 1859 4338 et
1884 4287 1985 4361 super

608 4359 812 4451 vxEcclesiam
838 4392 927 4452 tuam
953 4389 1111 4469 sanctam,
1137 4391 1172 4452 et
1199 4378 1445 4466 Ortbodoxam,
1480 4402 1577 4473 quam
1610 4381 1835 4473 exgentibus
1863 4379 1985 4474 adqui-

607 4496 746 4571 sivisti:
774 4519 860 4590 quae
886 4500 1061 4568 etiamnum
1073 4518 1162 4568 voce
1188 4496 1275 4567 elato
1299 4494 1578 4586 jubilansclnmat
1597 4494 1639 4566 ad
1666 4506 1711 4586 te,
1736 4497 1870 4568 Petram
1884 4505 1985 4582 tuum,

614 4607 849 4706 spiritumque
876 4622 1025 4683 sunctum
1043 4621 1152 4700 tuum,
1179 4612 1304 4683 dicens.

728 4725 890 4820 Populus.
943 4728 1107 4799 Miserere
1132 4728 1240 4800 nobis.
1896 4784 1901 4802 ,

729 4841 912 4914 Sacerdos.
964 4842 1036 4914 Nos
1063 4847 1161 4915 etiam
1189 4841 1246 4916 tibi
1271 4845 1399 4934 gratias
1426 4847 1554 4935 agimus
1581 4844 1623 4916 de
1650 4844 1813 4932 omnibus,
1839 4853 1873 4914 et
1898 4864 1985 4938 pro-

616 4967 701 5054 pter
728 4962 848 5030 omnio.

730 5073 890 5167 Populus.
943 5074 994 5143 Te
1019 5073 1199 5147 laudemus.

730 5188 919 5261 Diaconos.
960 5189 1149 5261 Memento.
1257 5236 1289 5248 ·v

730 5304 905 5377 Sacerdos
930 5304 1111 5377 ioeiiootua
1135 5306 1232 5378 dicitw
1245 5306 1499 5378 Ioooaotiooem
1522 5306 1674 5401 Spiritum
1698 5309 1819 5378 eonati.

1701 5424 1751 5498 38
1763 5422 1781 5459 ⁴*
