<?xml version="1.0" encoding="UTF-8"?>
<!DOCTYPE html PUBLIC "-//W3C//DTD XHTML 1.0 Transitional//EN"
    "http://www.w3.org/TR/xhtml1/DTD/xhtml1-transitional.dtd">
<html xmlns="http://www.w3.org/1999/xhtml" xml:lang="en" lang="en">
 <head>
  <title>
</title>
<meta http-equiv="Content-Type" content="text/html;charset=utf-8" />
  <meta name='ocr-system' content='tesseract 3.04.00' />
  <meta name='ocr-capabilities' content='ocr_page ocr_carea ocr_par ocr_line ocrx_word'/>
</head>
<body>
  <div class='ocr_page' id='page_1' title='image "./liturgiarumorie00renagoog_0065.png"; bbox 0 0 5150 6534; ppageno 0'>
   <div class='ocr_carea' id='block_1_1' title="bbox 925 829 1974 947">
    <p class='ocr_par' dir='ltr' id='par_1_1' title="bbox 925 829 1974 947">
     <span class='ocr_line' id='line_1_1' title="bbox 925 829 1974 947; baseline -0.002 -2"><span class='ocrx_word' id='word_1_1' title='bbox 925 868 1339 947; x_wconf 79' lang='lat' dir='ltr'>nrruuorlu</span> <span class='ocrx_word' id='word_1_2' title='bbox 1766 872 1817 944; x_wconf 73' lang='lat' dir='ltr'>m</span> <span class='ocrx_word' id='word_1_3' title='bbox 1876 829 1974 887; x_wconf 82' lang='grc'>·’</span> 
     </span>
    </p>
   </div>
   <div class='ocr_carea' id='block_1_2' title="bbox 448 1056 1817 1617">
    <p class='ocr_par' dir='ltr' id='par_1_2' title="bbox 448 1056 1817 1617">
     <span class='ocr_line' id='line_1_2' title="bbox 551 1056 1815 1154; baseline 0.002 -26"><span class='ocrx_word' id='word_1_4' title='bbox 551 1058 643 1150; x_wconf 81' lang='lat' dir='ltr'>Ignis</span> <span class='ocrx_word' id='word_1_5' title='bbox 668 1060 769 1129; x_wconf 77' lang='lat' dir='ltr'>mvus</span> <span class='ocrx_word' id='word_1_6' title='bbox 796 1061 947 1154; x_wconf 90' lang='lat' dir='ltr'>corporis</span> <span class='ocrx_word' id='word_1_7' title='bbox 974 1060 1020 1129; x_wconf 89' lang='lat' dir='ltr'>tui</span> <span class='ocrx_word' id='word_1_8' title='bbox 1048 1068 1081 1129; x_wconf 91' lang='lat' dir='ltr'>et</span> <span class='ocrx_word' id='word_1_9' title='bbox 1107 1058 1275 1149; x_wconf 85' lang='lat' dir='ltr'>sanguinis</span> <span class='ocrx_word' id='word_1_10' title='bbox 1302 1059 1351 1128; x_wconf 92' lang='lat' dir='ltr'>tui</span> <span class='ocrx_word' id='word_1_11' title='bbox 1375 1060 1530 1152; x_wconf 75' lang='lat' dir='ltr'>pretiosi,</span> <span class='ocrx_word' id='word_1_12' title='bbox 1564 1056 1696 1139; x_wconf 82' lang='lat' dir='ltr'>Christe</span> <span class='ocrx_word' id='word_1_13' title='bbox 1723 1060 1815 1131; x_wconf 91' lang='lat' dir='ltr'>Deus</span> 
     </span>
     <span class='ocr_line' id='line_1_3' title="bbox 448 1172 1811 1268; baseline 0.001 -22"><span class='ocrx_word' id='word_1_14' title='bbox 448 1187 582 1264; x_wconf 91' lang='lat' dir='ltr'>noster,</span> <span class='ocrx_word' id='word_1_15' title='bbox 608 1175 782 1265; x_wconf 85' lang='lat' dir='ltr'>extinguat</span> <span class='ocrx_word' id='word_1_16' title='bbox 809 1175 974 1248; x_wconf 89' lang='lat' dir='ltr'>carbones</span> <span class='ocrx_word' id='word_1_17' title='bbox 1000 1176 1105 1266; x_wconf 84' lang='lat' dir='ltr'>ignis,</span> <span class='ocrx_word' id='word_1_18' title='bbox 1132 1176 1363 1268; x_wconf 76' lang='lat' dir='ltr'><strong>cruciatusque</strong></span> <span class='ocrx_word' id='word_1_19' title='bbox 1390 1172 1554 1246; x_wconf 78' lang='lat' dir='ltr'>terribiles</span> <span class='ocrx_word' id='word_1_20' title='bbox 1582 1173 1811 1247; x_wconf 89' lang='lat' dir='ltr'>etvebemen-</span> 
     </span>
     <span class='ocr_line' id='line_1_4' title="bbox 448 1288 1816 1385; baseline 0 -22"><span class='ocrx_word' id='word_1_21' title='bbox 448 1303 500 1363; x_wconf 89' lang='lat' dir='ltr'>tes</span> <span class='ocrx_word' id='word_1_22' title='bbox 528 1316 548 1363; x_wconf 94' lang='lat' dir='ltr'>a</span> <span class='ocrx_word' id='word_1_23' title='bbox 575 1288 731 1361; x_wconf 91' lang='lat' dir='ltr'>membris</span> <span class='ocrx_word' id='word_1_24' title='bbox 757 1293 858 1381; x_wconf 89' lang='lat' dir='ltr'>meis,</span> <span class='ocrx_word' id='word_1_25' title='bbox 886 1301 920 1363; x_wconf 90' lang='lat' dir='ltr'>et</span> <span class='ocrx_word' id='word_1_26' title='bbox 946 1288 987 1360; x_wconf 90' lang='lat' dir='ltr'>ab</span> <span class='ocrx_word' id='word_1_27' title='bbox 1007 1288 1179 1362; x_wconf 83' lang='lat' dir='ltr'>animabus</span> <span class='ocrx_word' id='word_1_28' title='bbox 1198 1289 1462 1385; x_wconf 87' lang='lat' dir='ltr'>corporibusque</span> <span class='ocrx_word' id='word_1_29' title='bbox 1483 1288 1710 1363; x_wconf 88' lang='lat' dir='ltr'>defunctorum</span> <span class='ocrx_word' id='word_1_30' title='bbox 1727 1291 1816 1363; x_wconf 90' lang='lat' dir='ltr'>lide-</span> 
     </span>
     <span class='ocr_line' id='line_1_5' title="bbox 448 1404 1817 1501; baseline 0.001 -24"><span class='ocrx_word' id='word_1_31' title='bbox 448 1407 544 1492; x_wconf 92' lang='lat' dir='ltr'>lium,</span> <span class='ocrx_word' id='word_1_32' title='bbox 571 1410 627 1500; x_wconf 89' lang='lat' dir='ltr'>qui</span> <span class='ocrx_word' id='word_1_33' title='bbox 652 1404 826 1479; x_wconf 90' lang='lat' dir='ltr'>induemnt</span> <span class='ocrx_word' id='word_1_34' title='bbox 850 1419 885 1480; x_wconf 89' lang='lat' dir='ltr'>tc</span> <span class='ocrx_word' id='word_1_35' title='bbox 912 1428 958 1477; x_wconf 83' lang='lat' dir='ltr'>ex</span> <span class='ocrx_word' id='word_1_36' title='bbox 985 1429 1070 1501; x_wconf 90' lang='lat' dir='ltr'>aqua</span> <span class='ocrx_word' id='word_1_37' title='bbox 1097 1416 1131 1477; x_wconf 89' lang='lat' dir='ltr'>et</span> <span class='ocrx_word' id='word_1_38' title='bbox 1157 1409 1282 1500; x_wconf 81' lang='lat' dir='ltr'>spiritu.</span> <span class='ocrx_word' id='word_1_39' title='bbox 1336 1404 1432 1478; x_wconf 90' lang='lat' dir='ltr'>Voca</span> <span class='ocrx_word' id='word_1_40' title='bbox 1460 1417 1494 1477; x_wconf 91' lang='lat' dir='ltr'>et</span> <span class='ocrx_word' id='word_1_41' title='bbox 1521 1409 1683 1479; x_wconf 92' lang='lat' dir='ltr'>constitue</span> <span class='ocrx_word' id='word_1_42' title='bbox 1705 1429 1766 1479; x_wconf 92' lang='lat' dir='ltr'>eos</span> <span class='ocrx_word' id='word_1_43' title='bbox 1783 1413 1817 1479; x_wconf 90' lang='lat' dir='ltr'>in</span> 
     </span>
     <span class='ocr_line' id='line_1_6' title="bbox 448 1520 1576 1617; baseline 0 -24"><span class='ocrx_word' id='word_1_44' title='bbox 448 1521 562 1595; x_wconf 84' lang='lat' dir='ltr'>ultinm</span> <span class='ocrx_word' id='word_1_45' title='bbox 589 1520 642 1592; x_wconf 89' lang='lat' dir='ltr'>dic</span> <span class='ocrx_word' id='word_1_46' title='bbox 669 1520 711 1592; x_wconf 94' lang='lat' dir='ltr'>ad</span> <span class='ocrx_word' id='word_1_47' title='bbox 736 1533 865 1616; x_wconf 87' lang='lat' dir='ltr'>partem</span> <span class='ocrx_word' id='word_1_48' title='bbox 892 1522 1066 1595; x_wconf 85' lang='lat' dir='ltr'>dexteram</span> <span class='ocrx_word' id='word_1_49' title='bbox 1091 1532 1198 1611; x_wconf 89' lang='lat' dir='ltr'>tuam,</span> <span class='ocrx_word' id='word_1_50' title='bbox 1225 1526 1311 1593; x_wconf 92' lang='lat' dir='ltr'>sicut</span> <span class='ocrx_word' id='word_1_51' title='bbox 1335 1521 1500 1617; x_wconf 84' lang='lat' dir='ltr'>pollicitus</span> <span class='ocrx_word' id='word_1_52' title='bbox 1527 1544 1576 1594; x_wconf 89' lang='lat' dir='ltr'>es.</span> 
     </span>
    </p>
   </div>
   <div class='ocr_carea' id='block_1_3' title="bbox 448 1651 1816 1988">
    <p class='ocr_par' dir='ltr' id='par_1_3' title="bbox 448 1651 1816 1988">
     <span class='ocr_line' id='line_1_7' title="bbox 552 1651 1816 1746; baseline 0.002 -25"><span class='ocrx_word' id='word_1_53' title='bbox 552 1652 730 1744; x_wconf 81' lang='lat' dir='ltr'>Levatque</span> <span class='ocrx_word' id='word_1_54' title='bbox 756 1651 880 1746; x_wconf 83' lang='lat' dir='ltr'>dipitoa</span> <span class='ocrx_word' id='word_1_55' title='bbox 905 1675 984 1724; x_wconf 77' lang='lat' dir='ltr'>mena</span> <span class='ocrx_word' id='word_1_56' title='bbox 1010 1658 1079 1738; x_wconf 84' lang='lat' dir='ltr'>ter,</span> <span class='ocrx_word' id='word_1_57' title='bbox 1106 1653 1273 1744; x_wconf 79' lang='lat' dir='ltr'>iucipiens</span> <span class='ocrx_word' id='word_1_58' title='bbox 1298 1674 1322 1720; x_wconf 88' lang='grc' dir='ltr'><em>α</em></span> <span class='ocrx_word' id='word_1_59' title='bbox 1348 1651 1494 1722; x_wconf 74' lang='lat' dir='ltr'>dexteru</span> <span class='ocrx_word' id='word_1_60' title='bbox 1519 1676 1638 1739; x_wconf 81' lang='lat' dir='ltr'>manu,</span> <span class='ocrx_word' id='word_1_61' title='bbox 1666 1658 1701 1723; x_wconf 83' lang='lat' dir='ltr'>et</span> <span class='ocrx_word' id='word_1_62' title='bbox 1724 1653 1816 1723; x_wconf 83' lang='lat' dir='ltr'>dicit.</span> 
     </span>
     <span class='ocr_line' id='line_1_8' title="bbox 553 1764 1816 1858; baseline 0.002 -20"><span class='ocrx_word' id='word_1_63' title='bbox 553 1764 764 1838; x_wconf 87' lang='lat' dir='ltr'>blodulentur</span> <span class='ocrx_word' id='word_1_64' title='bbox 796 1765 889 1858; x_wconf 87' lang='lat' dir='ltr'>digiti</span> <span class='ocrx_word' id='word_1_65' title='bbox 921 1769 987 1838; x_wconf 89' lang='lat' dir='ltr'>mci</span> <span class='ocrx_word' id='word_1_66' title='bbox 1017 1764 1134 1839; x_wconf 91' lang='lat' dir='ltr'>laudes</span> <span class='ocrx_word' id='word_1_67' title='bbox 1167 1777 1258 1853; x_wconf 88' lang='lat' dir='ltr'>tuas,</span> <span class='ocrx_word' id='word_1_68' title='bbox 1291 1776 1324 1838; x_wconf 93' lang='lat' dir='ltr'>et</span> <span class='ocrx_word' id='word_1_69' title='bbox 1358 1788 1398 1839; x_wconf 90' lang='lat' dir='ltr'>os</span> <span class='ocrx_word' id='word_1_70' title='bbox 1428 1790 1536 1839; x_wconf 91' lang='lat' dir='ltr'>meum</span> <span class='ocrx_word' id='word_1_71' title='bbox 1570 1767 1816 1841; x_wconf 83' lang='lat' dir='ltr'>confessionem</span> 
     </span>
     <span class='ocr_line' id='line_1_9' title="bbox 448 1868 1816 1988; baseline 0.001 -34"><span class='ocrx_word' id='word_1_72' title='bbox 448 1894 547 1955; x_wconf 90' lang='lat' dir='ltr'>tuam.</span> <span class='ocrx_word' id='word_1_73' title='bbox 575 1882 641 1952; x_wconf 94' lang='lat' dir='ltr'>Per</span> <span class='ocrx_word' id='word_1_74' title='bbox 667 1868 784 1954; x_wconf 84' lang='lat' dir='ltr'>clavos</span> <span class='ocrx_word' id='word_1_75' title='bbox 810 1881 960 1954; x_wconf 92' lang='lat' dir='ltr'>manibus</span> <span class='ocrx_word' id='word_1_76' title='bbox 986 1883 1050 1953; x_wconf 91' lang='lat' dir='ltr'>tuis</span> <span class='ocrx_word' id='word_1_77' title='bbox 1077 1878 1276 1976; x_wconf 90' lang='lat' dir='ltr'>etpedibus</span> <span class='ocrx_word' id='word_1_78' title='bbox 1303 1880 1437 1971; x_wconf 87' lang='lat' dir='ltr'>infixos,</span> <span class='ocrx_word' id='word_1_79' title='bbox 1465 1903 1527 1977; x_wconf 88' lang='lat' dir='ltr'>per</span> <span class='ocrx_word' id='word_1_80' title='bbox 1551 1882 1816 1988; x_wconf 88' lang='lat' dir='ltr'>lanceamquae</span> 
     </span>
    </p>
   </div>
   <div class='ocr_carea' id='block_1_4' title="bbox 448 1995 1946 2093">
    <p class='ocr_par' dir='ltr' id='par_1_4' title="bbox 448 1995 1946 2093">
     <span class='ocr_line' id='line_1_10' title="bbox 448 1995 1946 2093; baseline 0.005 -26"><span class='ocrx_word' id='word_1_81' title='bbox 448 1996 534 2070; x_wconf 91' lang='lat' dir='ltr'>latus</span> <span class='ocrx_word' id='word_1_82' title='bbox 561 2007 650 2068; x_wconf 91' lang='lat' dir='ltr'>tuum</span> <span class='ocrx_word' id='word_1_83' title='bbox 676 1996 982 2086; x_wconf 87' lang='lat' dir='ltr'>transverberavit,</span> <span class='ocrx_word' id='word_1_84' title='bbox 1008 2017 1113 2091; x_wconf 90' lang='lat' dir='ltr'>parce</span> <span class='ocrx_word' id='word_1_85' title='bbox 1139 1995 1216 2067; x_wconf 91' lang='lat' dir='ltr'>mihi</span> <span class='ocrx_word' id='word_1_86' title='bbox 1244 1996 1363 2068; x_wconf 92' lang='lat' dir='ltr'>delicta</span> <span class='ocrx_word' id='word_1_87' title='bbox 1390 2008 1424 2069; x_wconf 92' lang='lat' dir='ltr'>et</span> <span class='ocrx_word' id='word_1_88' title='bbox 1449 2007 1590 2093; x_wconf 90' lang='lat' dir='ltr'>peccata</span> <span class='ocrx_word' id='word_1_89' title='bbox 1621 2018 1706 2068; x_wconf 88' lang='lat' dir='ltr'>mea.</span> <span class='ocrx_word' id='word_1_90' title='bbox 1758 2000 1819 2069; x_wconf 86' lang='lat' dir='ltr'>Ad</span> <span class='ocrx_word' id='word_1_91' title='bbox 1941 2069 1946 2075; x_wconf 90' lang='lat'><em>.</em></span> 
     </span>
    </p>
   </div>
   <div class='ocr_carea' id='block_1_5' title="bbox 447 2110 1817 2786">
    <p class='ocr_par' dir='ltr' id='par_1_5' title="bbox 447 2110 1817 2786">
     <span class='ocr_line' id='line_1_11' title="bbox 450 2110 1816 2205; baseline 0.002 -22"><span class='ocrx_word' id='word_1_92' title='bbox 450 2136 582 2183; x_wconf 81' lang='lat' dir='ltr'>manum</span> <span class='ocrx_word' id='word_1_93' title='bbox 607 2114 796 2198; x_wconf 68' lang='lat' dir='ltr'>enatem,</span> <span class='ocrx_word' id='word_1_94' title='bbox 824 2112 919 2182; x_wconf 87' lang='lat' dir='ltr'>dicit.</span> <span class='ocrx_word' id='word_1_95' title='bbox 973 2111 1110 2184; x_wconf 78' lang='lat' dir='ltr'>Custodi</span> <span class='ocrx_word' id='word_1_96' title='bbox 1136 2135 1191 2183; x_wconf 91' lang='lat' dir='ltr'>me</span> <span class='ocrx_word' id='word_1_97' title='bbox 1217 2112 1360 2184; x_wconf 89' lang='lat' dir='ltr'>Domine</span> <span class='ocrx_word' id='word_1_98' title='bbox 1386 2112 1428 2185; x_wconf 93' lang='lat' dir='ltr'>ab</span> <span class='ocrx_word' id='word_1_99' title='bbox 1457 2110 1607 2185; x_wconf 91' lang='lat' dir='ltr'>omnibus</span> <span class='ocrx_word' id='word_1_100' title='bbox 1634 2111 1816 2205; x_wconf 82' lang='lat' dir='ltr'>fraudibus,</span> 
     </span>
     <span class='ocr_line' id='line_1_12' title="bbox 450 2226 1817 2324; baseline 0.001 -24"><span class='ocrx_word' id='word_1_101' title='bbox 450 2239 485 2300; x_wconf 92' lang='lat' dir='ltr'>et</span> <span class='ocrx_word' id='word_1_102' title='bbox 510 2227 649 2298; x_wconf 88' lang='lat' dir='ltr'>dextera</span> <span class='ocrx_word' id='word_1_103' title='bbox 677 2237 731 2297; x_wconf 92' lang='lat' dir='ltr'>tua</span> <span class='ocrx_word' id='word_1_104' title='bbox 759 2226 894 2317; x_wconf 87' lang='lat' dir='ltr'>adjuvet</span> <span class='ocrx_word' id='word_1_105' title='bbox 918 2248 993 2317; x_wconf 92' lang='lat' dir='ltr'>me,</span> <span class='ocrx_word' id='word_1_106' title='bbox 1020 2239 1053 2299; x_wconf 93' lang='lat' dir='ltr'>et</span> <span class='ocrx_word' id='word_1_107' title='bbox 1079 2226 1121 2299; x_wconf 94' lang='lat' dir='ltr'>ab</span> <span class='ocrx_word' id='word_1_108' title='bbox 1155 2226 1311 2322; x_wconf 85' lang='lat' dir='ltr'>operibus</span> <span class='ocrx_word' id='word_1_109' title='bbox 1345 2230 1486 2302; x_wconf 79' lang='lat' dir='ltr'>sinistris</span> <span class='ocrx_word' id='word_1_110' title='bbox 1517 2240 1716 2324; x_wconf 88' lang='lat' dir='ltr'>praeservat</span> <span class='ocrx_word' id='word_1_111' title='bbox 1750 2252 1817 2321; x_wconf 91' lang='lat' dir='ltr'>me,</span> 
     </span>
     <span class='ocr_line' id='line_1_13' title="bbox 447 2341 886 2417; baseline -0.002 -2"><span class='ocrx_word' id='word_1_112' title='bbox 447 2342 641 2417; x_wconf 89' lang='lat' dir='ltr'>insaecula</span> <span class='ocrx_word' id='word_1_113' title='bbox 669 2341 886 2415; x_wconf 89' lang='lat' dir='ltr'>saeculorum.</span> 
     </span>
     <span class='ocr_line' id='line_1_14' title="bbox 551 2458 1625 2553; baseline 0.004 -24"><span class='ocrx_word' id='word_1_114' title='bbox 551 2459 599 2529; x_wconf 80' lang='lat' dir='ltr'>at</span> <span class='ocrx_word' id='word_1_115' title='bbox 625 2482 698 2529; x_wconf 81' lang='lat' dir='ltr'>eum</span> <span class='ocrx_word' id='word_1_116' title='bbox 723 2458 810 2528; x_wconf 87' lang='lat' dir='ltr'>bibit</span> <span class='ocrx_word' id='word_1_117' title='bbox 834 2462 945 2529; x_wconf 73' lang='lat' dir='ltr'>circum</span> <span class='ocrx_word' id='word_1_118' title='bbox 971 2460 1061 2553; x_wconf 83' lang='lat' dir='ltr'>pund</span> <span class='ocrx_word' id='word_1_119' title='bbox 1085 2462 1217 2531; x_wconf 83' lang='lat' dir='ltr'>miscuit</span> <span class='ocrx_word' id='word_1_120' title='bbox 1243 2482 1290 2529; x_wconf 77' lang='lat' dir='ltr'>ea</span> <span class='ocrx_word' id='word_1_121' title='bbox 1317 2460 1505 2548; x_wconf 80' lang='lat' dir='ltr'>oblatione,</span> <span class='ocrx_word' id='word_1_122' title='bbox 1533 2463 1625 2533; x_wconf 89' lang='lat' dir='ltr'>dicit.</span> 
     </span>
     <span class='ocr_line' id='line_1_15' title="bbox 551 2571 1815 2654; baseline 0.005 -7"><span class='ocrx_word' id='word_1_123' title='bbox 551 2571 803 2647; x_wconf 91' lang='lat' dir='ltr'>Inebriabuntur</span> <span class='ocrx_word' id='word_1_124' title='bbox 828 2574 870 2647; x_wconf 91' lang='lat' dir='ltr'>ab</span> <span class='ocrx_word' id='word_1_125' title='bbox 897 2572 1049 2647; x_wconf 85' lang='lat' dir='ltr'>ubertate</span> <span class='ocrx_word' id='word_1_126' title='bbox 1076 2575 1193 2649; x_wconf 93' lang='lat' dir='ltr'>domus</span> <span class='ocrx_word' id='word_1_127' title='bbox 1220 2585 1297 2646; x_wconf 90' lang='lat' dir='ltr'>tuae</span> <span class='ocrx_word' id='word_1_128' title='bbox 1324 2586 1357 2647; x_wconf 92' lang='lat' dir='ltr'>et</span> <span class='ocrx_word' id='word_1_129' title='bbox 1383 2587 1531 2649; x_wconf 90' lang='lat' dir='ltr'>torrente</span> <span class='ocrx_word' id='word_1_130' title='bbox 1562 2589 1618 2651; x_wconf 92' lang='lat' dir='ltr'>tuo</span> <span class='ocrx_word' id='word_1_131' title='bbox 1655 2579 1815 2654; x_wconf 89' lang='lat' dir='ltr'>delicioso</span> 
     </span>
     <span class='ocr_line' id='line_1_16' title="bbox 447 2691 689 2786; baseline -0.012 -21"><span class='ocrx_word' id='word_1_132' title='bbox 447 2691 598 2786; x_wconf 88' lang='lat' dir='ltr'>potabis,</span> <span class='ocrx_word' id='word_1_133' title='bbox 626 2702 689 2763; x_wconf 89' lang='lat' dir='ltr'>etc.</span> 
     </span>
    </p>
   </div>
   <div class='ocr_carea' id='block_1_6' title="bbox 550 2823 1712 3315">
    <p class='ocr_par' dir='ltr' id='par_1_6' title="bbox 550 2823 1712 3315">
     <span class='ocr_line' id='line_1_17' title="bbox 551 2823 1540 2917; baseline 0.001 -22"><span class='ocrx_word' id='word_1_134' title='bbox 551 2825 665 2895; x_wconf 82' lang='lat' dir='ltr'>Lucci</span> <span class='ocrx_word' id='word_1_135' title='bbox 689 2847 806 2895; x_wconf 80' lang='lat' dir='ltr'>manua</span> <span class='ocrx_word' id='word_1_136' title='bbox 831 2847 911 2896; x_wconf 82' lang='lat' dir='ltr'>auae</span> <span class='ocrx_word' id='word_1_137' title='bbox 937 2846 1029 2917; x_wconf 82' lang='lat' dir='ltr'>aqua</span> <span class='ocrx_word' id='word_1_138' title='bbox 1040 2876 1051 2912; x_wconf 86' lang='lat'>,</span> <span class='ocrx_word' id='word_1_139' title='bbox 1079 2829 1114 2895; x_wconf 82' lang='lat' dir='ltr'>et</span> <span class='ocrx_word' id='word_1_140' title='bbox 1139 2824 1223 2895; x_wconf 83' lang='lat' dir='ltr'>dicit</span> <span class='ocrx_word' id='word_1_141' title='bbox 1248 2823 1336 2894; x_wconf 83' lang='lat' dir='ltr'>bunc</span> <span class='ocrx_word' id='word_1_142' title='bbox 1362 2824 1540 2896; x_wconf 78' lang='lat' dir='ltr'>Paulinum.</span> 
     </span>
     <span class='ocr_line' id='line_1_18' title="bbox 551 2956 1712 3051; baseline 0.003 -24"><span class='ocrx_word' id='word_1_143' title='bbox 551 2956 669 3028; x_wconf 89' lang='lat' dir='ltr'>Judica</span> <span class='ocrx_word' id='word_1_144' title='bbox 696 2979 750 3027; x_wconf 91' lang='lat' dir='ltr'>me</span> <span class='ocrx_word' id='word_1_145' title='bbox 775 2957 918 3028; x_wconf 90' lang='lat' dir='ltr'>Domine</span> <span class='ocrx_word' id='word_1_146' title='bbox 945 2958 1100 3051; x_wconf 89' lang='lat' dir='ltr'>quoniam</span> <span class='ocrx_word' id='word_1_147' title='bbox 1124 2959 1158 3028; x_wconf 93' lang='lat' dir='ltr'>in</span> <span class='ocrx_word' id='word_1_148' title='bbox 1181 2958 1306 3047; x_wconf 86' lang='lat' dir='ltr'>justitia</span> <span class='ocrx_word' id='word_1_149' title='bbox 1333 2979 1409 3028; x_wconf 90' lang='lat' dir='ltr'>mea</span> <span class='ocrx_word' id='word_1_150' title='bbox 1437 2958 1623 3050; x_wconf 80' lang='lat' dir='ltr'>ambulavi,</span> <span class='ocrx_word' id='word_1_151' title='bbox 1650 2971 1712 3031; x_wconf 89' lang='lat' dir='ltr'>etc.</span> 
     </span>
     <span class='ocr_line' id='line_1_19' title="bbox 550 3088 1705 3182; baseline 0.005 -22"><span class='ocrx_word' id='word_1_152' title='bbox 550 3090 730 3182; x_wconf 79' lang='lat' dir='ltr'>Absterpit</span> <span class='ocrx_word' id='word_1_153' title='bbox 754 3113 886 3178; x_wconf 81' lang='lat' dir='ltr'>manua,</span> <span class='ocrx_word' id='word_1_154' title='bbox 915 3095 949 3160; x_wconf 89' lang='lat' dir='ltr'>et</span> <span class='ocrx_word' id='word_1_155' title='bbox 975 3091 1067 3160; x_wconf 85' lang='lat' dir='ltr'>dicit.</span> <span class='ocrx_word' id='word_1_156' title='bbox 1106 3088 1248 3161; x_wconf 82' lang='lat' dir='ltr'>‘Afferte</span> <span class='ocrx_word' id='word_1_157' title='bbox 1273 3091 1417 3162; x_wconf 90' lang='lat' dir='ltr'>Domino</span> <span class='ocrx_word' id='word_1_158' title='bbox 1444 3090 1530 3165; x_wconf 79' lang='lat' dir='ltr'>idios</span> <span class='ocrx_word' id='word_1_159' title='bbox 1558 3096 1705 3166; x_wconf 89' lang='lat' dir='ltr'>arietum.</span> 
     </span>
     <span class='ocr_line' id='line_1_20' title="bbox 550 3221 1564 3315; baseline 0.002 -24"><span class='ocrx_word' id='word_1_160' title='bbox 550 3222 648 3293; x_wconf 86' lang='lat' dir='ltr'>Dicit</span> <span class='ocrx_word' id='word_1_161' title='bbox 673 3223 820 3294; x_wconf 82' lang='lat' dir='ltr'>Sedram</span> <span class='ocrx_word' id='word_1_162' title='bbox 841 3244 909 3315; x_wconf 81' lang='lat' dir='ltr'>pro</span> <span class='ocrx_word' id='word_1_163' title='bbox 936 3221 1119 3315; x_wconf 77' lang='lat' dir='ltr'>defunctis,</span> <span class='ocrx_word' id='word_1_164' title='bbox 1146 3227 1181 3291; x_wconf 86' lang='lat' dir='ltr'>et</span> <span class='ocrx_word' id='word_1_165' title='bbox 1202 3224 1314 3314; x_wconf 83' lang='lat' dir='ltr'>primo</span> <span class='ocrx_word' id='word_1_166' title='bbox 1340 3222 1564 3293; x_wconf 81' lang='lat' dir='ltr'>Prooemium.</span> 
     </span>
    </p>
   </div>
   <div class='ocr_carea' id='block_1_7' title="bbox 444 3352 1814 4604">
    <p class='ocr_par' dir='ltr' id='par_1_7' title="bbox 444 3352 1814 4604">
     <span class='ocr_line' id='line_1_21' title="bbox 550 3352 1814 3454; baseline 0.002 -28"><span class='ocrx_word' id='word_1_167' title='bbox 550 3354 600 3426; x_wconf 82' lang='lat' dir='ltr'>flu</span> <span class='ocrx_word' id='word_1_168' title='bbox 633 3359 688 3449; x_wconf 87' lang='lat' dir='ltr'>qui</span> <span class='ocrx_word' id='word_1_169' title='bbox 720 3377 782 3448; x_wconf 88' lang='lat' dir='ltr'>per</span> <span class='ocrx_word' id='word_1_170' title='bbox 814 3366 954 3428; x_wconf 90' lang='lat' dir='ltr'>mortem</span> <span class='ocrx_word' id='word_1_171' title='bbox 990 3376 1083 3426; x_wconf 90' lang='lat' dir='ltr'>suam</span> <span class='ocrx_word' id='word_1_172' title='bbox 1115 3352 1277 3425; x_wconf 83' lang='lat' dir='ltr'>destruxit</span> <span class='ocrx_word' id='word_1_173' title='bbox 1309 3365 1449 3426; x_wconf 90' lang='lat' dir='ltr'>mortem</span> <span class='ocrx_word' id='word_1_174' title='bbox 1482 3366 1653 3443; x_wconf 87' lang='lat' dir='ltr'>nostram,</span> <span class='ocrx_word' id='word_1_175' title='bbox 1688 3368 1722 3428; x_wconf 95' lang='lat' dir='ltr'>et</span> <span class='ocrx_word' id='word_1_176' title='bbox 1752 3381 1814 3454; x_wconf 90' lang='lat' dir='ltr'>per</span> 
     </span>
     <span class='ocr_line' id='line_1_22' title="bbox 447 3466 1813 3565; baseline 0.007 -26"><span class='ocrx_word' id='word_1_177' title='bbox 447 3468 703 3542; x_wconf 88' lang='lat' dir='ltr'>immolationem</span> <span class='ocrx_word' id='word_1_178' title='bbox 735 3492 829 3543; x_wconf 86' lang='lat' dir='ltr'>suam</span> <span class='ocrx_word' id='word_1_179' title='bbox 862 3492 923 3565; x_wconf 94' lang='lat' dir='ltr'>pro</span> <span class='ocrx_word' id='word_1_180' title='bbox 956 3466 1074 3558; x_wconf 90' lang='lat' dir='ltr'>nobis,</span> <span class='ocrx_word' id='word_1_181' title='bbox 1111 3471 1263 3563; x_wconf 85' lang='lat' dir='ltr'>expiavit</span> <span class='ocrx_word' id='word_1_182' title='bbox 1298 3491 1414 3541; x_wconf 89' lang='lat' dir='ltr'>omnes</span> <span class='ocrx_word' id='word_1_183' title='bbox 1446 3468 1532 3543; x_wconf 88' lang='lat' dir='ltr'>filios</span> <span class='ocrx_word' id='word_1_184' title='bbox 1567 3471 1690 3544; x_wconf 87' lang='lat' dir='ltr'>Adam:</span> <span class='ocrx_word' id='word_1_185' title='bbox 1723 3471 1813 3549; x_wconf 93' lang='lat' dir='ltr'>bono</span> 
     </span>
     <span class='ocr_line' id='line_1_23' title="bbox 446 3584 1812 3681; baseline 0.005 -26"><span class='ocrx_word' id='word_1_186' title='bbox 446 3584 511 3674; x_wconf 91' lang='lat' dir='ltr'>illi,</span> <span class='ocrx_word' id='word_1_187' title='bbox 537 3584 692 3672; x_wconf 87' lang='lat' dir='ltr'>debetur,</span> <span class='ocrx_word' id='word_1_188' title='bbox 720 3598 782 3658; x_wconf 91' lang='lat' dir='ltr'>etc.</span> <span class='ocrx_word' id='word_1_189' title='bbox 835 3585 928 3656; x_wconf 85' lang='lat' dir='ltr'>Alia.</span> <span class='ocrx_word' id='word_1_190' title='bbox 981 3584 1186 3657; x_wconf 90' lang='lat' dir='ltr'>lllortuorum</span> <span class='ocrx_word' id='word_1_191' title='bbox 1213 3586 1411 3674; x_wconf 86' lang='lat' dir='ltr'>suscitator,</span> <span class='ocrx_word' id='word_1_192' title='bbox 1438 3589 1559 3681; x_wconf 83' lang='lat' dir='ltr'>quique</span> <span class='ocrx_word' id='word_1_193' title='bbox 1584 3592 1812 3662; x_wconf 89' lang='lat' dir='ltr'>resurrectio-</span> 
     </span>
     <span class='ocr_line' id='line_1_24' title="bbox 446 3700 1814 3797; baseline 0.005 -27"><span class='ocrx_word' id='word_1_194' title='bbox 446 3720 524 3771; x_wconf 90' lang='lat' dir='ltr'>nem</span> <span class='ocrx_word' id='word_1_195' title='bbox 549 3712 702 3795; x_wconf 90' lang='lat' dir='ltr'>praestas</span> <span class='ocrx_word' id='word_1_196' title='bbox 730 3700 885 3797; x_wconf 81' lang='lat' dir='ltr'>scpultis3</span> <span class='ocrx_word' id='word_1_197' title='bbox 912 3711 947 3771; x_wconf 92' lang='lat' dir='ltr'>tu</span> <span class='ocrx_word' id='word_1_198' title='bbox 973 3701 1114 3772; x_wconf 89' lang='lat' dir='ltr'>Domine</span> <span class='ocrx_word' id='word_1_199' title='bbox 1141 3703 1272 3795; x_wconf 84' lang='lat' dir='ltr'>suscipe</span> <span class='ocrx_word' id='word_1_200' title='bbox 1306 3703 1432 3772; x_wconf 90' lang='lat' dir='ltr'>animas</span> <span class='ocrx_word' id='word_1_201' title='bbox 1465 3723 1641 3774; x_wconf 90' lang='lat' dir='ltr'>servorum</span> <span class='ocrx_word' id='word_1_202' title='bbox 1671 3715 1814 3795; x_wconf 88' lang='lat' dir='ltr'>tuorum,</span> 
     </span>
     <span class='ocr_line' id='line_1_25' title="bbox 448 3815 1813 3909; baseline 0.001 -20"><span class='ocrx_word' id='word_1_203' title='bbox 448 3838 585 3909; x_wconf 91' lang='lat' dir='ltr'>quorum</span> <span class='ocrx_word' id='word_1_204' title='bbox 611 3815 708 3890; x_wconf 89' lang='lat' dir='ltr'>hodie</span> <span class='ocrx_word' id='word_1_205' title='bbox 735 3819 1081 3890; x_wconf 87' lang='lat' dir='ltr'>commemorationem</span> <span class='ocrx_word' id='word_1_206' title='bbox 1109 3815 1334 3906; x_wconf 82' lang='lat' dir='ltr'>celebramus,</span> <span class='ocrx_word' id='word_1_207' title='bbox 1367 3826 1400 3888; x_wconf 93' lang='lat' dir='ltr'>ct</span> <span class='ocrx_word' id='word_1_208' title='bbox 1426 3816 1556 3890; x_wconf 90' lang='lat' dir='ltr'>colloca</span> <span class='ocrx_word' id='word_1_209' title='bbox 1583 3840 1643 3890; x_wconf 91' lang='lat' dir='ltr'>eos</span> <span class='ocrx_word' id='word_1_210' title='bbox 1670 3820 1813 3893; x_wconf 90' lang='lat' dir='ltr'>Domine</span> 
     </span>
     <span class='ocr_line' id='line_1_26' title="bbox 447 3931 1814 4025; baseline 0.004 -23"><span class='ocrx_word' id='word_1_211' title='bbox 447 3933 480 4002; x_wconf 95' lang='lat' dir='ltr'>in</span> <span class='ocrx_word' id='word_1_212' title='bbox 506 3931 699 4006; x_wconf 91' lang='lat' dir='ltr'>habitaculis</span> <span class='ocrx_word' id='word_1_213' title='bbox 726 3933 909 4005; x_wconf 86' lang='lat' dir='ltr'>benedictis</span> <span class='ocrx_word' id='word_1_214' title='bbox 942 3932 1057 4005; x_wconf 89' lang='lat' dir='ltr'>domus</span> <span class='ocrx_word' id='word_1_215' title='bbox 1090 3934 1192 4025; x_wconf 90' lang='lat' dir='ltr'>patris</span> <span class='ocrx_word' id='word_1_216' title='bbox 1226 3935 1287 4020; x_wconf 87' lang='lat' dir='ltr'>tui,</span> <span class='ocrx_word' id='word_1_217' title='bbox 1322 3953 1396 4002; x_wconf 92' lang='lat' dir='ltr'>cum</span> <span class='ocrx_word' id='word_1_218' title='bbox 1428 3931 1618 4023; x_wconf 86' lang='lat' dir='ltr'>Abrabam,</span> <span class='ocrx_word' id='word_1_219' title='bbox 1651 3934 1747 4007; x_wconf 89' lang='lat' dir='ltr'>Isaac</span> <span class='ocrx_word' id='word_1_220' title='bbox 1780 3948 1814 4008; x_wconf 91' lang='lat' dir='ltr'>et</span> 
     </span>
     <span class='ocr_line' id='line_1_27' title="bbox 445 4045 1812 4143; baseline 0.001 -25"><span class='ocrx_word' id='word_1_221' title='bbox 445 4046 552 4120; x_wconf 82' lang='lat' dir='ltr'>Jacob</span> <span class='ocrx_word' id='word_1_222' title='bbox 580 4048 707 4120; x_wconf 90' lang='lat' dir='ltr'>dilectis</span> <span class='ocrx_word' id='word_1_223' title='bbox 733 4052 823 4139; x_wconf 87' lang='lat' dir='ltr'>tuis,</span> <span class='ocrx_word' id='word_1_224' title='bbox 850 4060 883 4119; x_wconf 91' lang='lat' dir='ltr'>et</span> <span class='ocrx_word' id='word_1_225' title='bbox 909 4069 983 4119; x_wconf 92' lang='lat' dir='ltr'>cum</span> <span class='ocrx_word' id='word_1_226' title='bbox 1011 4045 1161 4119; x_wconf 91' lang='lat' dir='ltr'>omnibus</span> <span class='ocrx_word' id='word_1_227' title='bbox 1187 4046 1337 4119; x_wconf 88' lang='lat' dir='ltr'>fidelibus</span> <span class='ocrx_word' id='word_1_228' title='bbox 1371 4058 1405 4117; x_wconf 93' lang='lat' dir='ltr'>et</span> <span class='ocrx_word' id='word_1_229' title='bbox 1436 4050 1579 4136; x_wconf 89' lang='lat' dir='ltr'>sanctis,</span> <span class='ocrx_word' id='word_1_230' title='bbox 1613 4052 1667 4143; x_wconf 87' lang='lat' dir='ltr'>qui</span> <span class='ocrx_word' id='word_1_231' title='bbox 1703 4048 1812 4121; x_wconf 90' lang='lat' dir='ltr'>decu-</span> 
     </span>
     <span class='ocr_line' id='line_1_28' title="bbox 444 4160 1811 4260; baseline 0.003 -27"><span class='ocrx_word' id='word_1_232' title='bbox 444 4160 586 4237; x_wconf 88' lang='lat' dir='ltr'>buerunt</span> <span class='ocrx_word' id='word_1_233' title='bbox 611 4188 685 4236; x_wconf 91' lang='lat' dir='ltr'>cum</span> <span class='ocrx_word' id='word_1_234' title='bbox 712 4185 774 4260; x_wconf 89' lang='lat' dir='ltr'>spe</span> <span class='ocrx_word' id='word_1_235' title='bbox 801 4176 866 4236; x_wconf 92' lang='lat' dir='ltr'>tua.</span> <span class='ocrx_word' id='word_1_236' title='bbox 919 4163 1050 4235; x_wconf 91' lang='lat' dir='ltr'>Suscita</span> <span class='ocrx_word' id='word_1_237' title='bbox 1086 4163 1160 4236; x_wconf 91' lang='lat' dir='ltr'>illos</span> <span class='ocrx_word' id='word_1_238' title='bbox 1193 4173 1228 4234; x_wconf 91' lang='lat' dir='ltr'>et</span> <span class='ocrx_word' id='word_1_239' title='bbox 1257 4164 1420 4235; x_wconf 87' lang='lat' dir='ltr'>constitue</span> <span class='ocrx_word' id='word_1_240' title='bbox 1454 4161 1529 4235; x_wconf 88' lang='lat' dir='ltr'>illos</span> <span class='ocrx_word' id='word_1_241' title='bbox 1562 4161 1605 4233; x_wconf 94' lang='lat' dir='ltr'>ad</span> <span class='ocrx_word' id='word_1_242' title='bbox 1637 4162 1811 4237; x_wconf 86' lang='lat' dir='ltr'>dexteram</span> 
     </span>
     <span class='ocr_line' id='line_1_29' title="bbox 444 4277 1808 4375; baseline 0.002 -25"><span class='ocrx_word' id='word_1_243' title='bbox 444 4288 554 4369; x_wconf 92' lang='lat' dir='ltr'>tuam,</span> <span class='ocrx_word' id='word_1_244' title='bbox 582 4292 614 4353; x_wconf 92' lang='lat' dir='ltr'>et</span> <span class='ocrx_word' id='word_1_245' title='bbox 640 4302 829 4375; x_wconf 89' lang='lat' dir='ltr'>supernos</span> <span class='ocrx_word' id='word_1_246' title='bbox 856 4301 971 4352; x_wconf 87' lang='lat' dir='ltr'>omnes</span> <span class='ocrx_word' id='word_1_247' title='bbox 999 4277 1201 4349; x_wconf 85' lang='lat' dir='ltr'>effundantur</span> <span class='ocrx_word' id='word_1_248' title='bbox 1227 4279 1458 4351; x_wconf 89' lang='lat' dir='ltr'>miserationes</span> <span class='ocrx_word' id='word_1_249' title='bbox 1475 4290 1572 4366; x_wconf 90' lang='lat' dir='ltr'>tuac,</span> <span class='ocrx_word' id='word_1_250' title='bbox 1599 4278 1808 4355; x_wconf 89' lang='lat' dir='ltr'>referemus-</span> 
     </span>
     <span class='ocr_line' id='line_1_30' title="bbox 446 4392 1810 4489; baseline 0.003 -25"><span class='ocrx_word' id='word_1_251' title='bbox 446 4415 510 4486; x_wconf 90' lang='lat' dir='ltr'>que</span> <span class='ocrx_word' id='word_1_252' title='bbox 543 4392 602 4466; x_wconf 88' lang='lat' dir='ltr'>tibi</span> <span class='ocrx_word' id='word_1_253' title='bbox 633 4396 785 4487; x_wconf 87' lang='lat' dir='ltr'>laudem,</span> <span class='ocrx_word' id='word_1_254' title='bbox 817 4393 1059 4489; x_wconf 85' lang='lat' dir='ltr'>reddemusque</span> <span class='ocrx_word' id='word_1_255' title='bbox 1086 4397 1265 4486; x_wconf 83' lang='lat' dir='ltr'>gratiarum</span> <span class='ocrx_word' id='word_1_256' title='bbox 1293 4396 1457 4465; x_wconf 88' lang='lat' dir='ltr'>actionem</span> <span class='ocrx_word' id='word_1_257' title='bbox 1483 4393 1633 4466; x_wconf 82' lang='lat' dir='ltr'>Trinitati</span> <span class='ocrx_word' id='word_1_258' title='bbox 1661 4406 1810 4488; x_wconf 90' lang='lat' dir='ltr'>sanctae,</span> 
     </span>
     <span class='ocr_line' id='line_1_31' title="bbox 444 4521 640 4604; baseline 0.026 -26"><span class='ocrx_word' id='word_1_259' title='bbox 444 4529 551 4604; x_wconf 87' lang='lat' dir='ltr'>nunc,</span> <span class='ocrx_word' id='word_1_260' title='bbox 577 4521 640 4582; x_wconf 88' lang='lat' dir='ltr'>etc.</span> 
     </span>
    </p>
   </div>
   <div class='ocr_carea' id='block_1_8' title="bbox 444 4640 1810 5313">
    <p class='ocr_par' dir='ltr' id='par_1_8' title="bbox 444 4640 1810 5313">
     <span class='ocr_line' id='line_1_32' title="bbox 555 4640 1808 4738; baseline 0.002 -24"><span class='ocrx_word' id='word_1_261' title='bbox 555 4640 685 4715; x_wconf 79' lang='lat' dir='ltr'>Verane.</span> <span class='ocrx_word' id='word_1_262' title='bbox 738 4641 813 4715; x_wconf 93' lang='lat' dir='ltr'>Non</span> <span class='ocrx_word' id='word_1_263' title='bbox 840 4646 873 4713; x_wconf 90' lang='lat' dir='ltr'>in</span> <span class='ocrx_word' id='word_1_264' title='bbox 897 4643 1071 4733; x_wconf 89' lang='lat' dir='ltr'>judicium,</span> <span class='ocrx_word' id='word_1_265' title='bbox 1107 4650 1163 4713; x_wconf 91' lang='lat' dir='ltr'>aut</span> <span class='ocrx_word' id='word_1_266' title='bbox 1195 4646 1229 4712; x_wconf 93' lang='lat' dir='ltr'>in</span> <span class='ocrx_word' id='word_1_267' title='bbox 1255 4642 1433 4713; x_wconf 90' lang='lat' dir='ltr'>vindictam</span> <span class='ocrx_word' id='word_1_268' title='bbox 1460 4664 1582 4738; x_wconf 89' lang='lat' dir='ltr'>corpus</span> <span class='ocrx_word' id='word_1_269' title='bbox 1614 4654 1704 4715; x_wconf 91' lang='lat' dir='ltr'>tuum</span> <span class='ocrx_word' id='word_1_270' title='bbox 1729 4645 1808 4717; x_wconf 91' lang='lat' dir='ltr'>Do-</span> 
     </span>
     <span class='ocr_line' id='line_1_33' title="bbox 445 4756 1808 4853; baseline 0 -25"><span class='ocrx_word' id='word_1_271' title='bbox 445 4759 533 4828; x_wconf 91' lang='lat' dir='ltr'>mine</span> <span class='ocrx_word' id='word_1_272' title='bbox 560 4758 833 4851; x_wconf 77' lang='lat' dir='ltr'>(acceperimus).</span> <span class='ocrx_word' id='word_1_273' title='bbox 885 4757 1003 4830; x_wconf 87' lang='lat' dir='ltr'>Manus</span> <span class='ocrx_word' id='word_1_274' title='bbox 1031 4780 1117 4853; x_wconf 89' lang='lat' dir='ltr'>quae</span> <span class='ocrx_word' id='word_1_275' title='bbox 1143 4758 1270 4853; x_wconf 88' lang='lat' dir='ltr'>palmas</span> <span class='ocrx_word' id='word_1_276' title='bbox 1305 4778 1384 4829; x_wconf 91' lang='lat' dir='ltr'>suas</span> <span class='ocrx_word' id='word_1_277' title='bbox 1416 4756 1652 4847; x_wconf 84' lang='lat' dir='ltr'>extenderunt,</span> <span class='ocrx_word' id='word_1_278' title='bbox 1685 4766 1808 4831; x_wconf 82' lang='lat' dir='ltr'>susce-</span> 
     </span>
     <span class='ocr_line' id='line_1_34' title="bbox 444 4870 1810 4969; baseline -0.002 -25"><span class='ocrx_word' id='word_1_279' title='bbox 444 4882 629 4968; x_wconf 88' lang='lat' dir='ltr'>peruntque</span> <span class='ocrx_word' id='word_1_280' title='bbox 655 4896 700 4946; x_wconf 85' lang='lat' dir='ltr'>ex</span> <span class='ocrx_word' id='word_1_281' title='bbox 726 4886 760 4946; x_wconf 90' lang='lat' dir='ltr'>te</span> <span class='ocrx_word' id='word_1_282' title='bbox 785 4875 928 4947; x_wconf 89' lang='lat' dir='ltr'>Domine</span> <span class='ocrx_word' id='word_1_283' title='bbox 955 4874 1173 4946; x_wconf 88' lang='lat' dir='ltr'>arrhabonem</span> <span class='ocrx_word' id='word_1_284' title='bbox 1199 4872 1299 4944; x_wconf 88' lang='lat' dir='ltr'>lilium</span> <span class='ocrx_word' id='word_1_285' title='bbox 1324 4874 1405 4958; x_wconf 89' lang='lat' dir='ltr'>Dei,</span> <span class='ocrx_word' id='word_1_286' title='bbox 1437 4894 1505 4945; x_wconf 92' lang='lat' dir='ltr'>non</span> <span class='ocrx_word' id='word_1_287' title='bbox 1532 4873 1733 4969; x_wconf 90' lang='lat' dir='ltr'>abripiantur</span> <span class='ocrx_word' id='word_1_288' title='bbox 1767 4870 1810 4942; x_wconf 93' lang='lat' dir='ltr'>ad</span> 
     </span>
     <span class='ocr_line' id='line_1_35' title="bbox 444 4986 1809 5084; baseline -0.001 -24"><span class='ocrx_word' id='word_1_289' title='bbox 444 4988 587 5061; x_wconf 90' lang='lat' dir='ltr'>tribunal</span> <span class='ocrx_word' id='word_1_290' title='bbox 611 4988 723 5079; x_wconf 89' lang='lat' dir='ltr'>judicii</span> <span class='ocrx_word' id='word_1_291' title='bbox 749 4992 783 5060; x_wconf 92' lang='lat' dir='ltr'>in</span> <span class='ocrx_word' id='word_1_292' title='bbox 809 4990 863 5061; x_wconf 91' lang='lat' dir='ltr'>die</span> <span class='ocrx_word' id='word_1_293' title='bbox 888 4992 1091 5077; x_wconf 82' lang='lat' dir='ltr'>novissimo,</span> <span class='ocrx_word' id='word_1_294' title='bbox 1118 5011 1179 5084; x_wconf 91' lang='lat' dir='ltr'>per</span> <span class='ocrx_word' id='word_1_295' title='bbox 1206 4988 1359 5060; x_wconf 93' lang='lat' dir='ltr'>ardorem</span> <span class='ocrx_word' id='word_1_296' title='bbox 1385 4986 1555 5078; x_wconf 88' lang='lat' dir='ltr'>llammae,</span> <span class='ocrx_word' id='word_1_297' title='bbox 1583 4989 1713 5082; x_wconf 91' lang='lat' dir='ltr'>quando</span> <span class='ocrx_word' id='word_1_298' title='bbox 1729 4990 1809 5082; x_wconf 87' lang='lat' dir='ltr'>qui-</span> 
     </span>
     <span class='ocr_line' id='line_1_36' title="bbox 446 5102 1810 5200; baseline 0.001 -26"><span class='ocrx_word' id='word_1_299' title='bbox 446 5103 520 5175; x_wconf 88' lang='lat' dir='ltr'>dem</span> <span class='ocrx_word' id='word_1_300' title='bbox 547 5126 669 5200; x_wconf 88' lang='lat' dir='ltr'>corpus</span> <span class='ocrx_word' id='word_1_301' title='bbox 697 5116 786 5177; x_wconf 91' lang='lat' dir='ltr'>tuum</span> <span class='ocrx_word' id='word_1_302' title='bbox 812 5116 1038 5198; x_wconf 86' lang='lat' dir='ltr'>gestaverunt.</span> <span class='ocrx_word' id='word_1_303' title='bbox 1080 5105 1155 5177; x_wconf 84' lang='lat' dir='ltr'>Tibi</span> <span class='ocrx_word' id='word_1_304' title='bbox 1179 5104 1358 5177; x_wconf 90' lang='lat' dir='ltr'>olleruntur</span> <span class='ocrx_word' id='word_1_305' title='bbox 1380 5103 1558 5191; x_wconf 85' lang='lat' dir='ltr'>sacrificia,</span> <span class='ocrx_word' id='word_1_306' title='bbox 1584 5102 1662 5173; x_wconf 87' lang='lat' dir='ltr'>Rex</span> <span class='ocrx_word' id='word_1_307' title='bbox 1678 5102 1810 5176; x_wconf 87' lang='lat' dir='ltr'>Christe</span> 
     </span>
     <span class='ocr_line' id='line_1_37' title="bbox 446 5215 1809 5313; baseline -0.002 -21"><span class='ocrx_word' id='word_1_308' title='bbox 446 5243 492 5292; x_wconf 86' lang='lat' dir='ltr'>ex</span> <span class='ocrx_word' id='word_1_309' title='bbox 516 5219 667 5293; x_wconf 90' lang='lat' dir='ltr'>manibus</span> <span class='ocrx_word' id='word_1_310' title='bbox 694 5220 912 5294; x_wconf 84' lang='lat' dir='ltr'>sacerdotum</span> <span class='ocrx_word' id='word_1_311' title='bbox 940 5243 1114 5294; x_wconf 89' lang='lat' dir='ltr'>servorum</span> <span class='ocrx_word' id='word_1_312' title='bbox 1142 5232 1291 5309; x_wconf 91' lang='lat' dir='ltr'>tuorum,</span> <span class='ocrx_word' id='word_1_313' title='bbox 1324 5221 1456 5313; x_wconf 91' lang='lat' dir='ltr'>suscipe</span> <span class='ocrx_word' id='word_1_314' title='bbox 1486 5218 1541 5290; x_wconf 90' lang='lat' dir='ltr'>illa</span> <span class='ocrx_word' id='word_1_315' title='bbox 1567 5238 1630 5313; x_wconf 92' lang='lat' dir='ltr'>per</span> <span class='ocrx_word' id='word_1_316' title='bbox 1656 5215 1809 5311; x_wconf 71' lang='lat' dir='ltr'>clemcn3·</span> 
     </span>
    </p>
   </div>
   <div class='ocr_carea' id='block_1_9' title="bbox 443 5331 1723 5526">
    <p class='ocr_par' dir='ltr' id='par_1_9' title="bbox 443 5331 1723 5526">
     <span class='ocr_line' id='line_1_38' title="bbox 443 5331 1723 5432; baseline -0.004 -23"><span class='ocrx_word' id='word_1_317' title='bbox 443 5338 522 5409; x_wconf 90' lang='lat' dir='ltr'>tiam</span> <span class='ocrx_word' id='word_1_318' title='bbox 548 5347 637 5408; x_wconf 91' lang='lat' dir='ltr'>tuam</span> <span class='ocrx_word' id='word_1_319' title='bbox 664 5337 824 5429; x_wconf 81' lang='lat' dir='ltr'>Domine,</span> <span class='ocrx_word' id='word_1_320' title='bbox 851 5340 906 5431; x_wconf 92' lang='lat' dir='ltr'>qui</span> <span class='ocrx_word' id='word_1_321' title='bbox 932 5360 1023 5410; x_wconf 90' lang='lat' dir='ltr'>amas</span> <span class='ocrx_word' id='word_1_322' title='bbox 1049 5341 1273 5432; x_wconf 88' lang='lat' dir='ltr'>poenitentes:</span> <span class='ocrx_word' id='word_1_323' title='bbox 1301 5333 1474 5430; x_wconf 85' lang='lat' dir='ltr'>placabilis</span> <span class='ocrx_word' id='word_1_324' title='bbox 1502 5345 1575 5407; x_wconf 87' lang='lat' dir='ltr'>esto</span> <span class='ocrx_word' id='word_1_325' title='bbox 1603 5331 1646 5405; x_wconf 95' lang='lat' dir='ltr'>ad</span> <span class='ocrx_word' id='word_1_326' title='bbox 1672 5355 1723 5404; x_wconf 90' lang='lat' dir='ltr'>ea.</span> 
     </span>
     <span class='ocr_line' id='line_1_39' title="bbox 469 5451 1602 5526; baseline 0.007 -8"><span class='ocrx_word' id='word_1_327' title='bbox 469 5475 591 5519; x_wconf 74' lang='lat' dir='ltr'>nomnen</span> <span class='ocrx_word' id='word_1_328' title='bbox 1578 5451 1602 5526; x_wconf 78' lang='grc'><strong>7</strong></span> 
     </span>
    </p>
   </div>
   <div class='ocr_carea' id='block_1_10' title="bbox 0 0 2580 6534">
    <p class='ocr_par' dir='ltr' id='par_1_10' title="bbox 0 0 2580 6534">
     <span class='ocr_line' id='line_1_40' title="bbox 0 0 2580 6534; baseline 0 0"><span class='ocrx_word' id='word_1_329' title='bbox 0 0 2580 6534; x_wconf 95' lang='lat' dir='ltr'> </span> 
     </span>
    </p>
   </div>
  </div>
 </body>
</html>
