5150 6534
910 851 955 928 Ill
985 848 1229 927 LlTUllGth
1260 844 1663 925 lustunlhhbnult
1891 842 1968 920 593

600 1053 678 1118 quae
698 1034 736 1097 dc
759 1034 817 1097 isto
839 1034 983 1117 leguntur
1005 1034 1084 1115 apud
1099 1032 1235 1096 Graecos
1258 1039 1289 1095 et
1303 1030 1428 1095 Latinos
1450 1031 1480 1094 id
1502 1031 1692 1095 confirmant:
1714 1047 1783 1093 nam
1798 1030 1969 1094 Thadaeuru

601 1135 637 1197 ad
660 1134 816 1220 Abgarum
839 1133 975 1197 Edessae
999 1132 1185 1213 Toparcbam
1211 1138 1282 1212 post
1309 1132 1519 1193 ascensionem
1543 1130 1653 1193 Christi
1674 1129 1842 1212 proiectum
1864 1130 1969 1208 luisse,

600 1234 751 1298 Eusebius
775 1233 877 1296 etalii
905 1251 1002 1314 prope
1027 1249 1131 1294 omues
1161 1223 1310 1293 scribunt:
1340 1229 1479 1311 idemque
1503 1229 1675 1292 Orientalas
1698 1228 1736 1291 de
1760 1227 1866 1293 Adaeo
1896 1246 1968 1292 suo:

600 1335 793 1396 annuntiasse
825 1350 946 1413 quoque
968 1330 1167 1413 Evangelium
1189 1332 1220 1392 in
1240 1329 1472 1409 Mesopotamia,
1504 1347 1564 1390 nou
1594 1328 1683 1391 modo
1707 1327 1967 1405 Nestorianorum,

600 1431 655 1497 sed
678 1431 885 1494 Melchitarum
915 1438 944 1492 et
975 1430 1179 1492 Jacobitarum
1207 1429 1367 1491 traditione
1391 1436 1526 1505 constat,
1557 1427 1803 1509 Graecorumque
1832 1434 1969 1489 antonum

598 1531 786 1595 testimoniis.
833 1530 892 1593 Sed
922 1529 1097 1605 Thadaeus,
1127 1529 1177 1609 qui
1201 1535 1231 1590 et
1254 1528 1431 1606 chbacus,
1461 1547 1478 1589 a
1507 1527 1645 1590 Mathaeo
1672 1527 1869 1609 Evangelista
1891 1528 1970 1588 inter

599 1630 766 1711 Apostolos
779 1630 936 1692 duodecim
950 1635 1132 1691 numeratur.
1155 1627 1325 1690 Nestoriani
1337 1646 1424 1689 suum
1435 1627 1540 1690 dicunt
1552 1646 1643 1689 uuum
1666 1626 1766 1689 luisse
1782 1646 1822 1689 ex
1844 1634 1970 1706 septua-

600 1730 684 1813 ginta
706 1730 872 1810 discipulis,
896 1736 927 1790 et
948 1747 966 1791 a
988 1728 1102 1790 Thomu
1124 1726 1274 1807 Apostolo
1298 1728 1420 1789 missum
1443 1728 1473 1789 in
1496 1726 1623 1808 Syriam.
1667 1726 1763 1790 Marin
1785 1727 1851 1807 ejus
1873 1724 1969 1788 fuisse

601 1829 787 1910 discipulum,
810 1836 872 1890 tum
896 1828 1020 1890 alterum
1044 1846 1131 1907 quem
1154 1827 1214 1909 Agi
1238 1826 1402 1907 appellant.
1447 1825 1524 1899 Quia
1546 1826 1640 1908 igitur
1662 1826 1730 1889 illos
1753 1834 1892 1906 tanquam
1906 1826 1970 1888 Ec-

601 1930 760 1991 clesiarrnn
782 1927 1016 2007 Mesopotamiae
1038 1925 1214 1988 fundatores
1237 1932 1424 2008 agnoscunt,
1448 1925 1590 1988 Ordinem
1611 1926 1723 1989 Missae
1744 1925 1804 1988 illis
1827 1926 1970 2004 tribuunt,

600 2034 633 2087 ut
654 2024 769 2088 Jacobo
792 2024 1065 2106 Hierosolvmitana
1077 2024 1214 2087 Ecclesia
1227 2024 1392 2106 liturgiam
1413 2043 1508 2103 suam,
1531 2024 1635 2088 Marco
1658 2023 1864 2087 Alexandrina
1886 2043 1969 2087 suam

604 2125 747 2187 attribuit,
772 2125 954 2198 Quaerere
978 2124 1016 2186 de
1039 2124 1170 2187 Thadaei
1193 2142 1210 2186 a
1231 2123 1347 2186 Jacobo
1367 2125 1509 2187 missione
1532 2123 1621 2186 habet
1635 2123 1881 2186 Nestorianorum
1904 2131 1970 2185 tra-

602 2223 685 2302 ditio,
709 2241 769 2286 non
793 2231 851 2285 tarn
874 2223 910 2285 ad
935 2242 989 2285 eos
1003 2231 1034 2285 ut
1049 2242 1146 2286 novae
1169 2231 1271 2285 seclae
1295 2223 1428 2287 homines
1451 2221 1612 2285 reserenda
1634 2231 1691 2300 est,
1713 2241 1799 2303 quarn
1823 2224 1859 2284 ad
1883 2241 1970 2285 cour-

601 2342 720 2385 muuem
750 2322 954 2385 Ecclesiarurn
984 2322 1219 2402 Mesopotamiae
1251 2321 1449 2384 traditionem.
1494 2321 1606 2384 Eadem
1629 2322 1741 2404 quippe
1763 2323 1793 2385 in
1815 2321 1968 2384 historiam

601 2440 685 2484 suam
707 2422 808 2484 retulit
830 2421 995 2497 Eusebius,
1020 2428 1049 2483 et
1072 2423 1101 2483 iu
1123 2421 1347 2500 Melchitarum,
1370 2420 1633 2502 Jacobitarumquc
1655 2420 1739 2483 libris
1761 2422 1916 2503 leguntur,
1939 2422 1970 2483 in
2034 2421 2064 2473 b.
2089 2422 2113 2474 1.
2131 2440 2154 2476 ο.
2174 2423 2217 2477 ¹3·
2236 2425 2292 2479 Not·

601 2521 660 2582 illis
683 2521 861 2600 praesertim
883 2519 1099 2600 Apostolorum
1121 2520 1405 2601 Discipulorumque
1428 2518 1537 2581 Christi
1559 2520 1712 2598 indiculis,
1743 2524 1793 2602 qui
1816 2528 1918 2585 extant
1937 2522 1969 2583 iu
2005 2506 2085 2561 νῶθ’·
2101 2526 2128 2579 p.
2147 2509 2189 2563 ¹⁸·

601 2621 693 2681 variis
717 2620 882 2696 codicibus,
906 2626 936 2680 ct
957 2619 1050 2701 vulgo
1074 2619 1246 2683 Canonibus
1269 2618 1485 2699 Apostolorum
1508 2627 1539 2681 et
1562 2619 1755 2683 Clementinis
1770 2619 1971 2683 Constitutio-

602 2705 690 2780 'nibus
714 2713 954 2799 praemittuntur,
977 2718 1027 2779 vel
1049 2719 1254 2800 subjiciuntur.
1278 2718 1440 2801 Reponitur
1454 2737 1527 2781 sane
1550 2721 1580 2781 in
1602 2721 1713 2800 optimo
1727 2728 1757 2781 et
1768 2722 1971 2783 vetustissimo

602 2817 715 2880 Codice
738 2816 876 2880 Mediceo
901 2816 1094 2880 Collectionis
1108 2817 1261 2881 Canonum
1279 2818 1433 2899 Syriacae,
1457 2817 1604 2900 Synopsis
1626 2818 1791 2900 aliquarum
1814 2818 1971 2881 Constitu-

601 2917 727 2989 tionum‚
751 2934 829 2997 quae
851 2916 977 2991 Adaco‚
1000 2917 1076 2980 Mari
1100 2923 1131 2979 et
1152 2917 1212 2998 Agl
1235 2916 1457 2996 adscribuntur,
1482 2924 1512 2980 et
1535 2937 1659 2999 quarum
1682 2919 1806 3001 vigebat
1827 2921 1971 2982 autoritas

601 3015 631 3076 in
656 3015 793 3078 Ecclesia
815 3016 996 3078 Jacobitica:
1025 3016 1105 3080 unde
1128 3025 1212 3079 certo
1236 3017 1374 3097 officitur,
1406 3016 1601 3081 Nestorianos
1624 3036 1685 3080 uon
1707 3035 1815 3081 novam
1839 3027 1869 3081 et
1891 3020 1970 3102 apud

524 3109 527 3115 ’
602 3133 637 3178 so
660 3123 758 3177 natam
782 3116 953 3195 opinionem
967 3115 1005 3176 dc
1019 3118 1202 3178 institutione
1212 3115 1418 3179 Ecclesiarum
1441 3119 1471 3178 iu
1492 3117 1721 3198 Mesopotamia,
1744 3137 1803 3199 quo
1826 3138 1877 3182 res
1900 3137 1971 3181 suas

603 3215 865 3292 commendarent,
895 3214 1124 3296 promulgasse,
1148 3215 1203 3277 sed
1226 3217 1256 3276 in
1279 3215 1474 3279 Orthodoxac
1497 3234 1574 3297 quae
1596 3216 1655 3278 illic
1678 3216 1792 3295 lucrat,
1815 3217 1972 3281 Ecclesiae

599 3315 668 3396 jura
691 3314 855 3389 involasse,
879 3322 911 3375 ut
934 3313 1013 3394 quod
1036 3313 1078 3376 illi
1101 3316 1257 3395 proprium
1280 3325 1356 3392 erat,
1379 3316 1666 3379 sibi-attribuerent.
1710 3316 1785 3378 Hinc
1806 3318 1971 3380 verisimile

603 3414 722 3475 omniuo
746 3421 793 3474 est
815 3413 913 3474 llitum
935 3412 1032 3486 illum,
1063 3414 1114 3493 qui
1142 3413 1220 3494 apud
1243 3405 1442 3478 Nestorianos
1465 3423 1680 3491 conservatur,
1710 3418 1860 3497 antiquum
1889 3416 1971 3480 illum

603 3530 673 3574 csse
697 3513 746 3593 qui
768 3513 847 3574 inter
867 3511 1132 3592 Mesopotamenos
1156 3513 1342 3577 Christianos
1366 3514 1582 3595 usurpabatur,
1615 3521 1773 3597 antequam
1794 3515 1837 3578 illi
1859 3514 1971 3577 haere-

603 3611 663 3684 tici,
686 3612 776 3690 paulo
800 3619 869 3673 ante
891 3610 1107 3673 Muhamcdana
1130 3619 1277 3693 tempora,
1302 3632 1405 3676 omnes
1428 3613 1581 3677 Ecclesias
1605 3623 1815 3695 occupassent.
1845 3613 1971 3697 Reliqua

603 3710 642 3771 dc
665 3708 771 3772 Adaeo
794 3718 826 3772 et
847 3712 912 3791 ejus
935 3711 1026 3773 rebus
1050 3712 1145 3793 gestis
1169 3712 1345 3796 collegimus
1368 3714 1398 3773 in
1418 3714 1556 3793 Epitome
1572 3713 1721 3776 ilistoriae
1740 3713 1970 3778 Catholicorum.

604 3806 733 3870 Codices
756 3809 959 3884 recentiores,
982 3812 1160 3890 praesertim
1183 3812 1233 3891 qui
1256 3813 1286 3874 in
1309 3812 1431 3893 Europa
1454 3812 1559 3892 scripti
1581 3820 1660 3891 sunt,
1683 3815 1800 3875 nomina
1822 3812 1921 3877 Adaei
1940 3823 1971 3879 ct

603 3906 694 3969 Maris
719 3923 778 3968 non
801 3906 986 3986 praeierunt,
1014 3916 1047 3970 ut
1069 3928 1169 3989 neque
1191 3912 1294 3973 versio
1319 3928 1336 3971 a
1359 3911 1508 3973 Lusitanis
1531 3911 1619 3974 facta.
1648 3912 1789 3993 Ejusdem
1811 3915 1979 3991 versionis,

604 4005 829 4086 qualiscumque
859 4008 914 4086 sit,
945 4007 1080 4069 subsidio
1108 4008 1199 4070 multa
1229 4027 1308 4091 quae
1339 4011 1368 4070 in
1399 4009 1560 4072 Codicibus
1583 4013 1791 4094 uranuscriptis
1815 4012 1970 4078 brevitatis

604 4122 695 4173 causa
723 4105 897 4167 omittuntur
925 4107 1118 4187 agnovimus:
1148 4114 1178 4168 ct
1208 4109 1238 4169 in
1268 4124 1305 4169 ea
1336 4108 1489 4171 orationes
1517 4110 1626 4173 multae
1649 4110 1785 4194 integrao
1808 4115 1972 4194 reperiun-

604 4212 668 4280 tur,
700 4221 824 4283 quarum
854 4205 883 4265 in
914 4205 1047 4286 Syriacis
1077 4206 1188 4267 nostris
1219 4206 1444 4287 exemplaribus
1474 4210 1586 4289 primae
1621 4217 1733 4272 tantum
1768 4230 1861 4275 voces
1891 4212 1971 4275 assi-

603 4312 742 4384 qnantur.

1009 4564 1045 4636 2.
1089 4565 1210 4637 Gloria
1237 4570 1273 4637 in
1299 4568 1446 4639 eccelsia
1471 4569 1559 4640 Deo.

695 4754 758 4831 Hrc
780 4765 916 4847 hymnus,
941 4766 1061 4849 aliique,
1084 4778 1115 4832 et
1136 4774 1331 4851 responsoria
1355 4790 1432 4852 quae
1455 4782 1622 4855 sequuntur
1638 4775 1831 4855 reperiuntur
1851 4778 1969 4861 integra

605 4870 791 4932 inversione
808 4870 1027 4951 Lusitanorum,
1051 4871 1131 4935 unde
1154 4876 1217 4955 peti
1239 4885 1376 4955 possunt.
1408 4875 1579 4941 susannis
1601 4878 1713 4958 aliquot
1734 4880 1970 4945 Eucharisticum

607 4968 740 5030 Oillcinm
762 4968 906 5045 inchoari,
929 4971 1132 5052 antiquissima
1147 4972 1275 5037 omnium
1289 4974 1492 5038 Ecclesiarum
1515 4978 1700 5039 consuetudo
1724 4985 1788 5041 est:
1811 4996 1899 5059 quum
1922 4981 1970 5045 hic

606 5085 781 5147 expressam
804 5067 949 5133 videmus.
994 5070 1213 5135 observabitur
1238 5091 1332 5154 saepe
1361 5073 1522 5138 discrimen
1545 5076 1623 5138 inter
1645 5076 1724 5138 illam
1745 5079 1918 5142 versionem
1939 5089 1970 5143 ct

605 5173 753 5228 nostram:
777 5184 833 5229 nos
856 5168 1039 5248 exornplaria
1062 5190 1140 5250 quae
1161 5171 1327 5248 habuimus,
1350 5173 1477 5237 iideliter
1499 5175 1713 5254 expressimus,
1736 5194 1802 5239 curn
1819 5180 1971 5259 paucissi-

606 5266 661 5327 mis
685 5267 714 5328 in
736 5265 812 5329 locis
836 5275 918 5330 esset
941 5266 1093 5331 dubitandi
1115 5270 1259 5335 derecta
1281 5274 1529 5355 interpretatione
1551 5273 1645 5339 locus.
1690 5276 1804 5339 Primus
1819 5278 1970 5358 interpres

607 5363 694 5428 aliter
717 5366 747 5427 iu
769 5367 832 5430 suis
855 5366 1009 5430 codicibus
1037 5368 1151 5453 legisse
1179 5371 1339 5454 aliquando
1361 5372 1495 5437 videtur:
1525 5389 1619 5455 saepe
1646 5380 1746 5438 tamen
1772 5376 1971 5441 hallucinatus
