5150 6534
918 823 976 900 DE
1007 819 1405 900 nusrorlanoaou
1440 817 1682 897 LITURGIIS.
1892 817 1968 890 577

602 1013 676 1083 dito
698 1016 836 1105 suerat:
862 1033 970 1104 neque
1004 1010 1096 1080 illurn
1128 1008 1372 1101 Apostolorum
1405 1010 1588 1094 rever-ilus,
1619 1028 1727 1098 reoque
1762 1004 1806 1074 D.
1842 1004 1969 1075 Basilii

600 1130 719 1221 Magni
746 1132 781 1198 iu
809 1107 925 1197 eodem
952 1130 1074 1220 spirilu
1102 1107 1321 1217 conscriptae
1348 1125 1516 1192 rollonem
1541 1122 1643 1192 ullone
1677 1120 1866 1191 ludendum
1894 1142 1967 1190 esso

592 1244 773 1336 judicans:
804 1247 840 1313 ia
873 1266 940 1335 quo
974 1241 1169 1334 Anuplroro
1201 1238 1415 1331 llnsplremiis
1438 1241 1555 1330 polius
1582 1260 1680 1330 quum
1702 1236 1864 1327 procidus
1891 1236 1967 1304 Sa-

602 1383 694 1430 crum
723 1360 880 1452 Officium
904 1357 1058 1451 repleuit.
1110 1356 1166 1427 Ex
1193 1378 1235 1426 eo
1262 1358 1451 1426 testimonio
1478 1352 1616 1444 intelligi
1647 1362 1759 1448 potest
1784 1351 1966 1443 Liturgiam

601 1474 779 1547 Theodoro
812 1475 1011 1569 adscriptam
1047 1472 1186 1544 Graecis
1222 1474 1423 1562 incognitam
1456 1492 1523 1541 non
1557 1468 1679 1558 luisse,
1714 1490 1822 1563 neque
1859 1479 1969 1539 tamen

603 1592 763 1662 autoritas
796 1589 945 1679 Leontii,
979 1591 1033 1683 qui
1065 1597 1141 1683 post
1175 1597 1226 1658 tot
1257 1609 1362 1658 annos
1399 1585 1582 1671 scribebat,
1614 1584 1735 1679 probat
1761 1585 1968 1674 sufficienter,

603 1708 820 1800 compositam
847 1704 935 1776 illam
962 1705 1003 1776 ah
1032 1727 1074 1776 eo
1102 1704 1218 1793 luisse,
1245 1702 1305 1774 scd
1323 1700 1400 1772 illud
1414 1700 1633 1789 solummodo,
1661 1701 1749 1796 quod
1777 1702 1849 1772 talis
1862 1702 1967 1793 vulgo

601 1821 744 1893 serretur
770 1821 858 1917 apud
885 1825 957 1914 ejus
984 1830 1170 1893 sectatores
1198 1823 1321 1915 opinio.
1375 1817 1472 1904 Quod
1500 1814 1612 1908 adjicit
1637 1816 1809 1906 Leontius,
1836 1817 1969 1912 plenam

602 1937 706 2010 luisse
733 1937 820 2008 illam
850 1935 1082 2030 blasphemiis,
1115 1940 1142 2008 si
1176 1958 1294 2007 verum
1322 1945 1389 2005 est:
1424 1933 1520 2005 aliam
1554 1932 1686 2004 viderat
1719 1933 1760 2005 ab
1796 1957 1838 2005 ea
1871 1958 1969 2028 quam

603 2052 794 2125 Nestoriani
826 2052 889 2123 huc
922 2075 1026 2146 usque
1060 2062 1216 2139 servant,
1257 2073 1463 2146 magnopere
1504 2050 1690 2130 diversam,
1727 2072 1801 2121 cum
1834 2062 1969 2144 praeter

604 2192 702 2240 unum
731 2191 828 2263 quem
856 2189 956 2262 supra
984 2168 1198 2239 indicavimus
1225 2169 1349 2253 locum,
1379 2166 1464 2259 quod
1492 2165 1534 2237 ad
1561 2165 1713 2238 haeresin
1741 2165 1968 2237 insinuandam

605 2293 759 2382 spectare
785 2283 937 2354 videatur
962 2282 1039 2354 nihil
1067 2289 1099 2354 in
1126 2282 1229 2355 tribus
1256 2290 1426 2377 appareat.

710 2399 795 2484 Quid
822 2422 882 2494 per
896 2399 1136 2493 Apostolorum
1156 2398 1338 2490 Liturgiam
1366 2397 1593 2489 designaverit
1610 2397 1782 2487 LeontiuS,
1810 2405 1839 2471 si
1853 2400 1968 2473 Grae·
2016 2410 2102 2470 ouum
2127 2417 2196 2462 asset
2216 2408 2293 2479 Apo·

606 2539 721 2588 corum
748 2515 953 2586 traditionem
981 2519 1158 2609 sequimur,
1194 2537 1382 2607 agnoscere
1413 2514 1512 2585 facile
1547 2537 1612 2586 non
1647 2525 1716 2586 est:
1751 2516 1847 2587 talem
1882 2492 2229 2633 enimqqqorumteonao
2251 2497 2292 2550 ci-

605 2635 668 2726 ipsi
694 2628 820 2702 nullam*
842 2629 974 2721 habent,
1002 2631 1148 2726 solisque
1180 2631 1292 2702 Basilii
1327 2641 1361 2701 et
1387 2630 1617 2726 chrysostomi
1643 2629 1800 2723 Liturgiis
1826 2644 1968 2706 utrmtur.
2034 2615 2040 2629 ⁸

604 2744 693 2818 Nihil
719 2748 818 2837 igitur
844 2751 981 2842 propius
1009 2759 1071 2835 est,
1100 2771 1197 2842 quam
1229 2760 1332 2819 uteo
1360 2749 1493 2818 nomine
1520 2745 1719 2837 intelligatur
1751 2770 1791 2818 ea
1824 2754 1969 2843 quaein

604 2860 879 2934 Nestorianorum
908 2862 1086 2935 Codicilrus
1114 2868 1219 2960 prima
1236 2875 1270 2934 et
1287 2865 1466 2959 praecipua
1493 2874 1554 2949 est,
1583 2888 1602 2934 a
1630 2886 1694 2956 qua
1721 2863 1842 2936 multae
1869 2889 1969 2938 com-

605 2998 721 3050 munes
750 2981 919 3049 orationes
946 2982 1012 3073 peti
1041 2977 1176 3051 dehent:
1213 3002 1310 3073 quam
1340 2990 1447 3050 tamen
1474 2977 1650 3050 Nestorius
1687 2991 1741 3050 aut
1775 2984 1969 3075 quicumque

604 3092 690 3165 illius
716 3098 850 3165 nomine
881 3094 1065 3186 Liturgiam
1100 3097 1304 3190 composuit,
1337 3117 1402 3165 non
1439 3098 1572 3190 insuper
1605 3093 1732 3183 habuit,
1768 3109 1823 3168 aut
1854 3122 1969 3193 parum

605 3212 771 3281 reveritus
799 3222 862 3290 cst,
890 3234 962 3281 cum
991 3234 1085 3282 suam
1112 3211 1153 3282 ad
1190 3214 1395 3307 primaevum
1423 3210 1499 3281 illud
1527 3210 1699 3307 exemplar
1731 3213 1969 3285 accommoda-

606 3329 704 3396 verit.
759 3326 811 3396 Do
837 3326 949 3396 Basilii
975 3326 1135 3418 Liturgia,
1164 3330 1256 3420 quasi
1290 3325 1400 3417 legem
1427 3331 1652 3398 necessariam
1684 3351 1855 3400 sacrorum
1882 3352 1970 3399 con-

605 3444 718 3528 tineat,
745 3452 842 3512 vetus
870 3452 921 3512 est
949 3440 1152 3514 Graecorum
1180 3445 1402 3514 recentiorum
1428 3446 1559 3531 naenia,
1588 3466 1685 3537 (quam
1713 3444 1875 3516 adversus
1896 3444 1970 3514 La-

606 3559 696 3629 tinos
723 3558 894 3631 fastidiose
921 3560 1069 3654 Symeon
1097 3558 1408 3633 Thessalonicensis
1444 3561 1600 3650 ingerere
1628 3559 1732 3646 solet,
1769 3560 1970 3631 calumniose

607 3695 673 3744 non
699 3677 805 3745 minus
833 3698 929 3768 quam
958 3678 1116 3771 imperite.
1169 3677 1275 3747 Porro
1314 3678 1342 3746 si
1377 3698 1437 3770 per
1463 3673 1644 3766 Liturgiam
1671 3674 1910 3771 Apostolorum
1938 3680 1970 3747 in

605 3788 721 3861 verbis
748 3789 889 3875 Leontii,
918 3792 1023 3886 prima
1051 3815 1163 3862 earum
1198 3813 1280 3885 (quas
1313 3789 1504 3862 Nestoriani
1537 3788 1658 3861 habent
1689 3790 1826 3883 intelligi
1861 3790 1970 3880 debet,

605 3903 713 3976 forma
739 3916 837 3975 vetus
866 3905 1035 3998 Liturgiae
1068 3908 1251 4003 Syriacae,
1287 3906 1392 4000 qualis
1427 3910 1460 3976 in
1493 3905 1655 3977 Ecclesiis
1687 3907 1970 4002 Mesopotamenis

606 4029 682 4089 ante
710 4024 850 4092 scissam
876 4020 1061 4093 Ecclesiam
1090 4046 1150 4116 per
1177 4023 1450 4094 Nestorianorum
1484 4022 1638 4094 haeresin
1665 4023 1904 4119 usurpabatur,
1938 4028 1972 4096 in

607 4157 649 4205 ea
678 4140 817 4228 agnosci
845 4148 963 4231 potest.
1016 4138 1156 4233 Reliqua
1182 4142 1215 4208 in
1243 4143 1329 4211 notis
1357 4139 1617 4234 explicabuntur.
