5150 6534
631 878 633 883 v
686 839 727 916 Ill
752 839 960 917 titutdlhtt
985 841 1130 918 IGNthl
1156 841 1420 921 Ptttthttdttnu
1446 841 1690 921 Antiochum.
1803 844 1877 921 541

506 1027 571 1089 aliis
595 1025 680 1107 panis
704 1034 734 1086 et
756 1024 858 1087 vinum
880 1024 951 1088 liant
974 1042 1086 1104 corpus
1115 1033 1146 1087 et
1169 1026 1293 1109 sanguis
1324 1024 1453 1104 Christi,
1488 1043 1577 1107 quam
1604 1027 1663 1090 illis
1691 1047 1768 1109 quos
1797 1030 1898 1110 prius·

505 1134 627 1188 sanetus
661 1125 789 1204 Spiritus
822 1125 1065 1186 sanctificaverit.
1119 1124 1233 1186 Petitur
1263 1126 1363 1204 itaque
1393 1124 1512 1186 alilatus
1542 1134 1572 1188 et
1599 1126 1723 1208 illapsus
1752 1127 1880 1210 Spiritus

505 1225 612 1298 senati,
634 1224 665 1285 in
688 1224 767 1286 dona
790 1224 956 1303 preposita,
979 1230 1012 1284 ut
1035 1241 1071 1284 ea
1094 1221 1202 1284 efficiat
1225 1241 1337 1303 cerpus
1360 1224 1592 1305 et¹sanguioem
1616 1225 1744 1289 Christi:
1768 1227 1798 1288 in
1821 1225 1881 1289 Sa-

508 1323 673 1402 cerdotem,
697 1330 727 1384 et
749 1321 1157 1402 populumcircumstantern,
1180 1328 1213 1382 ut
1225 1320 1401 1385 sanctificati
1415 1323 1626 1403 mysteriorum
1642 1325 1880 1388 communionem

510 1441 577 1484 cum
600 1421 699 1483 lructu
723 1422 902 1502 percipiant,
926 1419 1006 1500 quod
1029 1437 1089 1482 non
1111 1419 1206 1481 semel
1228 1420 1329 1499 modo,
1353 1420 1407 1482 sed
1431 1422 1538 1482 iterata
1560 1423 1762 1502 postulatione
1783 1442 1881 1504 repe-

509 1521 591 1584 titur.
635 1518 688 1581 llla
710 1536 784 1579 vero
809 1525 840 1578 ut
860 1535 925 1597 per·
939 1520 1078 1598 illapsum
1100 1527 1255 1596 secretum,
1275 1538 1388 1597 ponem
1409 1520 1488 1580 laurac
1506 1519 1651 1598 perficiat
1671 1540 1782 1600 corpus
1803 1541 1881 1584 san-

509 1626 589 1680 ctum
616 1626 647 1679 et
668 1618 833 1678 attimacum
862 1616 938 1677 desa
960 1616 1089 1678 Christ-i:
1115 1618 1144 1678 in
1173 1635 1230 1697 qua
1259 1618 1347 1696 panis
1376 1625 1521 1697 vocatur,
1554 1618 1651 1680 hostia
1673 1638 1769 1700 super
1791 1637 1881 1700 quam

508 1716 604 1780 verba
628 1715 741 1779 Christi
763 1715 961 1795 pronunciata
984 1722 1063 1793 sunt,
1087 1733 1186 1795 neque
1210 1714 1288 1777 illam
1318 1733 1379 1777 nen
1408 1734 1476 1777 esse
1499 1734 1604 1777 verum
1635 1734 1746 1799 corpus
1770 1715 1882 1779 Christi

508 1815 627 1896 prohat,
651 1834 751 1895 neque
775 1815 1034 1876 consecrationem
1057 1813 1272 1875 nondumesse
1288 1813 1407 1876 saetam.
1442 1813 1517 1874 Nam
1531 1823 1673 1894 quantum
1696 1814 1732 1877 ad
1756 1817 1881 1895 primam

509 1922 626 1996 partem
650 1913 764 1986 attinet,
787 1911 818 1972 in
841 1911 976 1974 omnihus
1000 1911 1155 1994 Liturgiis,
1179 1919 1209 1973 et
1231 1913 1261 1973 in
1283 1912 1351 1991 ipso
1374 1910 1480 1974 Latino
1504 1910 1637 1991 Conone,
1661 1915 1748 1994 panis
1772 1913 1880 1994 appel-

508 2013 588 2076 latur
610 2013 707 2076 hostia
731 2018 920 2086 consecrata,
935 2012 1012 2091 ,quia
1035 2011 1121 2091 panis
1145 2018 1191 2071 est
1215 2010 1311 2072 oculis
1335 2018 1365 2072 et
1398 2010 1515 2092 palato,
1540 2014 1676 2091 quamvis
1699 2029 1808 2075 revera
1838 2012 1878 2074 sit

509 2129 621 2192 corpus
645 2110 766 2173 Christi.
813 2109 901 2182 Quod
931 2109 1093 2172 secundam
1121 2116 1255 2189 spectat,
1286 2110 1421 2190 quamvis
1451 2110 1509 2170 viri
1538 2108 1636 2188 docti,
1667 2130 1707 2171 ex
1735 2109 1879 2172 similibus

508 2210 585 2275 locis
609 2210 731 2292 probari
756 2209 1008 2286 existimaverint,
1040 2216 1129 2269 totam
1153 2207 1212 2269 vim
1236 2209 1474 2270 consecrationis
1503 2210 1533 2270 in
1560 2208 1755 2273 luvocatione
1786 2212 1882 2271 sancti

506 2311 639 2392 ‘Spiritus
662 2308 809 2371 contineri
817 2329 826 2382 ;
850 2309 879 2368 in
902 2308 1005 2369 verbis
1030 2306 1141 2369 Christi
1163 2325 1260 2388 prope
1283 2306 1409 2368 nullam:
1432 2307 1504 2369 nihil
1528 2315 1626 2370 tamen
1650 2309 1789 2386 ediciunt,
1813 2325 1881 2369 cum

507 2418 542 2472 ut
573 2408 642 2471 alibi
666 2407 847 2487 explicatum
876 2415 937 2485 est,
972 2424 1081 2486 preces
1111 2404 1244 2487 ejusdem
1272 2407 1442 2467 sententiae
1471 2424 1565 2485 super
1594 2406 1673 2469 dona
1702 2413 1881 2468 consecrata

509 2508 644 2592 legitime
667 2516 698 2568 et
720 2504 835 2585 absque
858 2504 917 2566 ulla
941 2507 1055 2566 erroris
1078 2504 1252 2584 suspicione
1280 2504 1357 2582 sieri,
1381 2521 1442 2565 non
1465 2503 1649 2566 Graecorum
1671 2503 1761 2566 modo
1791 2512 1882 2566 vete·

447 2639 453 2648 -
508 2625 575 2668 rum
604 2605 705 2666 Odleia
727 2603 943 2682 Eucharistica,
967 2603 1021 2665 sed
1045 2603 1239 2665 Orientalium
1263 2605 1404 2678 omnium,
1434 2601 1488 2666 sed
1511 2602 1652 2683 Gothiea,
1683 2602 1880 2681 Mosarahica,

509 2705 662 2767 Gallicana
686 2711 716 2765 et
739 2703 796 2764 alia
818 2702 970 2776 nonnulla,
994 2703 1090 2782 palam
1113 2702 1233 2765 iaciant.

597 2803 739 2883 Sequitur
761 2820 823 2863 vox
843 2801 1008 2880 perficiet:
1032 2820 1121 2882 quarn
1143 2793 1311 2878 vocem,'si
1334 2800 1400 2880 quis
1423 2801 1464 2861 ita
1486 2798 1615 2881 intelligi
1638 2798 1710 2860 velit
1734 2797 1881 2878 simplici·

509 2911 568 2979 ter,
589 2909 622 2963 ut
645 2902 929 2963 consummationem
953 2901 1191 2962 consecrationis
1211 2900 1273 2979 jam
1288 2896 1386 2960 sactae
1405 2917 1461 2978 per
1483 2898 1577 2960 verba
1600 2894 1759 2976 dominica,
1781 2886 1892 2982 signiss

509 3002 590 3077 licet,
612 3017 673 3061 non
696 2997 784 3059 facile
806 2998 979 3060 refelletur:
1011 3000 1066 3060 etsi
1088 2998 1290 3079 Liturgiarum
1312 3004 1451 3075 autores,
1485 2997 1522 3058 ad
1551 3014 1629 3077 quos
1652 2998 1881 3062 controversiae

510 3107 579 3161 ante
609 3106 762 3160 trecentos
792 3106 843 3159 aut
870 3095 960 3176 paulo
992 3096 1118 3177 amplius
1150 3114 1246 3158 annos
1280 3095 1475 3158 natae-lama
1503 3112 1564 3156 non
1591 3094 1747 3173 pervenit,
1775 3094 1812 3157 de
1846 3114 1883 3158 ea

507 3200 687 3278 quaestione
718 3215 778 3258 non
806 3195 947 3257 videntur
977 3196 1139 3277 cogitasse.
1198 3194 1285 3268 Quod
1321 3194 1413 3277 igitur
1447 3191 1638 3256 verisimilius
1668 3192 1883 3271 existimamus,

508 3296 581 3358 illud
605 3302 668 3358 est:
692 3295 785 3375 Syros
809 3313 865 3374 per
887 3312 994 3355 vocem
1003 3294 1160 3373 perficiat,
1184 3292 1331 3354 Graecam
1345 3289 1491 3355 τελειοῦν
1509 3292 1712 3374 expressisse,
1735 3294 1784 3354 cui
1806 3310 1882 3372 pro-

508 3394 606 3474 prium
629 3394 658 3455 in
682 3393 876 3475 significanda
901 3392 1130 3453 consecratione
1154 3390 1334 3454 domicilium
1357 3397 1415 3470 est,
1437 3410 1499 3453 non
1521 3391 1551 3452 in
1573 3389 1669 3453 saeris
1692 3390 1797 3465 modo,
1825 3393 1881 3454 sed

508 3493 539 3552 in
563 3491 697 3571 profanis
727 3491 937 3572 scriptoribus.
992 3490 1174 3570 Saepissime
1197 3490 1277 3552 enim
1301 3488 1434 3551 Graecas
1456 3507 1550 3552 voces
1574 3490 1745 3569 exprimunt
1769 3490 1881 3553 Orien-

509 3588 595 3667 rates,
618 3609 678 3653 non
702 3599 760 3652 tam
784 3590 947 3652 secundum
970 3590 1153 3672 singularem
1182 3608 1270 3668 quam
1293 3589 1405 3650 habent
1427 3588 1694 3670 significationem,
1723 3605 1812 3668 quam
1842 3606 1882 3651 ex

508 3689 648 3768 primaria
672 3691 800 3770 origine,
825 3689 906 3768 quod
929 3690 959 3750 in
981 3708 1059 3751 voce
1084 3676 1339 3750 drodeizvuodar
1368 3695 1398 3748 et
1421 3687 1451 3747 in
1474 3687 1588 3768 aliquot
1611 3687 1676 3749 aliis
1700 3686 1882 3749 observavi-

509 3805 583 3850 mus.
628 3788 713 3850 Unde
735 3807 842 3850 vocem
864 3771 948 3854 'how
971 3788 1077 3851 eadem
1100 3787 1320 3869 significatione
1344 3786 1549 3866 accipiendam
1572 3786 1793 3865 existimamus,
1823 3806 1882 3868 qua

509 3893 686 3966 sequentem
701 3885 830 3966 efficiat:
851 3896 884 3948 ut
908 3887 945 3948 ad
958 3906 1061 3949 varam
1077 3886 1295 3948 elementorum
1310 3887 1598 3973 transmutationem,
1621 3887 1686 3947 sivo
1704 3883 1880 3965 faciendam,

509 3985 573 4047 sive
595 3985 808 4065 perficiendam
832 3995 861 4047 et
885 3983 1157 4062 consummandam,
1180 3983 1340 4047 referatur.

577 4078 683 4156 verod
706 4087 842 4164 sequitur
866 4103 976 4164 corpus
999 4086 1178 4158 caloratum,
1207 4083 1399 4163 perspicuam
1420 4080 1617 4143 Orthodoxae
1647 4082 1729 4143 eirea
1758 4081 1882 4144 Eucha-

506 4181 623 4243 ristiam
654 4183 809 4244 doctrinae
838 4183 1079 4244 testificationem
1106 4181 1212 4261 hahet,
1252 4200 1360 4262 nempe
1388 4182 1418 4242 iu
1451 4180 1641 4243 Eucharistia
1669 4200 1740 4244 esse
1768 4199 1881 4261 corpus

510 4279 619 4342 Christi
641 4298 708 4342 cum
731 4283 827 4343 anima
851 4290 881 4343 et
904 4282 1069 4358 divinitate,
1093 4290 1125 4343 ut
1147 4283 1176 4342 in
1201 4280 1373 4344 Canonibus
1390 4279 1570 4341 Tridentinis
1595 4282 1796 4361 perscriptum
1819 4293 1880 4347 est:

510 4378 588 4457 quod
611 4383 727 4460 pariter
749 4381 787 4441 de
809 4382 957 4463 sanguine
981 4380 1207 4463 intelligendum
1235 4388 1292 4444 est.
1343 4378 1419 4440 Nam
1448 4397 1515 4440 cum
1543 4377 1660 4460 lgnatio
1690 4364 1881 4445 Patriarchae

507 4479 607 4539 autori
629 4479 715 4560 hujus
739 4478 833 4540 Officii
855 4498 918 4542 non
941 4487 1117 4542 occurreret
1146 4497 1209 4541 vox
1231 4495 1418 4560 synonyma,
1448 4495 1526 4558 quae
1548 4478 1644 4557 priori
1667 4479 1880 4559 responderet,

509 4593 596 4654 quam
619 4586 761 4658 repetere
784 4597 844 4641 non
868 4578 985 4640 sinebat
1007 4578 1165 4640 character
1187 4577 1236 4639 ille
1259 4575 1412 4639 scribendi
1435 4594 1524 4656 quem
1547 4584 1669 4637 secutus
1693 4587 1749 4653 est,
1772 4582 1882 4660 proxi·
1926 4573 1930 4578 ’

506 4692 585 4735 mam
608 4676 777 4756 significatu
800 4677 923 4760 delegit.
969 4677 1073 4757 ltaque
1094 4687 1202 4748 uentre
1232 4695 1309 4756 quae
1337 4693 1399 4738 vox
1425 4676 1550 4755 proprie
1578 4675 1803 4747 intetttqentein,
1831 4675 1882 4728 aut

508 4772 704 4851 intellipentio
724 4777 897 4853 praeditam
920 4775 1068 4855 designat,
1091 4776 1232 4855 sanguini
1247 4774 1413 4855 conjunxit,
1437 4792 1497 4853 quo
1519 4771 1740 4853 intelligeretur
1756 4766 1884 4849 sangui-

508 4886 577 4930 nem
601 4869 712 4934 Christi
735 4875 765 4934 in
788 4873 975 4936 Eucharistia
998 4875 1228 4952 praestantioris
1253 4891 1324 4936 esse
1345 4872 1480 4955 generis,
1503 4888 1592 4951 quam
1614 4870 1666 4949 qui
1688 4887 1729 4928 ex
1750 4883 1882 4946 corpore
1914 4859 1917 4862 ’

501 4966 636 5032 'humano
660 4970 832 5050 ellunditur,
855 4972 910 5034 sed
934 4972 1038 5034 eadem
1062 4990 1132 5033 esse
1156 4972 1328 5034 conditione
1358 4978 1389 5032 et
1412 4969 1568 5052 dignitate,
1591 4985 1627 5028 ac
1649 4966 1748 5045 ipsum
1770 4981 1881 5044 corpus

508 5063 636 5128 Domini.
679 5068 755 5130 Nam
789 5070 815 5132 si
844 5071 963 5133 diversa
993 5089 1070 5133 voce
1101 5088 1174 5133 usus
1205 5070 1313 5132 luisset
1342 5069 1495 5151 Ignatius,
1521 5075 1554 5128 ut
1584 5064 1626 5127 illi
1654 5082 1732 5144 quae
1763 5059 1883 5144 λογικῷ

509 5161 695 5228 Graecorum
725 5168 906 5250 respondet,
939 5187 1016 5249 quae
1045 5168 1137 5249 vulgo
1165 5169 1354 5248 spirituatem
1382 5166 1549 5250 significat,
1580 5171 1612 5225 et
1640 5180 1729 5244 quam
1758 5162 1882 5243 vulgata

508 5266 612 5327 versio
635 5284 692 5346 per
713 5269 864 5329 rationale
893 5267 1004 5331 cllerre
1028 5268 1125 5344 solet,
1147 5267 1327 5331 sententiam
1355 5267 1453 5328 minus
1475 5260 1663 5327 commodam
1692 5262 1774 5323 cirea
1797 5258 1883 5322 veri-

1597 5365 1681 5437 71*
