5150 6534
795 791 1751 934 utontttlscuuisost10ut
1880 852 1958 928 245

602 1037 767 1113 salutares
793 1062 875 1135 quus
901 1064 962 1136 pro
988 1038 1085 1111 nobis
1112 1043 1311 1122 sustinuisti,
1345 1050 1379 1111 et
1403 1062 1523 1135 passus
1554 1064 1610 1129 es,
1643 1046 1716 1138 quis
1739 1041 1959 1136 compenset?

602 1177 799 1251 omnemque
823 1156 1103 1251 dispensationem
1129 1165 1217 1227 trram
1243 1156 1421 1228 salntmem
1447 1167 1583 1252 propter
1607 1179 1688 1247 nos,
1715 1161 1788 1252 quis
1816 1157 1958 1229 adorare

592 1263 637 1343 'et
661 1270 833 1344 celebrare
859 1271 1018 1344 sufficiat?
1044 1270 1095 1342 Te
1114 1273 1213 1363 igitur
1231 1272 1458 1367 deprecamur,
1485 1272 1639 1360 Domine,
1666 1275 1788 1367 optime
1805 1284 1839 1344 et
1859 1297 1959 1346 ama-

601 1394 655 1460 tor
679 1386 855 1476 hominurn,
883 1397 918 1459 nt
943 1390 1139 1481 suscipiatur
1162 1386 1286 1459 oblatio
1313 1390 1376 1461 ista
1402 1410 1500 1481 mam
1527 1389 1713 1476 oderimus,
1740 1409 1852 1460 coram
1878 1413 1960 1462 ma-

597 1502 721 1593 jestate
747 1511 814 1592 tna,
841 1525 942 1598 super
967 1502 1072 1574 nitere
1099 1512 1187 1574 tunm
1214 1502 1400 1598 spirituale,
1433 1502 1520 1597 quod
1556 1502 1721 1577 excelsius
1757 1504 1861 1577 coelis
1895 1516 1959 1595 est,
2098 1602 2102 1611 ¹

599 1621 635 1690 in
660 1616 845 1691 habitaculo
870 1617 1089 1711 Angelorum,
1116 1621 1201 1689 iuter
1227 1630 1416 1693 sanctorum
1441 1632 1636 1707 conventnS,
1663 1624 1696 1691 in
1722 1619 1799 1694 loco
1826 1620 1959 1693 divinae

600 1744 678 1806 turae
702 1738 930 1831 praesentiae,
962 1739 996 1807 in
1022 1733 1237 1808 tabernaculo
1264 1738 1421 1831 primario
1449 1740 1570 1808 secreti
1604 1738 1671 1807 tui:
1706 1746 1742 1807 ut
1775 1759 1836 1831 per
1869 1735 1960 1808 illam

600 1848 691 1942 digni
727 1851 904 1923 efficiamur
940 1854 1172 1947 propitiatione
1207 1849 1401 1925 delictorum
1433 1860 1468 1922 et
1506 1854 1703 1924 remissione
1737 1860 1959 1946 peccatorum.

598 1964 745 2038 Etcum
769 1970 902 2040 veneris
931 1968 972 2039 ad
995 1966 1206 2058 judicandum
1231 1969 1332 2040 vivos
1359 1977 1393 2039 et
1418 1976 1588 2056 meruius,
1619 1989 1686 2040 non
1712 1968 1816 2038 intres
1841 1970 1874 2038 in
1896 1971 1959 2060 ju-

600 2081 719 2154 dicium
746 2105 820 2155 cum
846 2086 955 2155 servis
981 2086 1064 2169 tuis,
1099 2104 1166 2154 non
1200 2083 1319 2155 alliciat
1348 2104 1410 2155 nos
1438 2082 1589 2156 conlusio
1615 2086 1649 2154 in
1675 2093 1856 2176 conspectu
1882 2092 1959 2171 tuo;

551 2188 567 2275 J
599 2220 668 2271 non
694 2197 843 2290 abneges
870 2220 933 2270 nos
959 2220 1068 2294 neque
1095 2198 1187 2270 dicas
1212 2198 1329 2287 nobis,
1361 2198 1486 2270 Nescio
1520 2220 1601 2285 uos,
1634 2201 1667 2269 in
1698 2194 1764 2295 hoc
1796 2199 1870 2292 ipso
1906 2199 1959 2270 die

599 2335 723 2406 magno
749 2324 784 2385 et
809 2313 944 2388 terribili
965 2314 1172 2408 judiciorum.
1231 2314 1306 2386 Non
1340 2325 1436 2386 extra
1468 2316 1626 2409 projicies
1659 2336 1721 2386 nos
1755 2312 1797 2385 ad
1829 2324 1959 2409 portam

600 2427 791 2523 gehennae,
816 2432 850 2499 in
876 2430 985 2502 locum
1011 2430 1123 2519 lletus,
1150 2441 1183 2501 et
1208 2429 1360 2502 stridoris
1387 2429 1546 2518 dentium3
1573 2429 1634 2502 sed
1660 2430 1790 2523 respice
1815 2429 1960 2500 Domine

600 2550 811 2633 misericors,
845 2546 887 2617 ad
912 2546 1130 2618 infirmitatem
1156 2555 1191 2617 et
1216 2555 1443 2642 paupertatem
1476 2556 1642 2632 nostram,
1675 2554 1813 2640 propter
1837 2565 1960 2615 nomen

600 2669 690 2734 tuum
716 2671 882 2749 sanctum,
919 2661 1007 2755 quod
1031 2664 1221 2733 invocatum
1248 2671 1301 2733 est
1326 2683 1427 2755 super
1452 2683 1524 2734 nos.
1577 2660 1621 2733 Et
1651 2664 1734 2735 sicut
1767 2659 1855 2752 digni
1881 2659 1960 2729 lacti

601 2799 714 2850 sumus
741 2779 967 2872 pergratiam
994 2786 1082 2848 tuam
1110 2776 1197 2849 dono
1224 2782 1376 2872 corporis
1404 2787 1437 2847 et
1464 2780 1634 2869 sanguinis
1660 2780 1704 2849 tni
1731 2777 1959 2871 propitiatorii,

603 2891 742 2985 dignare
768 2904 803 2965 ut
829 2904 936 2965 tecum]
963 2895 1065 2965 simus
1089 2915 1200 2979 unum,
1226 2915 1288 2988 per
1314 2895 1530 2984 sanctitatem,
1557 2896 1700 2967 sicutte
1726 2915 1809 2964 unns
1837 2914 1875 2965 cs
1897 2914 1959 2986 per

600 3014 781 3082 esmntiam
806 3032 879 3081 cnm
907 3010 1004 3082 Patre
1030 3019 1086 3080 tuo
1113 3017 1147 3079 et
1172 3008 1296 3102 Spiritu
1323 3019 1389 3080 tuo.
1421 3009 1533 3104 Atque
1554 3020 1689 3105 propter
1706 3008 1790 3081 haec
1804 3006 1957 3080 Ecclesia
2038 3087 2044 3101 ,

601 3133 657 3196 tua
684 3134 799 3199 sancta
825 3135 859 3196 et
884 3124 1068 3196 haereditas
1095 3134 1151 3195 tua
1177 3126 1350 3219 poenitens
1386 3124 1582 3219 deprecatur
1615 3135 1666 3216 te,
1701 3135 1735 3196 et
1768 3148 1828 3220 per
1861 3134 1893 3196 te
1926 3133 1959 3194 et

602 3250 713 3313 tecum
738 3226 869 3337 patrem
895 3250 983 3312 tuum
1011 3239 1134 3311 dicens.

704 3356 866 3451 Populus.
918 3355 1090 3431 Miserere.

639 3503 648 3512 ·
705 3472 888 3543 Sacerdos.
940 3470 1013 3543 Nos
1040 3492 1181 3565 quoque.
1250 3521 1253 3525 ‡

706 3585 866 3680 Populus.
918 3585 1115 3661 Laudamus.

707 3701 881 3775 Sacerdos
906 3703 1087 3774 inclinatus
1112 3702 1196 3773 dicit
1221 3700 1475 3772 invocationem
1498 3700 1650 3793 Spiritus
1674 3704 1794 3772 suncti.

704 3818 771 3891 Per
797 3820 1067 3915 supplicationem
1095 3816 1137 3890 atl
1158 3828 1190 3890 te
1205 3817 1339 3906 iactam,
1358 3817 1501 3889 Domine
1518 3819 1610 3890 Deus
1627 3826 1723 3912 pater
1739 3820 1958 3913 omnipotenS,

601 3933 742 4030 Spiritum
768 3943 842 4006 turus
869 3944 903 4005 et
928 3937 1032 4006 virtus
1059 3944 1113 4005 tua
1141 3932 1376 4005 sanctificatrix
1392 3933 1579 4026 requiescat
1594 3956 1695 4028 super
1713 3932 1776 4006 hoc
1798 3944 1958 4024 sanctum,

602 4059 638 4122 et
662 4050 844 4123 sanctificet
870 4050 1056 4122 oblationes
1082 4053 1182 4138 istas,
1209 4058 1242 4120 et
1267 4046 1437 4133 illabatur,
1463 4048 1623 4136 resideat,
1650 4060 1684 4120 et
1709 4048 1834 4121 habitet
1859 4074 1959 4147 super

601 4188 722 4262 panem
747 4165 849 4253 hunc,
884 4176 916 4238 et
942 4187 1042 4260 snper
1067 4164 1136 4237 hoc·
1156 4167 1290 4250 vinum,
1323 4173 1356 4234 et
1386 4164 1464 4235 liant
1488 4186 1587 4235 unum
1614 4186 1736 4258 corpus
1763 4174 1797 4237 et
1822 4170 1958 4258 sangnis

601 4284 761 4374 unigeniti
786 4281 860 4353 Filii
885 4285 943 4369 tui,
969 4304 1030 4377 per
1057 4284 1209 4353 virtutem
1236 4290 1323 4351 tuarn
1350 4288 1385 4349 et
1410 4278 1549 4374 Spiritus
1576 4282 1620 4350 tui
1647 4282 1717 4351 vivi
1750 4291 1784 4352 et
1808 4285 1924 4353 sancti.

705 4396 889 4469 Sacerdos.
941 4395 1073 4469 Exaudi
1099 4419 1161 4468 me.

709 4512 869 4605 Populus.
922 4513 1026 4608 llyrie
1053 4511 1197 4603 eleison,
1229 4509 1334 4604 llyrie
1364 4508 1508 4595 eleison,
1540 4508 1645 4606 llyrie
1670 4510 1806 4584 eleison.

706 4627 880 4700 Sacerdos
905 4629 1041 4699 elecem
1066 4650 1190 4700 vocem.
1225 4626 1357 4719 corpus
1385 4626 1514 4721 quidem
1539 4624 1603 4698 hoo
1620 4624 1740 4698 Christi
1756 4627 1820 4698 Dei
1842 4631 1958 4717 nostri,

602 4744 659 4817 fiat
684 4747 717 4816 in
741 4747 861 4840 pignus
888 4748 978 4817 vitae
1003 4744 1145 4831 futurae,
1171 4763 1293 4837 corpus
1319 4739 1407 4813 hona
1434 4742 1488 4813 illa
1505 4745 1622 4814 novies
1638 4742 1850 4837 multiplicata
1866 4765 1956 4814 con-

601 4859 737 4950 ferens,
769 4883 854 4956 quae
880 4864 1045 4955 promissa
1072 4869 1164 4931 sunt:
1199 4879 1322 4952 corpus
1349 4857 1390 4928 ad
1417 4858 1551 4929 delicias
1577 4855 1651 4930 illas
1678 4857 1843 4929 coelestes
1870 4879 1956 4951 quae

602 4988 823 5072 expectantur
842 4998 1063 5072 praeparans,
1089 4974 1132 5046 ad
1155 4976 1402 5046 innovationem
1423 4977 1602 5046 animarum
1624 4994 1865 5068 corporumque
1886 4993 1956 5042 no-

602 5099 764 5182 strorum,
796 5091 839 5164 ad
871 5092 1133 5165 emundationem
1167 5093 1309 5162 omniurn
1342 5090 1488 5162 sordium
1520 5092 1629 5160 carnis
1660 5098 1694 5159 et
1725 5089 1876 5182 spiritus3
1913 5084 1955 5156 ad

601 5210 909 5303 praeservationem
936 5218 1081 5282 nostrum
1109 5203 1150 5276 ab
1178 5210 1265 5278 omni
1293 5208 1488 5300 operatione
1503 5205 1637 5296 maligni
1655 5203 1758 5287 hostis
1779 5206 1896 5293 nostri,
1922 5211 1957 5273 et

600 5325 704 5395 vitam
731 5332 909 5395 aeternam.
1023 5367 1026 5372 -
1728 5327 1732 5333 “

1680 5435 1758 5510 34*
1828 5545 1830 5550 Α
