5150 6534
858 856 900 933 IN
924 851 1131 933 mutulam
1154 853 1316 932 uolutus
1342 853 1582 933 ursoludsh.
1829 852 1906 929 435

630 1055 662 1118 5.
703 1043 817 1124 Aaron
839 1054 926 1137 hujus
955 1054 1121 1139 liturgiae,
1143 1063 1176 1118 ut
1203 1055 1321 1119 mediae
1343 1054 1449 1117 aetatis
1472 1056 1640 1137 scriptores
1661 1055 1831 1119 Officiorum
1853 1072 1908 1118 sa-

543 1176 664 1223 crorum
684 1177 783 1242 prope
805 1176 921 1237 omnes,
943 1157 1063 1239 longius
1084 1158 1213 1220 recessit
1226 1158 1350 1238 aprima
1372 1158 1423 1221 illa
1444 1158 1631 1239 simplicitate
1645 1177 1723 1240 qnae
1736 1159 1765 1221 in
1778 1157 1904 1220 Graecis

542 1258 734 1336 οιιεεῐιιιιπ,
755 1265 787 1321 ει
809 1275 896 1339 quam
918 1256 1031 1338 pariter
1052 1256 1148 1318 secuti
1169 1263 1239 1317 sunt
1260 1257 1347 1337 primi
1363 1257 1558 1337 syriacorum
1582 1265 1715 1336 autores,
1738 1257 1787 1320 vel
1809 1258 1908 1319 inter-

541 1364 658 1439 pretes.
706 1356 783 1420 l'ota
810 1364 909 1419 tamen
940 1354 1020 1417 illius
1049 1352 1242 1435 paraphrasis
1267 1355 1457 1418 institutionis
1487 1355 1714 1434 Eucharistiae,
1743 1375 1785 1418 ex
1813 1358 1908 1418 sacris

540 1455 640 1520 literis
665 1462 818 1535 contexta,
840 1454 913 1517 nihil
934 1453 1024 1516 habet
1045 1452 1125 1515 unde
1147 1455 1245 1534 possit
1272 1454 1421 1530 accusari,
1444 1473 1510 1516 cunr
1534 1454 1628 1519 verba
1650 1454 1806 1518 Dominica
1828 1446 1907 1517 con-'

542 1555 648 1635 linat,
670 1562 702 1617 ut
723 1555 755 1617 io
776 1553 945 1636 Evangelii,
974 1562 1005 1616 et
1033 1552 1099 1615 aliis
1121 1552 1264 1634 Litnrgiis
1286 1552 1438 1637 leguntur.
1468 1553 1639 1617 Occurrant
1660 1555 1691 1617 in
1713 1554 1826 1616 Latinis
1847 1572 1907 1639 ve-

543 1656 632 1739 tust'us
669 1654 822 1718 codicibus
857 1652 997 1734 exempla
1028 1652 1141 1732 aliquot
1173 1652 1295 1714 fusioris
1338 1651 1546 1733 explicationis
1582 1655 1794 1734 mysteriorum
1835 1660 1906 1734 post

543 1752 696 1817 mua.-
722 1772 827 1816 verum
854 1770 921 1815 eum
948 1751 986 1814 ad
1014 1768 1050 1815 ea
1073 1751 1167 1813 verba
1188 1758 1309 1813 ventum
1332 1759 1393 1827 est,
1420 1754 1472 1833 put
1495 1754 1599 1833 pridie
1625 1772 1716 1834 poam
1739 1759 1906 1833 poteretur,

544 1853 643 1918 ontio
665 1852 790 1916 breuior
811 1859 859 1916 est
880 1860 912 1915 et
933 1851 1107 1933 simplicior.

680 2112 716 2185 6.
759 2110 907 2183 Colicae
932 2112 1019 2183 bunc
1046 2114 1190 2206 efficiet,
1216 2112 1263 2182 cd
1287 2114 1517 2183 rocheiensem
1540 2117 1771 2204 peecatorum.

544 2394 547 2396 Α
638 2302 846 2382 hauseramus
868 2314 1049 2396 reliquarum
1071 2332 1138 2375 cum
1165 2314 1222 2376 ista
1255 2315 1440 2395 comparatio
1472 2312 1543 2376 lacit
1572 2323 1605 2376 ut
1632 2315 1663 2377 in
1691 2314 1749 2377 bac
1777 2316 1908 2381 Invoca-

539 2418 633 2483 tionis
655 2419 782 2500 Spiritus
804 2420 899 2481 sancti
921 2417 1017 2480 forma
1039 2416 1148 2479 deesse
1177 2415 1272 2480 verba
1294 2418 1434 2479 nonnulla
1464 2418 1662 2498 suspicemur.
1711 2419 1771 2481 lsta
1793 2421 1909 2484 scilicet

542 2524 577 2581 ut
597 2516 729 2581 Culicem
749 2518 828 2580 barac
850 2515 964 2598 efficiat
983 2517 1164 2595 Sanguinem
1192 2517 1256 2594 mus
1274 2517 1451 2595 pretiosum,
1473 2523 1528 2580 etc.
1551 2518 1583 2578 in
1604 2521 1813 2581 remissionem
1831 2539 1908 2600 pec-

544 2624 691 2682 catenen.
727 2615 789 2679 Cur
811 2617 890 2679 enim
912 2617 1084 2678 omittantur
1106 2633 1172 2676 cum
1203 2622 1307 2677 extent
1334 2616 1363 2676 in
1386 2614 1510 2676 Graecis
1532 2622 1563 2678 et
1586 2616 1651 2679 aliis
1675 2616 1824 2694 omnibus,
1846 2627 1907 2682 tum

544 2716 633 2780 eliam
655 2718 685 2778 in
707 2715 805 2797 prima
827 2715 961 2798 ejusdem
983 2716 1128 2777 orationis
1157 2720 1254 2795 parte,
1277 2730 1369 2777 causa
1390 2714 1471 2776 nulla
1493 2721 1551 2777 est.
1597 2716 1629 2778 Si
1658 2716 1724 2796 quis
1739 2716 1906 2782 *lectionem

542 2814 691 2896 integram
721 2832 791 2877 esse
820 2814 999 2891 contendat,
1021 2821 1054 2875 nt
1076 2812 1213 2876 eliciatur
1234 2812 1315 2892 inde,
1339 2829 1398 2874 nou
1422 2832 1463 2875 es
1485 2813 1684 2877 luvocationis
1697 2814 1805 2879 Verbis
1828 2836 1908 2880 con-

543 2914 762 2992 secrationem,
794 2921 845 2977 aut
876 2914 960 2993 illius
981 2914 1127 2996 integram
1156 2913 1214 2974 vim
1241 2914 1272 2973 in
1301 2912 1352 2976 illa
1379 2931 1449 2975 esse
1482 2914 1626 2994 positam,
1659 2932 1721 2977 non
1751 2915 1908 2979 admodum

543 2997 756 3095 pugnabimus,
778 3030 845 3075 cum
868 3011 898 3075 id
919 3011 1038 3075 aliunde
1065 3012 1137 3074 satis
1166 3017 1293 3073 constet.
1347 3013 1459 3075 Verum
1488 3019 1586 3075 tamen
1608 3015 1759 3094 supererit
1782 3016 1908 3077 maxima

543 3110 710 3191 didlcultas',
733 3128 770 3175 eo
794 3110 874 3193 quod
896 3111 1014 3192 integra
1046 3111 1086 3173 sit
1107 3109 1260 3173 Invocatio
1282 3129 1376 3192 super
1398 3128 1519 3192 panem
1534 3111 1787 3192 Eucharisticum,
1817 3121 1906 3195 atque

543 3210 622 3274 adeo
644 3210 712 3273 talis
735 3227 804 3274 esse
827 3227 919 3290 super
941 3209 1065 3272 calicem
1088 3209 1213 3272 debeat:
1237 3209 1318 3289 quod
1340 3209 1487 3291 explicari
1509 3211 1664 3274 commode
1687 3212 1739 3273 vix
1760 3218 1871 3293 potest.

835 3471 869 3541 7.
907 3470 1037 3541 Panem
1064 3492 1109 3540 ec
1134 3470 1246 3541 simila
1270 3473 1400 3542 mistum
1427 3493 1500 3541 cum
1526 3471 1613 3542 oleo.

636 3662 717 3757 an
740 3673 885 3755 Syrorum
907 3690 1020 3735 morem
1042 3674 1072 3734 in
1094 3672 1233 3754 parandis
1256 3672 1364 3736 oblatis
1378 3672 1592 3736 Eucharisticis
1606 3672 1906 3738 ioannesBasoren-

546 3780 589 3843 sis
611 3781 724 3857 innuat,
746 3793 807 3840 non
829 3776 948 3838 videtur
970 3776 1175 3839 dubitandum:
1199 3777 1336 3840 subtilius
1359 3786 1473 3852 tamen,
1497 3777 1526 3839 id
1554 3778 1702 3860 significat
1730 3798 1817 3859 quam
1838 3779 1906 3841 bla-

542 3876 650 3940 tbaeus
672 3877 777 3939 Pastor
798 3876 829 3937 in
850 3875 906 3937 hac
929 3874 1064 3957 liturgia
1093 3877 1143 3955 qui
1172 3893 1280 3956 panem
1309 3875 1493 3956 perlectum,
1525 3875 1584 3938 hoc
1613 3886 1660 3940 est
1689 3878 1806 3959 qualem
1834 3879 1904 3960 Syri

543 3974 657 4040 offerre
679 3975 777 4038 solent
800 3973 948 4037 Christum
970 3976 1127 4055 accepisse
1150 3973 1233 4048 dixit,
1257 3992 1323 4036 cum
1346 3974 1384 4038 de
1406 3994 1443 4038 eo
1466 3974 1591 4037 verbum
1613 3977 1724 4039 nullum
1747 3978 1777 4038 in
1799 3976 1905 4038 Evan-

543 4075 638 4160 gelio,
659 4093 717 4137 nec
739 4076 768 4137 in
790 4074 874 4136 Pauli
894 4074 1030 4156 Epistola
1061 4075 1099 4137 ad
1122 4073 1303 4152 Corinthios,
1326 4076 1436 4136 necin
1463 4075 1589 4137 vetustis
1612 4075 1722 4139 Officiis
1752 4081 1903 4140 occurrat.
1927 4125 1932 4132 .

542 4174 656 4251 llernm
677 4193 744 4238 cnm
764 4175 795 4236 in
817 4172 953 4237 Levitico
976 4174 1087 4237 oblatio
1111 4193 1151 4236 ex
1172 4172 1267 4236 simila
1297 4191 1371 4254 pura
1395 4173 1464 4236 oleo
1487 4190 1653 4255 conspersa
1675 4175 1799 4237 deberet
1822 4185 1903 4249 esse,

544 4273 690 4356 shnulque
712 4292 841 4356 granum
863 4272 958 4336 thuris
981 4275 1102 4356 imponi,
1125 4273 1156 4335 id
1181 4274 1424 4336 commemoravit
1445 4282 1542 4351 autor,
1565 4280 1706 4355 tanquam
1729 4273 1904 4357 disciplinae

544 4371 702 4436 Ecclesiae
724 4391 798 4435 suae
820 4371 1051 4453 tundamentum,
1076 4371 1186 4435 frustra
1209 4388 1297 4434 sane:
1321 4390 1379 4434 nec
1402 4373 1480 4433 enim
1502 4371 1610 4454 frigido
1640 4373 1699 4436 hoc
1728 4382 1904 4457 argumento

543 4470 676 4545 loannes
699 4471 868 4550 Patriareba
891 4471 1026 4554 ejusdem
1047 4480 1160 4549 sectae,
1184 4471 1234 4553 qui
1250 4471 1401 4552 ‘Syrorum
1423 4471 1604 4554 Apologiam
1626 4473 1757 4554 scripsit,
1781 4472 1902 4535 multum

543 4568 686 4648 tribuisse
708 4572 792 4633 visus
814 4578 870 4634 est.
915 4570 1034 4651 Quippe
1055 4572 1086 4632 in
1107 4569 1221 4633 similae
1252 4569 1403 4632 oblatione
1427 4570 1494 4631 thus
1515 4571 1735 4651 imponebatur,
1757 4572 1843 4652 cujus
1867 4572 1905 4634 ad
2006 4599 2028 4652 ‘.
2061 4638 2067 4654 ‚
2105 4635 2112 4650 ,

543 4666 655 4731 Panem
676 4668 913 4732 Eucharisticum
935 4687 1008 4731 usus
1031 4669 1129 4732 nullus
1152 4678 1211 4733 est:
1236 4669 1291 4733 sed
1313 4670 1395 4732 salis:
1424 4668 1462 4732 de
1485 4686 1545 4749 quo
1567 4670 1758 4734 admiscendo
1781 4670 1853 4732 nibil
1874 4671 1904 4731 in

543 4768 640 4830 ueteri
663 4768 818 4851 disciplina
841 4770 1034 4850 praecipitur.
1078 4768 1172 4850 liujus
1194 4787 1288 4850 porro
1311 4769 1453 4831 misturae
1483 4769 1555 4832 salis
1583 4778 1614 4833 et
1643 4770 1703 4833 olei
1731 4772 1903 4848 occasione,
1924 4851 1927 4856 Ι

542 4867 764 4930 retractandum
799 4874 847 4931 est
880 4866 961 4947 quod
990 4868 1020 4929 in
1050 4866 1269 4931 Commentario
1306 4867 1344 4929 ad
1374 4867 1507 4930 Officium
1540 4868 1685 4951 generale
1718 4871 1904 4953 scripsimus,

541 4959 719 5045 Dionysium
740 4966 885 5028 Barsalibi
908 4964 987 5027 illins
1015 4983 1077 5028 non
1106 4968 1274 5030 meminisse
1304 4969 1334 5029 in
1357 4967 1576 5031 Commentario
1606 4968 1644 5030 ad
1673 4968 1780 5032 Jacobi
1801 4970 1906 5034 Litur-

542 5062 632 5145 giam
662 5062 736 5127 Cum
759 5064 836 5126 enim
859 5063 929 5127 olim
951 5063 1031 5127 illum
1056 5065 1087 5127 in
1101 5064 1212 5128 Codice
1235 5065 1425 5149 legissemus,
1448 5068 1479 5129 in
1501 5083 1561 5147 quo
1583 5067 1656 5130 nihil
1677 5067 1779 5131 simile·
1793 5088 1905 5134 occur·
1953 5095 2016 5165 Pap.
2034 5097 2078 5149 66,

542 5162 639 5250 rebat,
662 5164 702 5226 ita
731 5165 963 5247 scripseramus3
993 5164 1050 5227 sed
1076 5164 1202 5227 alterum
1230 5165 1299 5246 dum
1326 5166 1401 5230 haec
1429 5166 1520 5228 editio
1552 5165 1736 5247 procederet
1764 5167 1906 5233 Codicem

543 5259 682 5342 uidimus,
704 5264 735 5325 in
757 5282 817 5345 quo
839 5264 985 5328 mistionis
1008 5263 1097 5339 illius,
1120 5270 1260 5345 mnquam
1282 5284 1300 5328 a
1322 5265 1406 5348 Syris
1430 5273 1594 5348 usurpatae
1615 5267 1756 5332 meminit.

594 5385 717 5431 romanu.
1653 5371 1702 5444 58
