5150 6534
992 820 1050 894 tn
1085 817 1591 896 tustottttttttttotttt
1741 905 1744 909 ,
1903 820 1980 896 639

608 1002 760 1085 proditum
783 1011 841 1080 est,
862 1010 896 1065 ut
918 1002 1091 1066 observavit
1113 1002 1151 1066 ad
1173 1002 1306 1065 Facundi
1328 1002 1551 1069 llermianensis
1578 1003 1686 1068 librum
1710 1002 1760 1067 Vl.
1788 1004 1842 1068 Vir
1869 1006 1981 1069 claris-

609 1102 701 1165 simus
722 1084 854 1167 lacobus
878 1099 1067 1167 sirmondus:
1090 1100 1222 1166 Verbum
1242 1101 1351 1164 Filium
1371 1102 1429 1165 Dei
1451 1121 1513 1166 non
1534 1102 1683 1166 bominem
1701 1101 1844 1165 mlieris
1856 1102 1981 1185 tactum,

608 1209 752 1282 suscepta
774 1202 902 1266 bumana
924 1208 1041 1275 natura,
1062 1199 1118 1263 sed
1140 1201 1344 1265 inhominem
1366 1201 1513 1264 exllaria
1536 1208 1637 1265 natum
1659 1208 1765 1283 postea
1782 1202 1813 1263 in
1826 1201 1979 1283 Baptismo

608 1297 814 1364 descendisse.
857 1299 938 1363 ldem
961 1307 1110 1362 testantur
1131 1299 1331 1363 Ebnassalus:
1355 1299 1447 1362 labia
1468 1301 1501 1362 F.
1520 1299 1589 1379 Adi,
1611 1300 1799 1379 Abulbircat,
1813 1301 1978 1383 Dionysius

606 1397 764 1479 Barsalibi‚
787 1408 820 1463 ει
841 1398 891 1462 alii
912 1417 974 1462 non
995 1399 1086 1480 pauci
1107 1397 1280 1464 Orientales
1304 1399 1465 1482 Theologi.
1503 1397 1547 1461 lta
1568 1400 1595 1463 si
1616 1400 1683 1481 quis
1706 1399 1744 1463 ad
1765 1400 1843 1462 hunc
1865 1400 1979 1463 Nesto-

606 1496 761 1561 rianorum
784 1499 955 1580 opinionem
977 1515 1013 1560 ea
1037 1495 1131 1560 verba
1145 1495 1307 1560 referenda
1325 1496 1528 1577 arbitrabitur,
1552 1497 1673 1561 babebit
1694 1498 1727 1561 in
1747 1498 1866 1562 illorum
1889 1500 1978 1563 testi-

605 1597 712 1660 moniis
735 1615 796 1662 non
818 1596 1067 1661 contemnendam
1089 1596 1290 1661 autoritatem.

738 1977 800 2049 11.
840 1974 884 2046 Ut
904 1976 1095 2046 memineris
1113 1977 1160 2047 ad
1187 1975 1278 2047 bama
1308 1974 1520 2047 oblationem
1547 1976 1692 2047 Petram
1715 1977 1845 2048 Patri-

1132 2104 1419 2193 creberrimam.

715 2330 808 2407 lusan
832 2340 923 2403 multa
945 2360 1022 2423 quae
1046 2339 1185 2423 Synodus
1200 2341 1427 2424 lliamperensis
1449 2342 1480 2403 in
1500 2340 1773 2423 Angamalensibus
1793 2340 1971 2405 Christianis

606 2445 829 2522 condemnavit,
861 2462 921 2507 non
948 2450 1104 2524 postrema
1134 2442 1187 2507 luit
1217 2446 1460 2508 commemoratio
1489 2463 1567 2527 quae
1590 2444 1649 2508 boc
1670 2445 1740 2509 loco
1763 2447 1893 2509 occurrit
1916 2447 1975 2508 Pa-

605 2544 812 2619 triarcbarum,
836 2542 1061 2623 Prophetarum,
1083 2543 1260 2624 Martyrum,
1283 2551 1315 2606 et
1328 2544 1454 2606 aliorum
1467 2544 1655 2621 Sanctorum,
1677 2551 1816 2627 tanquam
1837 2562 1895 2626 pro
1916 2545 1976 2607 illis

605 2652 726 2719 oretur,
753 2650 785 2704 ut
807 2642 895 2704 Deus·
912 2641 986 2722 ipsis
1008 2642 1092 2705 velut
1113 2643 1237 2724 reliquis
1261 2641 1399 2706 fidelibus
1423 2643 1572 2706 defunctis
1595 2645 1725 2725 quietem
1747 2651 1899 2725 praestet,
1921 2663 1976 2707 re·

605 2745 840 2821 missionemquc
861 2747 1057 2821 peccatorum
1078 2742 1235 2811 concedat.
1265 2742 1360 2805 Recte
1382 2760 1472 2806 sane:
1496 2742 1524 2804 id
1548 2743 1627 2805 enim
1649 2742 1739 2805 babet
1760 2742 1975 2807 Ecclesiastico

606 2842 778 2923 disciplina,
808 2847 841 2903 ut
870 2840 911 2903 ait
938 2840 1143 2925 Augustinus:
1188 2840 1277 2917 Quod
1296 2842 1400 2921 fideles
1420 2850 1568 2904 maereat
1588 2861 1656 2904 mam
1677 2842 1829 2925 Martyres
1851 2862 1887 2905 eo
1909 2844 1976 2906 loco

604 2943 772 3003 recitaamr
792 2940 835 3001 od
857 2938 1034 3014 altareDei,
1056 2939 1110 3001 ubi
1128 2959 1189 3002 noa
1207 2960 1267 3020 pro
1289 2942 1365 3021 apsis
1387 2949 1516 3004 matur:
1535 2961 1595 3021 pro
1618 2943 1748 3003 caeteris
1769 2949 1869 3003 autem
1891 2960 1977 3004 ccm-

605 3040 781 3102 memorata's
802 3023 953 3117 defunctis
974 3044 1090 3101 oratur.
1135 3037 1253 3117 injuria
1275 3047 1322 3101 est
1342 3039 1421 3101 emim
1438 3058 1499 3119 pro
1520 3046 1654 3122 martyre
1675 3058 1784 3115 orare,
1814 3042 1899 3119 caryits
1919 3061 1976 3104 aas
2096 3118 2097 3124 ἵ

607 3139 748 3220 dedecus
769 3136 961 3199 orationibus
989 3137 1203 3201 commmdam‘.
1247 3136 1355 3219 Neque
1384 3145 1483 3200 tamen
1514 3156 1550 3200 eu
1579 3138 1751 3219 suspicione
1777 3137 1975 3203 Nestorianos

606 3236 704 3300 teneri
726 3235 890 3297 verisimile
913 3242 976 3312 est,
999 3253 1087 3316 quam
1110 3234 1305 3299 Orientalium
1328 3237 1379 3319 qui
1401 3236 1439 3300 de
1460 3235 1662 3315 llaeresibus,
1692 3244 1722 3299 et
1752 3237 1897 3301 adversus
1919 3257 1975 3302 eos

481 3386 483 3389 .
603 3334 775 3399 nominatim
798 3336 1001 3415 scripserunt,
1030 3334 1129 3396 nullus
1158 3336 1188 3397 in
1217 3335 1276 3398 illis
1303 3335 1430 3398 notavit:
1459 3335 1514 3397 sed
1537 3354 1594 3398 nec
1616 3334 1676 3398 tale
1698 3335 1848 3418 quidpiam
1870 3339 1975 3417 suspi-
2053 3396 2056 3402 .

605 3435 710 3510 candi,
740 3452 831 3496 causa
861 3433 969 3496 idonea
1000 3432 1059 3494 ulla
1091 3440 1148 3497 εει.
1194 3433 1441 3498 constantissima
1463 3433 1542 3496 enim
1563 3436 1654 3497 totius
1676 3433 1832 3497 Ecclesiae
1855 3434 1973 3500 traditio

604 3542 651 3596 est
674 3552 709 3596 ea
732 3550 820 3612 quam
843 3532 1004 3615 Augustini
1026 3532 1127 3595 verbis
1151 3534 1357 3615 exposuimus,
1381 3550 1439 3595 nec
1462 3533 1499 3594 ab
1522 3551 1559 3595 ea
1582 3541 1776 3596 recesserunt
1791 3534 1974 3613 Nestorinni,

605 3632 769 3712 quinariis
794 3623 986 3694 Orationibus
1009 3631 1120 3693 Beatae
1142 3633 1255 3695 blariae
1277 3639 1309 3694 ει
1330 3632 1507 3695 Sanctorum
1530 3632 1779 3696 intercessionem
1801 3640 1919 3714 petunt,
1940 3641 1975 3696 ut

602 3737 687 3811 patet
710 3748 750 3791 cx
772 3729 871 3792 multis
887 3749 968 3811 quas
992 3730 1202 3814 Horologium,
1225 3738 1256 3795 ει
1278 3730 1328 3793 alii
1349 3730 1556 3794 Ecclesiastici
1579 3730 1646 3793 libri
1667 3739 1904 3812 repraesentant.
1939 3731 1973 3795 ln

603 3828 662 3890 illis
685 3847 723 3890 ne
739 3828 799 3890 ulla
818 3829 937 3909 quidem
951 3830 1093 3909 occurrit,
1116 3832 1146 3892 in
1170 3849 1229 3913 qua
1250 3848 1307 3912 pro
1330 3832 1436 3913 requie
1458 3832 1577 3896 illorum
1601 3841 1717 3913 oretur,
1739 3834 1794 3896 sed
1817 3834 1974 3898 laudantur

604 3936 743 4008 tanquam
766 3929 899 3992 victores
923 3929 1032 3992 diaboli
1055 3937 1086 3992 et
1107 3938 1336 4008 tormentorum,
1358 3938 1391 3992 ut
1411 3950 1486 4014 prae
1508 3933 1638 3994 caeteris
1650 3932 1680 3996 S.
1695 3933 1844 4015 Georgius
1866 3940 1897 3995 et
1918 3951 1973 3995 re-

604 4024 677 4105 liqui
698 4025 857 4108 Martyres.
901 4028 965 4090 Nec
987 4026 1029 4089 illi
1058 4027 1133 4107 soli,
1163 4029 1219 4093 sed
1242 4029 1279 4092 ad
1302 4029 1377 4093 alios
1399 4048 1509 4112 preces
1532 4030 1719 4112 diriguntur,
1748 4032 1831 4095 utin
1854 4034 1910 4095 ista
1935 4032 1972 4093 ad

602 4124 669 4186 lilar
690 4124 758 4187 Aba
781 4144 871 4189 unum
893 4146 932 4190 ex
954 4124 1072 4189 illorum
1097 4126 1269 4206 Catholicis,
1293 4128 1367 4193 baec
1389 4128 1541 4211 leguntur.
1572 4130 1668 4193 Pater
1686 4139 1790 4194 moster
1807 4128 1973 4212 praeclare

602 4232 632 4286 et
659 4232 779 4300 sancte,
807 4224 878 4288 Mar
903 4224 974 4287 Aba
1004 4223 1173 4301 Catbclice,
1203 4228 1256 4308 qai
1283 4238 1426 4307 operatus
1452 4248 1486 4291 es
1515 4248 1590 4311 opus
1608 4232 1749 4309 justitiae
1774 4232 1806 4292 ιιι
1832 4228 1973 4291 Ecclesia

602 4341 716 4402 sperma
738 4321 868 4400 Christi,
895 4325 948 4405 qai
968 4324 1105 4386 dilexisti
1121 4326 1269 4405 jejrtm'um
1292 4328 1527 4390 maraticam:
1549 4331 1765 4411 caritatemque
1785 4346 1890 4391 oercm
1911 4324 1973 4386 ba-
2083 4358 2087 4366 ·

601 4420 701 4487 baistt'.
746 4422 778 4484 ls
805 4423 870 4502 ipse
897 4424 983 4503 cajus
1012 4421 1151 4503 corporis
1175 4426 1329 4504 pretiosus
1356 4426 1518 4488 thesaurus
1546 4427 1596 4489 bic
1623 4435 1684 4491 est:
1711 4429 1841 4509 petimus
1868 4422 1908 4486 ab
1935 4442 1971 4484 eo

597 4522 746 4581 auritium
778 4527 808 4581 et
843 4523 1003 4584 sanitatem
1028 4540 1089 4601 pro
1118 4523 1255 4585 ommibus
1283 4526 1336 4604 qui
1361 4521 1468 4604 afflicti
1494 4525 1610 4588 morbis
1645 4526 1689 4588 ad
1721 4530 1750 4585 te
1784 4523 1969 4603 confugiant.

601 4617 684 4681 llaec
708 4620 804 4682 oratio
827 4628 858 4681 et
881 4620 1015 4702 ejusdem
1037 4623 1205 4685 sententiae
1227 4640 1287 4685 non
1310 4641 1442 4704 paucae,
1473 4623 1510 4686 ad
1538 4644 1594 4689 eos
1624 4624 1714 4706 dirigi
1742 4638 1803 4683 non
1832 4629 1969 4703 possunt,

601 4714 640 4777 de
675 4735 799 4798 quorum
835 4719 1017 4783 beatitudine
1052 4719 1213 4785 dubitetur.
1271 4720 1306 4784 ln
1338 4722 1452 4804 aliquot
1484 4723 1637 4787 codicibus
1678 4739 1739 4784 non
1772 4728 1855 4783 extat
1892 4721 1970 4785 baec

601 4834 689 4896 quam
712 4817 909 4898 expendimus
932 4820 1042 4882 oratio:
1074 4820 1129 4883 sed
1159 4839 1226 4884 cum
1256 4822 1456 4886 recentissimi
1485 4825 1561 4902 sint,
1592 4839 1646 4885 eos
1675 4820 1850 4884 emendatos
1874 4819 1970 4884 luisse

601 4931 662 4977 non
692 4916 869 4981 dubitamus.
914 4917 1011 5001 lgitnr
1029 4920 1121 5000 ,qnod
1145 4921 1336 4984 verisimilius
1359 4920 1478 4984 dehoc
1500 4930 1676 5005 argumento
1698 4921 1829 4999 videtur,
1851 4938 1971 5002 propo·

599 5031 717 5095 nemus.
762 5015 891 5092 Carent,
911 5025 945 5080 ut
967 5017 1038 5080 alibi
1060 5017 1170 5082 dictum
1190 5028 1241 5083 est
1261 5020 1401 5083 Rubricis
1422 5019 1569 5104 liturgici
1590 5039 1689 5102 prope
1711 5038 1816 5084 omnes
1839 5018 1968 5083 Codices

601 5111 782 5197 Orientales‚
808 5116 862 5178 sed
884 5116 1133 5180 Nestorianorum
1156 5120 1293 5185 maxime.
1339 5119 1498 5185 Orationes
1520 5122 1551 5183 in
1573 5120 1680 5203 quibus
1701 5121 1864 5184 memoriae
1885 5120 1969 5198 fiunt,

600 5211 630 5274 in
653 5213 719 5277 aliis
741 5232 819 5295 quae
842 5217 1012 5278 accuratius
1035 5217 1148 5298 scripta
1170 5228 1239 5282 sunt
1261 5220 1497 5303 exemplaribus,
1518 5228 1551 5282 ut
1573 5222 1604 5283 in
1627 5220 1751 5283 Graecis
1774 5228 1805 5283 et
1824 5217 1968 5301 Copticis,
