5150 6534
948 830 980 908 S.
1006 830 1175 909 llldlllSll
1200 832 1437 911 ll'lllllldllllll
1461 831 1638 910 EPlSCOPl.
1900 834 1979 922 207

601 1015 894 1112 Praedicatorum,
924 1014 1239 1109 Evangelistarum,
1271 1017 1477 1114 Martyrum,
1505 1016 1761 1108 confessorum,
1788 1021 1974 1095 zelatorum

602 1126 714 1205 cultus'
736 1131 848 1218 divini,
874 1128 1112 1220 beneficorum,
1139 1132 1375 1229 eleemosynas
1401 1132 1604 1224 facientium,
1630 1156 1748 1207 eorum
1773 1139 1829 1231 qui
1848 1158 1976 1210 nsces-

603 1247 755 1322 sitatibus
772 1268 956 1343 pauperum
975 1251 1230 1337 communicant,
1257 1259 1292 1320 et
1312 1247 1353 1320 ab
1371 1246 1537 1338 omnibus,
1563 1270 1629 1319 unu
1653 1248 1798 1323 laudatio
1818 1253 1862 1324 sit
1875 1249 1976 1323 hodie

602 1384 718 1435 coram
743 1372 790 1452 te,
816 1361 860 1434 ad
886 1362 992 1434 altare
1017 1362 1082 1436 lroc
1108 1375 1258 1436 sanctum
1285 1375 1320 1436 et
1345 1369 1380 1435 in
1405 1364 1592 1448 Jerusalem
1619 1364 1767 1458 coelesti

705 1478 856 1549 Eteonos
889 1499 1016 1550 cossas.
1067 1479 1112 1551 Et
1137 1489 1277 1575 propter
1301 1479 1386 1553 haec
1413 1489 1513 1575 utque
1539 1479 1604 1551 alia
1631 1477 1796 1570 ejusmodi
1818 1479 1976 1552 stabilia-

601 1600 656 1665 tur
679 1590 835 1666 Ecclesia
862 1601 920 1666 tua
946 1604 1081 1682 sancta,
1118 1618 1205 1689 quae
1238 1605 1291 1667 est
1326 1618 1346 1665 a
1379 1595 1498 1667 linibus
1530 1616 1637 1688 usque
1664 1593 1816 1667 adfines
1851 1606 1975 1684 terrae,

601 1718 892 1803 conservaturum
917 1712 952 1780 in
978 1710 1211 1803 tranquillitate
1237 1719 1272 1781 et
1297 1732 1400 1806 pace,
1426 1709 1650 1804 doctrinisque
1675 1709 1914 1803 Evangelicis,
1942 1720 1976 1783 et

601 1823 820 1919 Apostolicis,
846 1846 908 1920 per
934 1825 1109 1897 Antistites
1135 1825 1268 1899 divinos
1294 1835 1386 1896 recte
1413 1826 1646 1920 dispensantes
1672 1825 1815 1898 verbum
1840 1828 1974 1899 veritu-

600 1943 659 2029 b's,
684 1949 719 2011 et
733 1944 934 2013 instruentes
951 1940 1162 2031 dogmatibus
1181 1961 1286 2011 verae
1304 1940 1495 2032 religionis:
1521 1941 1588 2013 Per
1605 1941 1808 2015 Sacerdotes
1825 1951 1975 2031 sanctos,

601 2056 659 2149 qni
684 2055 924 2150 amplectuntur
949 2053 1090 2126 verbnm
1116 2057 1218 2140 vitae,
1246 2064 1280 2126 et
1306 2055 1482 2150 praeclare
1509 2078 1548 2127 se
1575 2059 1746 2148 geruntio
1769 2055 1974 2151 dispensen-

602 2167 655 2241 dis
686 2172 856 2266 mysteriis
889 2171 952 2241 tuis
986 2168 1206 2242 coelestibus:
1243 2192 1306 2265 per
1338 2170 1508 2243 Diaconos
1541 2171 1731 2257 modestos,
1765 2171 1976 2266 perficientes

600 2286 814 2357 ministerium
840 2306 958 2380 purum
986 2294 1019 2355 et
1045 2283 1161 2376 regale
1188 2283 1316 2377 absque
1343 2285 1493 2357 macula:
1526 2308 1587 2381 per
1613 2286 1728 2358 fideles
1755 2307 1880 2374 veros,
1917 2289 1973 2380 qui

601 2410 808 2496 occupantur
834 2400 994 2496 operibus
1021 2410 1054 2471 et
1085 2399 1212 2471 actibus
1240 2397 1429 2472 Christiano
1461 2400 1589 2493 dignis;
1620 2424 1682 2497 per
1715 2400 1857 2472 choreas
1888 2398 1975 2471 Vir-

598 2518 716 2607 girum
741 2519 913 2611 utriusque
939 2538 1064 2603 sexus,
1094 2514 1379 2587 mortificationem
1412 2515 1601 2602 vivificam,
1634 2517 1794 2608 unigeniti
1819 2513 1895 2587 Filii
1928 2517 1975 2585 tui

600 2632 634 2702 in
661 2630 819 2705 membris
847 2634 917 2704 suis
945 2629 1227 2703 circumferentes.
1285 2630 1399 2724 Atque
1432 2629 1507 2701 hinc
1542 2628 1609 2703 uno
1644 2633 1776 2724 agmine
1810 2633 1975 2703 mittamur

601 2766 720 2817 omnes
755 2745 798 2818 ad
829 2744 1017 2818 Ecclesiam
1049 2744 1137 2816 illam
1172 2745 1376 2832 Jerusalem,
1409 2749 1704 2839 primogenitorum
1736 2745 1974 2841 descriptorum

598 2862 636 2933 in
661 2859 780 2950 coelis,
807 2871 906 2956 atque
932 2860 999 2932 illic
1025 2860 1238 2956 spiritualiter
1263 2859 1488 2952 glorificemus
1516 2871 1549 2933 te
1575 2863 1668 2937 lleus
1695 2860 1806 2949 Pater,
1834 2870 1868 2932 et
1893 2862 1973 2932 uni-

599 2978 750 3068 genitum
775 2976 894 3048 Filium
920 2987 1021 3064 tuum,
1048 2984 1082 3047 et
1107 2974 1265 3070 Spiritum
1293 2986 1381 3047 tuum
1409 2987 1569 3048 sanctum.

707 3090 869 3183 Populos.
922 3093 1041 3163 Amen.

705 3203 881 3277 Sacerdos
916 3207 1109 3277 inclinatus.
1169 3204 1304 3295 Adjuva
1346 3214 1455 3277 autem
1492 3204 1635 3277 Domine
1670 3227 1731 3278 eos
1765 3228 1883 3279 omnes
1918 3210 1974 3301 qui

601 3320 962 3415 adjuvant-Ecclesiam
989 3332 1078 3392 tuam
1105 3330 1266 3409 sanctam,
1293 3324 1396 3410 votis,
1423 3320 1572 3405 decimis,
1599 3322 1792 3408 ministerio,
1819 3331 1854 3393 et
1871 3319 1973 3392 obla-

600 3436 765 3510 tionibus:
793 3447 893 3531 atque
919 3436 995 3509 illos
1022 3440 1121 3508 etiam
1150 3438 1206 3530 qui
1231 3434 1402 3531 postulant
1428 3438 1599 3506 orationes
1626 3440 1791 3509 tenuitatis
1824 3447 1973 3521 nostrae,

603 3550 645 3623 da
671 3551 736 3623 illis
761 3551 860 3624 linem
886 3550 1142 3647 postulationum
1167 3554 1330 3645 ipsorum,
1356 3550 1500 3621 Domine
1527 3558 1655 3621 amator
1679 3550 1855 3624 hominum.

703 3664 879 3753 Sacerdos
905 3667 1043 3737 elevans
1068 3687 1194 3737 vocem.
1248 3665 1343 3737 Mitte
1371 3675 1480 3736 autem
1507 3686 1621 3737 curam
1647 3664 1849 3759 perlectam,
1877 3664 1973 3738 salu-

522 3778 525 3787 ’
600 3791 734 3875 temque
759 3782 909 3878 plenam,
941 3780 1093 3853 omnibus
1120 3779 1184 3852 illis
1211 3783 1266 3876 qui
1294 3803 1407 3852 curam
1435 3791 1557 3872 gerunt
1581 3802 1783 3875 pauperum,
1815 3786 1871 3877 qni
1905 3780 1974 3853 ali-

600 3905 713 3970 menta
738 3895 902 3992 praebent
927 3895 1083 3993 orphanis
1111 3906 1146 3967 et
1178 3896 1307 3983 viduis,
1344 3898 1543 3988 visitantque
1575 3894 1723 3968 infirmos
1759 3907 1793 3966 et
1827 3896 1974 3969 afflictos.

601 4009 764 4085 Retribue
790 4011 870 4099 illis,
904 4010 957 4082 lric
989 4010 1119 4105 quidem
1154 4010 1387 4083 abundantiam
1415 4020 1447 4081 et
1479 4007 1586 4083 bona:
1627 4010 1694 4082 illic
1725 4032 1810 4082 vero
1839 4010 1975 4082 delicias

600 4127 883 4224 incorruptibiles,
911 4129 987 4221 quia
1015 4136 1049 4199 tu
1068 4125 1231 4198 Dominus
1258 4147 1297 4198 es
1324 4128 1494 4219 utriusque
1520 4126 1658 4213 saeculi,
1685 4133 1719 4196 et
1743 4124 1882 4219 largitor
1906 4129 1976 4197 im-

603 4264 744 4315 mensae
770 4242 953 4328 mercsdis,
987 4240 1112 4335 tibique
1138 4243 1297 4314 convenit
1325 4238 1562 4326 beneficentia,
1596 4251 1662 4312 tam
1688 4238 1741 4311 hic
1767 4261 1866 4332 quam
1897 4237 1976 4327 illic,

600 4366 636 4429 et
660 4360 831 4450 unigenito
857 4356 944 4429 Filio
971 4366 1038 4429 tuo.

704 4473 865 4565 Populus.
920 4472 1039 4544 Amen.

704 4585 881 4660 Sacerdos
907 4587 1099 4658 inclinatus.
1151 4586 1239 4658 Iram
1266 4587 1398 4677 Regum
1426 4586 1628 4679 comprime,
1662 4605 1683 4656 o
1718 4585 1797 4657 Rex
1828 4584 1974 4675 Regum,

598 4700 749 4774 furorem
774 4702 909 4774 militum
936 4723 1135 4797 compesce3
1160 4700 1249 4774 bella
1275 4710 1310 4771 et
1335 4698 1517 4772 seditiones
1544 4698 1658 4789 aufer,
1690 4699 1811 4773 fastum
1847 4696 1973 4768 baere-

600 4821 743 4890 ticorum
770 4816 895 4909 dejice,
928 4827 963 4888 et
995 4820 1178 4889 sententias
1211 4839 1230 4887 a
1260 4818 1387 4907 justitia
1414 4825 1468 4886 tua
1495 4824 1610 4887 contra
1637 4835 1700 4885 nos
1726 4814 1974 4908 pronunciatus,

601 4942 741 5025 superet
767 4953 862 5003 amor
889 4953 972 5024 erga
998 4929 1148 5005 homines
1175 4941 1260 5019 tuus,
1287 4940 1321 5002 et
1348 4939 1524 5031 conperiat
1550 4932 1584 5000 in
1597 4927 1881 5001 mansuetudinem
1908 4924 1976 4998 be-

600 5048 773 5138 nignitatis
798 5056 885 5119 tuae.

605 5205 615 5218 »
706 5161 856 5233 mana
880 5184 1006 5233 rocem.
1059 5160 1343 5254 Tranquillitatem
1368 5169 1403 5231 et
1427 5181 1546 5254 pacem
1573 5181 1659 5253 quae
1686 5183 1708 5232 a
1733 5169 1767 5231 te
1793 5165 1859 5247 est,
1885 5176 1975 5227 con-

585 5274 687 5351 cede
712 5284 824 5349 terrae
851 5288 886 5349 et
912 5276 1065 5351 omnibus
1091 5273 1332 5350 habitatoribus
1359 5278 1453 5368 ejus,
1488 5276 1589 5347 visita
1624 5296 1700 5346 eam
1724 5295 1788 5370 per
1812 5272 1976 5346 beneficia
