5150 6534
713 868 832 946 Mouet
857 866 1153 946 PRAEDIGATORIS
1178 867 1227 944 ET
1252 867 1546 945 EVANGELISTAE.
1737 867 1811 942 tre

551 1054 714 1148 Populos.
767 1055 872 1150 Kyrie
899 1054 1039 1143 eleison,
1065 1054 1170 1150 llyrie
1197 1054 1338 1143 eleison,
1364 1054 1469 1150 llyrie
1495 1052 1632 1126 eleison.

548 1156 732 1230 Sacerdos.
785 1158 830 1230 Ut
855 1157 1071 1244 benedicens,
1099 1167 1133 1228 et
1158 1156 1385 1246 sanctificans,
1419 1178 1542 1251 corpus
1579 1155 1700 1230 Christi
1726 1179 1812 1253 per-

444 1270 533 1345 ficiat
559 1295 679 1368 panem
706 1277 813 1346 istum.
1011 1273 1184 1366 Populea.
1229 1273 1350 1344 Amen.

549 1388 733 1461 Sacerdos.
785 1389 830 1461 Et
856 1389 995 1462 calicem
1021 1387 1118 1476 huno,
1146 1391 1340 1479 sanguinem
1367 1388 1490 1462 Christi
1515 1391 1580 1462 Dei
1607 1392 1721 1461 nostri.

548 1504 710 1597 Populos.
764 1507 883 1578 Amen.
1649 1487 1653 1496 ⁸

549 1619 699 1690 Eleoooe
725 1642 850 1691 vocem.
904 1619 948 1690 Ut
974 1623 1038 1690 sint
1063 1619 1161 1692 nobis
1187 1617 1271 1691 baec
1305 1622 1467 1714 mysteria
1501 1629 1616 1691 sancta
1651 1617 1693 1690 ad
1725 1640 1813 1714 pro-

444 1739 649 1831 pitiationem
676 1735 882 1823 delictorum,
910 1747 943 1807 et
968 1738 1199 1807 remissionem
1224 1746 1459 1829 peccatorum3
1494 1735 1534 1807 ad
1566 1736 1718 1806 fiduciam
1745 1734 1813 1805 ha-

444 1847 586 1921 bendam
613 1873 727 1922 coram
753 1850 872 1923 throno
899 1860 955 1925 tuo
982 1850 1140 1938 terribili,
1167 1842 1269 1922 edat
1296 1855 1543 1924 consistentiam
1571 1850 1697 1945 absque
1724 1872 1814 1922 con-

445 1963 594 2038 tusione:
622 1966 663 2037 ad
691 1965 861 2054 honorem,
888 1977 923 2038 et
949 1965 1210 2038 aedificationem
1228 1965 1405 2038 Ecclesiae
1431 1977 1507 2037 tuae
1534 1977 1682 2051 sanctae,
1710 1976 1743 2036 et
1770 1965 1812 2037 ad

446 2085 738 2154 conservationem
763 2082 903 2155 liliorum
930 2086 1003 2174 ejus
1019 2087 1092 2156 sine
1117 2094 1273 2178 peccato:
1302 2092 1335 2154 et
1360 2081 1545 2155 referemus
1572 2079 1630 2153 tibi
1656 2080 1811 2172 gloriam,

447 2206 481 2268 et
506 2202 687 2298 gratiarum
715 2201 886 2270 actionem.

549 2314 725 2384 Sacerdos
759 2314 950 2384 inclinatos.
1002 2315 1145 2387 Domine
1181 2313 1296 2401 Deus,
1341 2334 1456 2385 coram
1496 2323 1529 2385 te
1568 2314 1709 2386 inclinor
1747 2312 1814 2385 boe

446 2438 615 2523 tempore,
643 2439 677 2499 et
704 2428 867 2523 deprecor
893 2429 1099 2501 clementiam
1127 2441 1225 2516 tuam,
1255 2428 1376 2520 adjuva
1409 2453 1489 2516 me3
1520 2452 1623 2526 parce
1650 2429 1745 2519 mihi,
1779 2439 1813 2500 et

448 2545 590 2635 ignosce
616 2543 693 2615 mibi
719 2556 858 2638 peccata
885 2568 977 2633 mea3
1003 2548 1274 2640 insipientiasque
1300 2568 1406 2632 meos,
1434 2556 1468 2617 et
1482 2548 1669 2640 iniquitates
1697 2566 1813 2616 omnes
1897 2565 1901 2578 ·

447 2682 534 2753 quae
560 2684 581 2732 a
608 2683 661 2731 me
688 2670 899 2756 perpetratae
925 2671 1012 2749 sunt,
1040 2673 1194 2756 tanquam
1221 2659 1353 2733 bomine
1379 2682 1480 2770 carne
1506 2665 1639 2734 vestito.
1671 2662 1814 2757 Suscipe

447 2779 545 2848 etiam
573 2775 614 2847 de
641 2775 792 2847 manibus
819 2780 902 2859 meis
930 2775 1126 2849 sacrificium
1151 2776 1216 2848 hoc
1243 2776 1464 2870 praeclarum,
1490 2787 1523 2848 et
1535 2783 1753 2868 incruentum,
1780 2792 1814 2850 et

446 2892 573 2982 extolle
600 2914 703 2964 cornu
729 2891 903 2975 Ecclesiae
929 2905 1006 2965 tuae
1033 2903 1190 2981 sanctae,
1225 2902 1295 2963 toto
1328 2892 1411 2964 orbe
1438 2891 1594 2981 diffusae,
1626 2902 1660 2965 et
1686 2892 1814 2965 custodi

446 3016 601 3101 pastores
629 3012 701 3099 ejus
730 3007 955 3081 Orthodoxos
1009 3008 1194 3104 Praecipue
1221 3008 1399 3079 Dominum
1425 3007 1466 3078 N.
1493 3007 1717 3080 Patriaroham
1743 3030 1813 3081 no-

447 3133 563 3213 strum,
590 3134 624 3194 et
650 3124 826 3196 Dominum
852 3125 899 3216 N,
919 3124 1123 3219 Episcopum
1148 3135 1310 3210 nostrum,
1337 3133 1372 3194 et
1394 3123 1638 3219 Metropolitas,
1665 3136 1699 3197 et
1723 3123 1812 3219 Epi-

447 3260 572 3333 scopos
600 3227 815 3311 Orthodbxos
843 3244 876 3311 in
909 3241 1160 3333 tranquillitate,
1196 3251 1228 3311 et
1261 3262 1348 3335 pace
1383 3238 1533 3313 omnibus
1568 3241 1692 3315 diebus·
1721 3243 1812 3312 vitae

446 3374 547 3427 suae:
579 3355 782 3428 Sacerdotes
810 3379 941 3450 quoque
974 3355 1134 3445 decoros,
1162 3366 1196 3427 et
1220 3377 1341 3442 veros,
1373 3365 1408 3426 et
1433 3356 1604 3430 Diaconos
1630 3355 1812 3441 modestos,

445 3480 478 3541 et
503 3492 617 3565 puros,
646 3481 679 3542 et
706 3494 835 3543 omnem
864 3472 1022 3544 Ordinem
1049 3474 1144 3545 altari
1171 3483 1226 3544 tuo
1255 3483 1372 3544 sancto
1400 3471 1644 3550 deservientem
1669 3469 1812 3559 honora,

446 3597 481 3658 et
506 3585 635 3659 custodi
661 3587 736 3658 illos
764 3586 804 3658 ab
833 3587 984 3660 omnibus
1011 3588 1095 3661 dolis
1121 3611 1183 3682 per
1209 3592 1352 3679 gratiam
1378 3599 1476 3658 tuam.
1860 3569 1871 3600 '

551 3702 701 3773 Eleoom
726 3727 852 3774 ocrem.
880 3703 1045 3800 Conlirma
1072 3705 1214 3776 Domine
1241 3726 1303 3800 per
1329 3702 1533 3775 clementiam
1553 3712 1659 3791 mam,
1685 3702 1813 3775 Eccle-

446 3821 529 3889 siam
557 3829 645 3889 tuam
672 3829 820 3891 sanctam
847 3823 879 3889 in
907 3821 1081 3915 praeclaro
1114 3832 1201 3892 statu
1228 3843 1344 3892 eorum
1372 3824 1426 3914 qui
1457 3822 1490 3889 in
1523 3842 1564 3890 ea
1597 3818 1813 3890 Sacramenta

446 3933 691 4021 administrant,
719 3941 864 4029 piorum,
892 3947 926 4007 et
957 3945 1134 4008 rectorum.
1186 3936 1375 4032 Episcopus
1409 3939 1482 4027 ejus
1517 3939 1686 4029 sapientes
1720 3934 1813 4004 effice

444 4055 672 4145 pergratiam
701 4061 808 4139 tuam,
837 4061 870 4122 et
896 4052 1098 4126 Sacerdotes
1124 4055 1157 4121 in
1191 4052 1300 4166 gloria
1333 4049 1549 4144 perfectionis
1576 4054 1813 4146 mysteriorum

444 4175 573 4238 tuorum
600 4177 805 4255 sanctorum,
834 4177 867 4238 et
891 4169 1064 4240 Diaconos
1091 4169 1261 4238 ministerii
1288 4168 1333 4236 tui
1361 4164 1555 4258 spiritualis,
1591 4169 1624 4236 in
1659 4170 1813 4261 puritate,

446 4290 480 4350 et
506 4287 698 4370 sanctitate,
727 4294 760 4354 et
784 4281 940 4378 populum
969 4295 1056 4356 tuum
1084 4282 1214 4354 [idelem
1241 4291 1275 4353 et
1305 4291 1473 4368 sanctum,
1499 4281 1584 4354 tales
1613 4281 1751 4365 exhibe,
1779 4290 1814 4352 ut

446 4406 666 4489 perseverent
693 4420 811 4469 secure
842 4403 875 4469 in
909 4421 1037 4470 morum
1070 4396 1334 4470 Christianorum
1366 4395 1618 4486 observatione,
1655 4408 1690 4468 ut
1723 4396 1811 4468 festo
1859 4380 1868 4398 χ

450 4513 608 4606 spirituali
635 4513 803 4600 exultent,
831 4525 864 4584 et
890 4513 1037 4586 referant
1062 4513 1121 4586 tibi
1147 4515 1299 4606 gloriam.

553 4628 727 4700 Sacerdos
753 4630 943 4700 inclinatos.
976 4629 1019 4700 Et
1051 4630 1204 4701 sacrificii
1234 4628 1330 4720 hujus
1358 4628 1479 4717 divini,
1513 4652 1627 4701 coram
1661 4640 1694 4701 te
1725 4652 1812 4723 pro-

447 4747 562 4838 positi,
589 4756 755 4816 memento
782 4744 941 4817 Domine:
969 4745 1136 4817 sanctifica
1162 4767 1223 4841 per
1250 4745 1457 4816 clementiam
1484 4753 1588 4831 tuam,
1622 4757 1656 4816 et
1688 4745 1813 4839 perfice

446 4879 508 4931 nos
535 4859 621 4930 illius
652 4859 814 4931 beneficio
842 4861 884 4931 ad
910 4860 1107 4955 implendam
1135 4861 1339 4933 voluntatem
1368 4871 1453 4932 tuom
1480 4859 1622 4949 bonam,
1657 4871 1690 4931 et
1716 4863 1812 4931 vivi-

446 4975 556 5048 ficam:
589 4978 663 5050 illos
702 5001 787 5050 vero
822 4981 874 5074 qui
908 4978 959 5048 bis
994 4978 1214 5051 oblationibus
1246 4978 1549 5066 communicabunt,
1582 4981 1738 5068 ignosce,
1779 4984 1812 5046 et

448 5091 542 5166 salva
570 5117 631 5166 eos
659 5096 700 5167 ab
729 5093 879 5166 omnibus
906 5094 1000 5166 molis
1028 5117 1089 5189 per
1115 5098 1285 5165 caritatem
1313 5106 1411 5165 tuam.

551 5209 701 5282 Eleooos
725 5234 849 5281 nocem.
876 5208 920 5280 Et
947 5209 1043 5280 simul
1073 5232 1146 5280 oum
1182 5208 1246 5281 illis
1273 5209 1432 5296 Domine,
1468 5217 1633 5279 memento
1667 5208 1811 5279 omnium

448 5328 503 5420 qui
530 5329 688 5398 invocant
713 5348 834 5398 nomen
861 5336 951 5397 tuum
976 5336 1135 5398 sanetum.
1188 5326 1300 5420 Prope
1314 5325 1480 5396 adstantes
1498 5323 1655 5411 benedic,
1682 5322 1812 5396 absen-

489 5463 575 5505 rcrma
589 5462 612 5505 n.
1575 5443 1625 5515 26
