<?xml version="1.0" encoding="UTF-8"?>
<!DOCTYPE html PUBLIC "-//W3C//DTD XHTML 1.0 Transitional//EN"
    "http://www.w3.org/TR/xhtml1/DTD/xhtml1-transitional.dtd">
<html xmlns="http://www.w3.org/1999/xhtml" xml:lang="en" lang="en">
 <head>
  <title>
</title>
<meta http-equiv="Content-Type" content="text/html;charset=utf-8" />
  <meta name='ocr-system' content='tesseract 3.04.00' />
  <meta name='ocr-capabilities' content='ocr_page ocr_carea ocr_par ocr_line ocrx_word'/>
</head>
<body>
  <div class='ocr_page' id='page_1' title='image "./liturgiarumorie00renagoog_0070.png"; bbox 0 0 5150 6534; ppageno 0'>
   <div class='ocr_carea' id='block_1_1' title="bbox 740 801 1595 916">
    <p class='ocr_par' dir='ltr' id='par_1_1' title="bbox 740 801 1595 916">
     <span class='ocr_line' id='line_1_1' title="bbox 740 801 1595 916; baseline 0.002 -40"><span class='ocrx_word' id='word_1_1' title='bbox 740 801 789 916; x_wconf 18' lang='lat'><strong>3⁸2</strong></span> <span class='ocrx_word' id='word_1_2' title='bbox 1239 802 1595 881; x_wconf 76' lang='lat' dir='ltr'><strong>irrorari</strong></span> 
     </span>
    </p>
   </div>
   <div class='ocr_carea' id='block_1_2' title="bbox 739 985 2130 5369">
    <p class='ocr_par' dir='ltr' id='par_1_2' title="bbox 739 985 2103 1194">
     <span class='ocr_line' id='line_1_2' title="bbox 739 985 2103 1086; baseline 0.001 -27"><span class='ocrx_word' id='word_1_3' title='bbox 739 985 852 1077; x_wconf 87' lang='lat' dir='ltr'><strong>vobis,</strong></span> <span class='ocrx_word' id='word_1_4' title='bbox 880 998 914 1061; x_wconf 86' lang='lat' dir='ltr'><strong>et</strong></span> <span class='ocrx_word' id='word_1_5' title='bbox 938 1011 1000 1086; x_wconf 92' lang='lat' dir='ltr'><strong>pro</strong></span> <span class='ocrx_word' id='word_1_6' title='bbox 1026 989 1134 1062; x_wconf 91' lang='lat' dir='ltr'><strong>multis</strong></span> <span class='ocrx_word' id='word_1_7' title='bbox 1159 986 1311 1062; x_wconf 86' lang='lat' dir='ltr'><strong>fidelibus</strong></span> <span class='ocrx_word' id='word_1_8' title='bbox 1338 989 1522 1081; x_wconf 80' lang='lat' dir='ltr'><strong>effunditur,</strong></span> <span class='ocrx_word' id='word_1_9' title='bbox 1549 1000 1583 1062; x_wconf 90' lang='lat' dir='ltr'><strong>et</strong></span> <span class='ocrx_word' id='word_1_10' title='bbox 1600 990 1742 1062; x_wconf 89' lang='lat' dir='ltr'><strong>daturin</strong></span> <span class='ocrx_word' id='word_1_11' title='bbox 1758 990 1989 1061; x_wconf 80' lang='lat' dir='ltr'><strong>remissionem</strong></span> <span class='ocrx_word' id='word_1_12' title='bbox 2015 1009 2103 1083; x_wconf 87' lang='lat' dir='ltr'><strong>pec-</strong></span> 
     </span>
     <span class='ocr_line' id='line_1_3' title="bbox 740 1107 1562 1194; baseline 0 -19"><span class='ocrx_word' id='word_1_13' title='bbox 740 1113 901 1194; x_wconf 88' lang='lat' dir='ltr'><strong>catorum,</strong></span> <span class='ocrx_word' id='word_1_14' title='bbox 928 1115 962 1175; x_wconf 93' lang='lat' dir='ltr'><strong>et</strong></span> <span class='ocrx_word' id='word_1_15' title='bbox 987 1107 1089 1177; x_wconf 89' lang='lat' dir='ltr'><strong>vitam</strong></span> <span class='ocrx_word' id='word_1_16' title='bbox 1117 1114 1297 1177; x_wconf 89' lang='lat' dir='ltr'><strong>aeternam.</strong></span> <span class='ocrx_word' id='word_1_17' title='bbox 1560 1118 1562 1120; x_wconf 80' lang='grc'><strong>’</strong></span> 
     </span>
    </p>

    <p class='ocr_par' dir='ltr' id='par_1_3' title="bbox 842 1219 1149 1313">
     <span class='ocr_line' id='line_1_4' title="bbox 842 1219 1149 1313; baseline 0.003 -24"><span class='ocrx_word' id='word_1_18' title='bbox 842 1219 1004 1313; x_wconf 79' lang='lat' dir='ltr'><strong>Populos.</strong></span> <span class='ocrx_word' id='word_1_19' title='bbox 1030 1220 1149 1293; x_wconf 87' lang='lat' dir='ltr'><strong>Amen.</strong></span> 
     </span>
    </p>

    <p class='ocr_par' dir='ltr' id='par_1_4' title="bbox 739 1334 2105 1665">
     <span class='ocr_line' id='line_1_5' title="bbox 842 1334 2105 1431; baseline 0.002 -26"><span class='ocrx_word' id='word_1_20' title='bbox 842 1334 1026 1407; x_wconf 76' lang='lat' dir='ltr'><strong><em>Sacerdos.</em></strong></span> <span class='ocrx_word' id='word_1_21' title='bbox 1061 1336 1135 1408; x_wconf 91' lang='lat' dir='ltr'><strong>Hoc</strong></span> <span class='ocrx_word' id='word_1_22' title='bbox 1167 1335 1266 1407; x_wconf 85' lang='lat' dir='ltr'><strong>facite</strong></span> <span class='ocrx_word' id='word_1_23' title='bbox 1299 1340 1333 1407; x_wconf 93' lang='lat' dir='ltr'><strong>in</strong></span> <span class='ocrx_word' id='word_1_24' title='bbox 1369 1340 1562 1410; x_wconf 81' lang='lat' dir='ltr'><strong>memoriam</strong></span> <span class='ocrx_word' id='word_1_25' title='bbox 1592 1340 1676 1410; x_wconf 90' lang='lat' dir='ltr'><strong>mei:</strong></span> <span class='ocrx_word' id='word_1_26' title='bbox 1715 1340 1984 1431; x_wconf 76' lang='lat' dir='ltr'><strong>quotiescumque</strong></span> <span class='ocrx_word' id='word_1_27' title='bbox 2017 1337 2105 1407; x_wconf 90' lang='lat' dir='ltr'><strong>enim</strong></span> 
     </span>
     <span class='ocr_line' id='line_1_6' title="bbox 739 1449 2103 1546; baseline 0.001 -24"><span class='ocrx_word' id='word_1_28' title='bbox 739 1450 976 1523; x_wconf 86' lang='lat' dir='ltr'><strong>manducabitis</strong></span> <span class='ocrx_word' id='word_1_29' title='bbox 1010 1474 1129 1546; x_wconf 88' lang='lat' dir='ltr'><strong>panem</strong></span> <span class='ocrx_word' id='word_1_30' title='bbox 1161 1449 1247 1523; x_wconf 91' lang='lat' dir='ltr'><strong>bunc</strong></span> <span class='ocrx_word' id='word_1_31' title='bbox 1280 1463 1314 1524; x_wconf 92' lang='lat' dir='ltr'><strong>et</strong></span> <span class='ocrx_word' id='word_1_32' title='bbox 1344 1453 1481 1524; x_wconf 83' lang='lat' dir='ltr'><strong>calicem</strong></span> <span class='ocrx_word' id='word_1_33' title='bbox 1515 1456 1612 1527; x_wconf 88' lang='lat' dir='ltr'><strong>istum</strong></span> <span class='ocrx_word' id='word_1_34' title='bbox 1649 1451 1790 1542; x_wconf 88' lang='lat' dir='ltr'><strong>bibetis,</strong></span> <span class='ocrx_word' id='word_1_35' title='bbox 1825 1462 1962 1522; x_wconf 91' lang='lat' dir='ltr'><strong>mortem</strong></span> <span class='ocrx_word' id='word_1_36' title='bbox 1996 1473 2103 1523; x_wconf 86' lang='lat' dir='ltr'><strong>meam</strong></span> 
     </span>
     <span class='ocr_line' id='line_1_7' title="bbox 739 1566 2035 1665; baseline -0.002 -27"><span class='ocrx_word' id='word_1_37' title='bbox 739 1566 968 1639; x_wconf 81' lang='lat' dir='ltr'><strong>annuntiabitis</strong></span> <span class='ocrx_word' id='word_1_38' title='bbox 995 1577 1029 1639; x_wconf 91' lang='lat' dir='ltr'><strong>et</strong></span> <span class='ocrx_word' id='word_1_39' title='bbox 1053 1571 1332 1640; x_wconf 80' lang='lat' dir='ltr'><strong>resurrectionem</strong></span> <span class='ocrx_word' id='word_1_40' title='bbox 1357 1591 1464 1665; x_wconf 88' lang='lat' dir='ltr'><strong>meam</strong></span> <span class='ocrx_word' id='word_1_41' title='bbox 1491 1568 1734 1656; x_wconf 83' lang='lat' dir='ltr'><strong>confitebimini,</strong></span> <span class='ocrx_word' id='word_1_42' title='bbox 1761 1567 1867 1643; x_wconf 90' lang='lat' dir='ltr'><strong>donee</strong></span> <span class='ocrx_word' id='word_1_43' title='bbox 1893 1570 2035 1641; x_wconf 91' lang='lat' dir='ltr'><strong>veniam.</strong></span> 
     </span>
    </p>

    <p class='ocr_par' dir='ltr' id='par_1_5' title="bbox 739 1682 2105 2129">
     <span class='ocr_line' id='line_1_8' title="bbox 844 1682 2105 1777; baseline 0.002 -26"><span class='ocrx_word' id='word_1_44' title='bbox 844 1682 1004 1774; x_wconf 85' lang='lat' dir='ltr'><strong>Papulas.</strong></span> <span class='ocrx_word' id='word_1_45' title='bbox 1030 1683 1148 1757; x_wconf 91' lang='lat' dir='ltr'><strong>Mortis</strong></span> <span class='ocrx_word' id='word_1_46' title='bbox 1176 1695 1262 1773; x_wconf 91' lang='lat' dir='ltr'><strong>tuae,</strong></span> <span class='ocrx_word' id='word_1_47' title='bbox 1278 1683 1431 1774; x_wconf 91' lang='lat' dir='ltr'><strong>Domine,</strong></span> <span class='ocrx_word' id='word_1_48' title='bbox 1458 1688 1649 1758; x_wconf 86' lang='lat' dir='ltr'><strong>memoriam</strong></span> <span class='ocrx_word' id='word_1_49' title='bbox 1663 1688 1802 1777; x_wconf 85' lang='lat' dir='ltr'><strong>agimus,</strong></span> <span class='ocrx_word' id='word_1_50' title='bbox 1828 1686 2105 1757; x_wconf 88' lang='lat' dir='ltr'><strong>resurrectionem</strong></span> 
     </span>
     <span class='ocr_line' id='line_1_9' title="bbox 741 1794 2104 1896; baseline 0 -27"><span class='ocrx_word' id='word_1_51' title='bbox 741 1808 829 1869; x_wconf 93' lang='lat' dir='ltr'><strong>tuam</strong></span> <span class='ocrx_word' id='word_1_52' title='bbox 856 1798 1061 1889; x_wconf 88' lang='lat' dir='ltr'><strong>eonfitemur,</strong></span> <span class='ocrx_word' id='word_1_53' title='bbox 1076 1794 1078 1800; x_wconf 73' lang='grc'><strong>’</strong></span> <span class='ocrx_word' id='word_1_54' title='bbox 1094 1808 1129 1872; x_wconf 86' lang='lat' dir='ltr'><strong>et</strong></span> <span class='ocrx_word' id='word_1_55' title='bbox 1161 1800 1339 1872; x_wconf 86' lang='lat' dir='ltr'><strong>adventum</strong></span> <span class='ocrx_word' id='word_1_56' title='bbox 1372 1812 1461 1873; x_wconf 89' lang='lat' dir='ltr'><strong>tuom</strong></span> <span class='ocrx_word' id='word_1_57' title='bbox 1494 1802 1674 1875; x_wconf 89' lang='lat' dir='ltr'><strong>secundum</strong></span> <span class='ocrx_word' id='word_1_58' title='bbox 1706 1809 1941 1896; x_wconf 75' lang='lat' dir='ltr'><strong>expectamus,</strong></span> <span class='ocrx_word' id='word_1_59' title='bbox 1966 1801 2104 1871; x_wconf 90' lang='lat' dir='ltr'><strong>miseri-</strong></span> 
     </span>
     <span class='ocr_line' id='line_1_10' title="bbox 739 1914 2101 2011; baseline -0.001 -24"><span class='ocrx_word' id='word_1_60' title='bbox 739 1914 887 1987; x_wconf 86' lang='lat' dir='ltr'><strong>cordiam</strong></span> <span class='ocrx_word' id='word_1_61' title='bbox 912 1925 946 1986; x_wconf 89' lang='lat' dir='ltr'><strong>et</strong></span> <span class='ocrx_word' id='word_1_62' title='bbox 979 1918 1119 2009; x_wconf 87' lang='lat' dir='ltr'><strong>gratiam</strong></span> <span class='ocrx_word' id='word_1_63' title='bbox 1146 1939 1167 1986; x_wconf 90' lang='lat' dir='ltr'><strong>a</strong></span> <span class='ocrx_word' id='word_1_64' title='bbox 1193 1924 1226 1986; x_wconf 91' lang='lat' dir='ltr'><strong>te</strong></span> <span class='ocrx_word' id='word_1_65' title='bbox 1251 1916 1475 2011; x_wconf 88' lang='lat' dir='ltr'><strong>postulamus:</strong></span> <span class='ocrx_word' id='word_1_66' title='bbox 1507 1920 1737 1990; x_wconf 89' lang='lat' dir='ltr'><strong>remissionem</strong></span> <span class='ocrx_word' id='word_1_67' title='bbox 1769 1924 1983 2010; x_wconf 89' lang='lat' dir='ltr'><strong>peccatorum</strong></span> <span class='ocrx_word' id='word_1_68' title='bbox 2015 1936 2101 2009; x_wconf 93' lang='lat' dir='ltr'><strong>pre-</strong></span> 
     </span>
     <span class='ocr_line' id='line_1_11' title="bbox 740 2029 1880 2129; baseline 0.003 -28"><span class='ocrx_word' id='word_1_69' title='bbox 740 2053 870 2102; x_wconf 89' lang='lat' dir='ltr'><strong>camur:</strong></span> <span class='ocrx_word' id='word_1_70' title='bbox 898 2029 1145 2103; x_wconf 89' lang='lat' dir='ltr'><strong>misericordiae</strong></span> <span class='ocrx_word' id='word_1_71' title='bbox 1171 2040 1248 2102; x_wconf 90' lang='lat' dir='ltr'><strong>tuae</strong></span> <span class='ocrx_word' id='word_1_72' title='bbox 1275 2034 1341 2104; x_wconf 93' lang='lat' dir='ltr'><strong>sint</strong></span> <span class='ocrx_word' id='word_1_73' title='bbox 1366 2056 1467 2129; x_wconf 91' lang='lat' dir='ltr'><strong>super</strong></span> <span class='ocrx_word' id='word_1_74' title='bbox 1492 2055 1555 2107; x_wconf 90' lang='lat' dir='ltr'><strong>nos</strong></span> <span class='ocrx_word' id='word_1_75' title='bbox 1582 2054 1709 2104; x_wconf 90' lang='lat' dir='ltr'><strong>omnes.</strong></span> <span class='ocrx_word' id='word_1_76' title='bbox 1878 2112 1880 2118; x_wconf 54' lang='grc'>,</span> 
     </span>
    </p>

    <p class='ocr_par' dir='ltr' id='par_1_6' title="bbox 739 2144 2130 3401">
     <span class='ocr_line' id='line_1_12' title="bbox 841 2144 2105 2241; baseline 0 -24"><span class='ocrx_word' id='word_1_77' title='bbox 841 2144 1024 2217; x_wconf 80' lang='lat' dir='ltr'><strong>Sacerdos.</strong></span> <span class='ocrx_word' id='word_1_78' title='bbox 1051 2145 1246 2221; x_wconf 88' lang='lat' dir='ltr'><strong>Memoriam</strong></span> <span class='ocrx_word' id='word_1_79' title='bbox 1272 2150 1372 2240; x_wconf 91' lang='lat' dir='ltr'><strong>igilur</strong></span> <span class='ocrx_word' id='word_1_80' title='bbox 1399 2152 1549 2241; x_wconf 88' lang='lat' dir='ltr'><strong>agimus,</strong></span> <span class='ocrx_word' id='word_1_81' title='bbox 1574 2148 1735 2237; x_wconf 92' lang='lat' dir='ltr'><strong>Domine,</strong></span> <span class='ocrx_word' id='word_1_82' title='bbox 1766 2149 1883 2220; x_wconf 92' lang='lat' dir='ltr'><strong>mortis</strong></span> <span class='ocrx_word' id='word_1_83' title='bbox 1916 2156 1950 2218; x_wconf 89' lang='lat' dir='ltr'><strong>et</strong></span> <span class='ocrx_word' id='word_1_84' title='bbox 1983 2167 2105 2217; x_wconf 90' lang='lat' dir='ltr'><strong>resur-</strong></span> 
     </span>
     <span class='ocr_line' id='line_1_13' title="bbox 739 2261 2103 2358; baseline 0.001 -25"><span class='ocrx_word' id='word_1_85' title='bbox 739 2264 896 2335; x_wconf 77' lang='lat' dir='ltr'><strong>rectionIs</strong></span> <span class='ocrx_word' id='word_1_86' title='bbox 924 2271 1001 2332; x_wconf 91' lang='lat' dir='ltr'><strong>tuae</strong></span> <span class='ocrx_word' id='word_1_87' title='bbox 1027 2284 1047 2332; x_wconf 86' lang='lat' dir='ltr'><strong>e</strong></span> <span class='ocrx_word' id='word_1_88' title='bbox 1074 2261 1249 2357; x_wconf 89' lang='lat' dir='ltr'><strong>sepulchro</strong></span> <span class='ocrx_word' id='word_1_89' title='bbox 1277 2274 1355 2358; x_wconf 90' lang='lat' dir='ltr'><strong>post</strong></span> <span class='ocrx_word' id='word_1_90' title='bbox 1381 2264 1534 2353; x_wconf 90' lang='lat' dir='ltr'><strong>triduum,</strong></span> <span class='ocrx_word' id='word_1_91' title='bbox 1562 2276 1595 2335; x_wconf 90' lang='lat' dir='ltr'><strong>et</strong></span> <span class='ocrx_word' id='word_1_92' title='bbox 1621 2265 1826 2337; x_wconf 90' lang='lat' dir='ltr'><strong>ascensionis</strong></span> <span class='ocrx_word' id='word_1_93' title='bbox 1853 2271 1930 2333; x_wconf 89' lang='lat' dir='ltr'><strong>tuae</strong></span> <span class='ocrx_word' id='word_1_94' title='bbox 1955 2266 1990 2333; x_wconf 92' lang='lat' dir='ltr'><strong>in</strong></span> <span class='ocrx_word' id='word_1_95' title='bbox 2016 2285 2103 2334; x_wconf 89' lang='lat' dir='ltr'><strong>eoe-</strong></span> 
     </span>
     <span class='ocr_line' id='line_1_14' title="bbox 739 2377 2103 2474; baseline 0 -25"><span class='ocrx_word' id='word_1_96' title='bbox 739 2377 817 2466; x_wconf 89' lang='lat' dir='ltr'><strong>lum,</strong></span> <span class='ocrx_word' id='word_1_97' title='bbox 845 2386 879 2449; x_wconf 91' lang='lat' dir='ltr'><strong>et</strong></span> <span class='ocrx_word' id='word_1_98' title='bbox 905 2380 1065 2451; x_wconf 85' lang='lat' dir='ltr'><strong>sessionis</strong></span> <span class='ocrx_word' id='word_1_99' title='bbox 1093 2388 1169 2449; x_wconf 91' lang='lat' dir='ltr'><strong>tuae</strong></span> <span class='ocrx_word' id='word_1_100' title='bbox 1196 2377 1237 2449; x_wconf 92' lang='lat' dir='ltr'><strong>ad</strong></span> <span class='ocrx_word' id='word_1_101' title='bbox 1264 2378 1437 2451; x_wconf 88' lang='lat' dir='ltr'><strong>dexteram</strong></span> <span class='ocrx_word' id='word_1_102' title='bbox 1470 2378 1534 2450; x_wconf 91' lang='lat' dir='ltr'><strong>Dei</strong></span> <span class='ocrx_word' id='word_1_103' title='bbox 1560 2379 1682 2451; x_wconf 89' lang='lat' dir='ltr'><strong>Patris:</strong></span> <span class='ocrx_word' id='word_1_104' title='bbox 1715 2401 1910 2474; x_wconf 90' lang='lat' dir='ltr'><strong>rursumque</strong></span> <span class='ocrx_word' id='word_1_105' title='bbox 1941 2378 2103 2449; x_wconf 88' lang='lat' dir='ltr'><strong>adventus</strong></span> 
     </span>
     <span class='ocr_line' id='line_1_15' title="bbox 740 2492 2104 2589; baseline 0 -25"><span class='ocrx_word' id='word_1_106' title='bbox 740 2497 787 2564; x_wconf 93' lang='lat' dir='ltr'><strong>tui</strong></span> <span class='ocrx_word' id='word_1_107' title='bbox 813 2492 959 2580; x_wconf 89' lang='lat' dir='ltr'><strong>secundi,</strong></span> <span class='ocrx_word' id='word_1_108' title='bbox 987 2492 1140 2566; x_wconf 90' lang='lat' dir='ltr'><strong>terribilis</strong></span> <span class='ocrx_word' id='word_1_109' title='bbox 1167 2505 1202 2566; x_wconf 91' lang='lat' dir='ltr'><strong>et</strong></span> <span class='ocrx_word' id='word_1_110' title='bbox 1226 2494 1376 2587; x_wconf 85' lang='lat' dir='ltr'><strong>gloriosi,</strong></span> <span class='ocrx_word' id='word_1_111' title='bbox 1405 2518 1469 2589; x_wconf 96' lang='lat' dir='ltr'><strong>quo</strong></span> <span class='ocrx_word' id='word_1_112' title='bbox 1484 2494 1688 2587; x_wconf 88' lang='lat' dir='ltr'><strong>judicaturus</strong></span> <span class='ocrx_word' id='word_1_113' title='bbox 1715 2516 1752 2567; x_wconf 92' lang='lat' dir='ltr'><strong>es</strong></span> <span class='ocrx_word' id='word_1_114' title='bbox 1770 2494 1883 2568; x_wconf 93' lang='lat' dir='ltr'><strong>orbem</strong></span> <span class='ocrx_word' id='word_1_115' title='bbox 1911 2498 1943 2565; x_wconf 95' lang='lat' dir='ltr'><strong>in</strong></span> <span class='ocrx_word' id='word_1_116' title='bbox 1967 2496 2104 2585; x_wconf 88' lang='lat' dir='ltr'><strong>justitia,</strong></span> 
     </span>
     <span class='ocr_line' id='line_1_16' title="bbox 741 2605 2104 2706; baseline 0.001 -26"><span class='ocrx_word' id='word_1_117' title='bbox 741 2605 815 2680; x_wconf 84' lang='lat' dir='ltr'><strong>erim</strong></span> <span class='ocrx_word' id='word_1_118' title='bbox 841 2631 1105 2704; x_wconf 89' lang='lat' dir='ltr'><strong>unumquemque</strong></span> <span class='ocrx_word' id='word_1_119' title='bbox 1131 2620 1399 2682; x_wconf 89' lang='lat' dir='ltr'><strong>remuneraturus</strong></span> <span class='ocrx_word' id='word_1_120' title='bbox 1427 2634 1464 2683; x_wconf 91' lang='lat' dir='ltr'><strong>es</strong></span> <span class='ocrx_word' id='word_1_121' title='bbox 1491 2610 1670 2683; x_wconf 91' lang='lat' dir='ltr'><strong>secundum</strong></span> <span class='ocrx_word' id='word_1_122' title='bbox 1697 2632 1799 2706; x_wconf 91' lang='lat' dir='ltr'><strong>opera</strong></span> <span class='ocrx_word' id='word_1_123' title='bbox 1827 2634 1894 2682; x_wconf 86' lang='lat' dir='ltr'><strong>sua.</strong></span> <span class='ocrx_word' id='word_1_124' title='bbox 1931 2610 2104 2683; x_wconf 83' lang='lat' dir='ltr'><strong>Offerimus</strong></span> 
     </span>
     <span class='ocr_line' id='line_1_17' title="bbox 740 2723 2130 2821; baseline 0.001 -26"><span class='ocrx_word' id='word_1_125' title='bbox 740 2724 801 2798; x_wconf 91' lang='lat' dir='ltr'><strong>tibi</strong></span> <span class='ocrx_word' id='word_1_126' title='bbox 825 2723 890 2797; x_wconf 89' lang='lat' dir='ltr'><strong>boc</strong></span> <span class='ocrx_word' id='word_1_127' title='bbox 916 2724 1112 2796; x_wconf 84' lang='lat' dir='ltr'><strong>sacrificium</strong></span> <span class='ocrx_word' id='word_1_128' title='bbox 1138 2725 1285 2798; x_wconf 89' lang='lat' dir='ltr'><strong>terribile</strong></span> <span class='ocrx_word' id='word_1_129' title='bbox 1312 2736 1346 2798; x_wconf 93' lang='lat' dir='ltr'><strong>et</strong></span> <span class='ocrx_word' id='word_1_130' title='bbox 1371 2728 1585 2814; x_wconf 90' lang='lat' dir='ltr'><strong>incruentum,</strong></span> <span class='ocrx_word' id='word_1_131' title='bbox 1614 2736 1649 2797; x_wconf 91' lang='lat' dir='ltr'><strong>ut</strong></span> <span class='ocrx_word' id='word_1_132' title='bbox 1673 2748 1742 2798; x_wconf 92' lang='lat' dir='ltr'><strong>non</strong></span> <span class='ocrx_word' id='word_1_133' title='bbox 1762 2727 1941 2799; x_wconf 90' lang='lat' dir='ltr'><strong>seeundum</strong></span> <span class='ocrx_word' id='word_1_134' title='bbox 1967 2735 2130 2821; x_wconf 53' lang='lat' dir='ltr'><strong>peccata*</strong></span> 
     </span>
     <span class='ocr_line' id='line_1_18' title="bbox 739 2839 2106 2937; baseline -0.001 -27"><span class='ocrx_word' id='word_1_135' title='bbox 739 2849 855 2913; x_wconf 89' lang='lat' dir='ltr'><strong>nostra</strong></span> <span class='ocrx_word' id='word_1_136' title='bbox 883 2861 965 2932; x_wconf 88' lang='lat' dir='ltr'><strong>agas</strong></span> <span class='ocrx_word' id='word_1_137' title='bbox 992 2839 1164 2912; x_wconf 90' lang='lat' dir='ltr'><strong>nobiseum</strong></span> <span class='ocrx_word' id='word_1_138' title='bbox 1199 2840 1360 2933; x_wconf 90' lang='lat' dir='ltr'><strong>Domine,</strong></span> <span class='ocrx_word' id='word_1_139' title='bbox 1393 2863 1502 2937; x_wconf 92' lang='lat' dir='ltr'><strong>neque</strong></span> <span class='ocrx_word' id='word_1_140' title='bbox 1540 2842 1718 2915; x_wconf 89' lang='lat' dir='ltr'><strong>secundum</strong></span> <span class='ocrx_word' id='word_1_141' title='bbox 1752 2844 1938 2936; x_wconf 87' lang='lat' dir='ltr'><strong>iniquitates</strong></span> <span class='ocrx_word' id='word_1_142' title='bbox 1972 2847 2106 2924; x_wconf 90' lang='lat' dir='ltr'><strong>nostras</strong></span> 
     </span>
     <span class='ocr_line' id='line_1_19' title="bbox 740 2952 2107 3032; baseline -0.001 -6"><span class='ocrx_word' id='word_1_143' title='bbox 740 2954 905 3027; x_wconf 90' lang='lat' dir='ltr'><strong>retribuas</strong></span> <span class='ocrx_word' id='word_1_144' title='bbox 931 2952 1044 3028; x_wconf 90' lang='lat' dir='ltr'><strong>nobis:</strong></span> <span class='ocrx_word' id='word_1_145' title='bbox 1072 2954 1132 3027; x_wconf 90' lang='lat' dir='ltr'><strong>sed</strong></span> <span class='ocrx_word' id='word_1_146' title='bbox 1159 2956 1338 3029; x_wconf 92' lang='lat' dir='ltr'><strong>secundum</strong></span> <span class='ocrx_word' id='word_1_147' title='bbox 1365 2957 1646 3032; x_wconf 89' lang='lat' dir='ltr'><strong>mansuetudinem</strong></span> <span class='ocrx_word' id='word_1_148' title='bbox 1673 2966 1816 3028; x_wconf 89' lang='lat' dir='ltr'><strong>tuamet</strong></span> <span class='ocrx_word' id='word_1_149' title='bbox 1843 2978 1989 3029; x_wconf 92' lang='lat' dir='ltr'><strong>amorem</strong></span> <span class='ocrx_word' id='word_1_150' title='bbox 2018 2964 2107 3025; x_wconf 92' lang='lat' dir='ltr'><strong>tuum</strong></span> 
     </span>
     <span class='ocr_line' id='line_1_20' title="bbox 742 3070 2106 3169; baseline 0 -27"><span class='ocrx_word' id='word_1_151' title='bbox 742 3092 825 3164; x_wconf 87' lang='lat' dir='ltr'><strong>erga</strong></span> <span class='ocrx_word' id='word_1_152' title='bbox 850 3070 1001 3143; x_wconf 90' lang='lat' dir='ltr'><strong>homines</strong></span> <span class='ocrx_word' id='word_1_153' title='bbox 1028 3092 1184 3163; x_wconf 90' lang='lat' dir='ltr'><strong>magnum</strong></span> <span class='ocrx_word' id='word_1_154' title='bbox 1211 3081 1243 3144; x_wconf 94' lang='lat' dir='ltr'><strong>et</strong></span> <span class='ocrx_word' id='word_1_155' title='bbox 1268 3073 1482 3162; x_wconf 83' lang='lat' dir='ltr'><strong>ineffabilem,</strong></span> <span class='ocrx_word' id='word_1_156' title='bbox 1511 3072 1585 3145; x_wconf 89' lang='lat' dir='ltr'><strong>dele</strong></span> <span class='ocrx_word' id='word_1_157' title='bbox 1611 3082 1751 3169; x_wconf 87' lang='lat' dir='ltr'><strong>peccata</strong></span> <span class='ocrx_word' id='word_1_158' title='bbox 1777 3082 1903 3161; x_wconf 91' lang='lat' dir='ltr'><strong>nostra,</strong></span> <span class='ocrx_word' id='word_1_159' title='bbox 1931 3093 2106 3145; x_wconf 90' lang='lat' dir='ltr'><strong>servorum</strong></span> 
     </span>
     <span class='ocr_line' id='line_1_21' title="bbox 740 3186 2107 3287; baseline 0.001 -30"><span class='ocrx_word' id='word_1_160' title='bbox 740 3208 862 3282; x_wconf 89' lang='lat' dir='ltr'><strong>nempe</strong></span> <span class='ocrx_word' id='word_1_161' title='bbox 893 3196 1022 3259; x_wconf 87' lang='lat' dir='ltr'><strong>tuorum</strong></span> <span class='ocrx_word' id='word_1_162' title='bbox 1048 3187 1106 3259; x_wconf 91' lang='lat' dir='ltr'><strong>tibi</strong></span> <span class='ocrx_word' id='word_1_163' title='bbox 1142 3189 1401 3287; x_wconf 91' lang='lat' dir='ltr'><strong>supplicantium.</strong></span> <span class='ocrx_word' id='word_1_164' title='bbox 1453 3189 1600 3285; x_wconf 93' lang='lat' dir='ltr'><strong>Populus</strong></span> <span class='ocrx_word' id='word_1_165' title='bbox 1627 3193 1715 3260; x_wconf 89' lang='lat' dir='ltr'><strong>enim</strong></span> <span class='ocrx_word' id='word_1_166' title='bbox 1749 3197 1824 3260; x_wconf 90' lang='lat' dir='ltr'><strong>tuus</strong></span> <span class='ocrx_word' id='word_1_167' title='bbox 1857 3197 1890 3258; x_wconf 88' lang='lat' dir='ltr'><strong>et</strong></span> <span class='ocrx_word' id='word_1_168' title='bbox 1921 3186 2107 3259; x_wconf 86' lang='lat' dir='ltr'><strong>baereditas</strong></span> 
     </span>
     <span class='ocr_line' id='line_1_22' title="bbox 741 3301 1922 3401; baseline 0 -28"><span class='ocrx_word' id='word_1_169' title='bbox 741 3311 798 3375; x_wconf 79' lang='lat' dir='ltr'><strong>tire</strong></span> <span class='ocrx_word' id='word_1_170' title='bbox 827 3301 1083 3397; x_wconf 80' lang='lat' dir='ltr'><strong>deprecatorie</strong></span> <span class='ocrx_word' id='word_1_171' title='bbox 1110 3315 1144 3377; x_wconf 93' lang='lat' dir='ltr'><strong>et</strong></span> <span class='ocrx_word' id='word_1_172' title='bbox 1169 3330 1231 3401; x_wconf 93' lang='lat' dir='ltr'><strong>per</strong></span> <span class='ocrx_word' id='word_1_173' title='bbox 1257 3315 1351 3379; x_wconf 87' lang='lat' dir='ltr'><strong>teet</strong></span> <span class='ocrx_word' id='word_1_174' title='bbox 1377 3315 1485 3378; x_wconf 90' lang='lat' dir='ltr'><strong>tecum</strong></span> <span class='ocrx_word' id='word_1_175' title='bbox 1511 3309 1644 3378; x_wconf 90' lang='lat' dir='ltr'><strong>Patrem</strong></span> <span class='ocrx_word' id='word_1_176' title='bbox 1670 3315 1771 3391; x_wconf 75' lang='lat' dir='ltr'><strong>mum,</strong></span> <span class='ocrx_word' id='word_1_177' title='bbox 1799 3304 1922 3376; x_wconf 89' lang='lat' dir='ltr'><strong>dicens.</strong></span> 
     </span>
    </p>

    <p class='ocr_par' dir='ltr' id='par_1_7' title="bbox 844 3418 2005 3516">
     <span class='ocr_line' id='line_1_23' title="bbox 844 3418 2005 3516; baseline 0 -28"><span class='ocrx_word' id='word_1_178' title='bbox 844 3418 1006 3511; x_wconf 79' lang='lat' dir='ltr'><strong>Populos.</strong></span> <span class='ocrx_word' id='word_1_179' title='bbox 1032 3419 1195 3494; x_wconf 86' lang='lat' dir='ltr'><strong>Miserere</strong></span> <span class='ocrx_word' id='word_1_180' title='bbox 1220 3422 1314 3494; x_wconf 89' lang='lat' dir='ltr'><strong>Deus</strong></span> <span class='ocrx_word' id='word_1_181' title='bbox 1339 3422 1439 3493; x_wconf 88' lang='lat' dir='ltr'><strong>Pater</strong></span> <span class='ocrx_word' id='word_1_182' title='bbox 1467 3425 1685 3516; x_wconf 92' lang='lat' dir='ltr'><strong>omnipotens,</strong></span> <span class='ocrx_word' id='word_1_183' title='bbox 1712 3423 1872 3491; x_wconf 89' lang='lat' dir='ltr'><strong>miserere</strong></span> <span class='ocrx_word' id='word_1_184' title='bbox 1897 3418 2005 3491; x_wconf 91' lang='lat' dir='ltr'><strong>nobis.</strong></span> 
     </span>
    </p>

    <p class='ocr_par' dir='ltr' id='par_1_8' title="bbox 740 3534 2107 3747">
     <span class='ocr_line' id='line_1_24' title="bbox 847 3534 2107 3633; baseline 0.001 -29"><span class='ocrx_word' id='word_1_185' title='bbox 847 3534 1030 3607; x_wconf 84' lang='lat' dir='ltr'><strong>Sacerdos.</strong></span> <span class='ocrx_word' id='word_1_186' title='bbox 1083 3535 1155 3609; x_wconf 90' lang='lat' dir='ltr'><strong>Nos</strong></span> <span class='ocrx_word' id='word_1_187' title='bbox 1183 3540 1281 3609; x_wconf 89' lang='lat' dir='ltr'><strong>etiam</strong></span> <span class='ocrx_word' id='word_1_188' title='bbox 1307 3536 1424 3608; x_wconf 91' lang='lat' dir='ltr'><strong>inlirmi</strong></span> <span class='ocrx_word' id='word_1_189' title='bbox 1451 3547 1484 3607; x_wconf 87' lang='lat' dir='ltr'><strong>et</strong></span> <span class='ocrx_word' id='word_1_190' title='bbox 1509 3545 1707 3633; x_wconf 90' lang='lat' dir='ltr'><strong>peccatores</strong></span> <span class='ocrx_word' id='word_1_191' title='bbox 1739 3537 1919 3624; x_wconf 84' lang='lat' dir='ltr'><strong>servitui,</strong></span> <span class='ocrx_word' id='word_1_192' title='bbox 1952 3534 2107 3623; x_wconf 80' lang='lat' dir='ltr'><strong>Domine,</strong></span> 
     </span>
     <span class='ocr_line' id='line_1_25' title="bbox 740 3651 2021 3747; baseline 0 -27"><span class='ocrx_word' id='word_1_193' title='bbox 740 3651 867 3741; x_wconf 85' lang='lat' dir='ltr'><strong>gratias</strong></span> <span class='ocrx_word' id='word_1_194' title='bbox 894 3655 1023 3745; x_wconf 88' lang='lat' dir='ltr'><strong>agimus</strong></span> <span class='ocrx_word' id='word_1_195' title='bbox 1049 3651 1120 3743; x_wconf 90' lang='lat' dir='ltr'><strong>tibi,</strong></span> <span class='ocrx_word' id='word_1_196' title='bbox 1146 3652 1316 3726; x_wconf 89' lang='lat' dir='ltr'><strong>laudamus</strong></span> <span class='ocrx_word' id='word_1_197' title='bbox 1342 3663 1388 3744; x_wconf 89' lang='lat' dir='ltr'><strong>te,</strong></span> <span class='ocrx_word' id='word_1_198' title='bbox 1413 3675 1475 3747; x_wconf 91' lang='lat' dir='ltr'><strong>pro</strong></span> <span class='ocrx_word' id='word_1_199' title='bbox 1503 3652 1654 3725; x_wconf 90' lang='lat' dir='ltr'><strong>omnibus</strong></span> <span class='ocrx_word' id='word_1_200' title='bbox 1681 3663 1715 3724; x_wconf 92' lang='lat' dir='ltr'><strong>et</strong></span> <span class='ocrx_word' id='word_1_201' title='bbox 1739 3661 1877 3747; x_wconf 91' lang='lat' dir='ltr'><strong>propter</strong></span> <span class='ocrx_word' id='word_1_202' title='bbox 1903 3654 2021 3724; x_wconf 90' lang='lat' dir='ltr'><strong>omnia.</strong></span> 
     </span>
    </p>

    <p class='ocr_par' dir='ltr' id='par_1_9' title="bbox 741 3766 2108 4072">
     <span class='ocr_line' id='line_1_26' title="bbox 845 3766 2107 3859; baseline -0.001 -23"><span class='ocrx_word' id='word_1_203' title='bbox 845 3766 1007 3859; x_wconf 87' lang='lat' dir='ltr'><strong>Popatas.</strong></span> <span class='ocrx_word' id='word_1_204' title='bbox 1033 3767 1220 3841; x_wconf 86' lang='lat' dir='ltr'><strong>Laudamus</strong></span> <span class='ocrx_word' id='word_1_205' title='bbox 1247 3779 1298 3856; x_wconf 90' lang='lat' dir='ltr'><strong>te,</strong></span> <span class='ocrx_word' id='word_1_206' title='bbox 1325 3769 1555 3841; x_wconf 83' lang='lat' dir='ltr'><strong>benedicimus</strong></span> <span class='ocrx_word' id='word_1_207' title='bbox 1576 3780 1625 3857; x_wconf 89' lang='lat' dir='ltr'><strong>te,</strong></span> <span class='ocrx_word' id='word_1_208' title='bbox 1662 3779 1696 3840; x_wconf 91' lang='lat' dir='ltr'><strong>ct</strong></span> <span class='ocrx_word' id='word_1_209' title='bbox 1722 3769 1898 3839; x_wconf 89' lang='lat' dir='ltr'><strong>adoramus</strong></span> <span class='ocrx_word' id='word_1_210' title='bbox 1932 3776 1985 3854; x_wconf 89' lang='lat' dir='ltr'><strong>te,</strong></span> <span class='ocrx_word' id='word_1_211' title='bbox 2019 3785 2107 3857; x_wconf 90' lang='lat' dir='ltr'><strong>gra-</strong></span> 
     </span>
     <span class='ocr_line' id='line_1_27' title="bbox 742 3882 2108 3980; baseline 0 -28"><span class='ocrx_word' id='word_1_212' title='bbox 742 3884 807 3955; x_wconf 88' lang='lat' dir='ltr'><strong>tias</strong></span> <span class='ocrx_word' id='word_1_213' title='bbox 834 3886 962 3974; x_wconf 87' lang='lat' dir='ltr'><strong>agimus</strong></span> <span class='ocrx_word' id='word_1_214' title='bbox 989 3882 1046 3955; x_wconf 87' lang='lat' dir='ltr'><strong>tibi</strong></span> <span class='ocrx_word' id='word_1_215' title='bbox 1072 3893 1107 3956; x_wconf 91' lang='lat' dir='ltr'><strong>et</strong></span> <span class='ocrx_word' id='word_1_216' title='bbox 1132 3907 1308 3980; x_wconf 90' lang='lat' dir='ltr'><strong>precamur</strong></span> <span class='ocrx_word' id='word_1_217' title='bbox 1333 3907 1354 3956; x_wconf 89' lang='lat' dir='ltr'><strong>a</strong></span> <span class='ocrx_word' id='word_1_218' title='bbox 1379 3895 1414 3956; x_wconf 91' lang='lat' dir='ltr'><strong>te</strong></span> <span class='ocrx_word' id='word_1_219' title='bbox 1447 3890 1597 3973; x_wconf 88' lang='lat' dir='ltr'><strong>veniam,</strong></span> <span class='ocrx_word' id='word_1_220' title='bbox 1631 3885 1775 3958; x_wconf 91' lang='lat' dir='ltr'><strong>Domine</strong></span> <span class='ocrx_word' id='word_1_221' title='bbox 1801 3883 1912 3970; x_wconf 88' lang='lat' dir='ltr'><strong>Deus,</strong></span> <span class='ocrx_word' id='word_1_222' title='bbox 1948 3886 2108 3954; x_wconf 91' lang='lat' dir='ltr'><strong>miserere</strong></span> 
     </span>
     <span class='ocr_line' id='line_1_28' title="bbox 741 3996 1145 4072; baseline 0.01 -6"><span class='ocrx_word' id='word_1_223' title='bbox 741 3996 839 4071; x_wconf 93' lang='lat' dir='ltr'><strong>nobis</strong></span> <span class='ocrx_word' id='word_1_224' title='bbox 865 4005 899 4068; x_wconf 91' lang='lat' dir='ltr'><strong>et</strong></span> <span class='ocrx_word' id='word_1_225' title='bbox 925 3998 1145 4072; x_wconf 86' lang='lat' dir='ltr'><strong>exaudinos.</strong></span> 
     </span>
    </p>

    <p class='ocr_par' dir='ltr' id='par_1_10' title="bbox 742 4113 2106 4322">
     <span class='ocr_line' id='line_1_29' title="bbox 845 4113 2106 4211; baseline 0 -27"><span class='ocrx_word' id='word_1_226' title='bbox 845 4113 1029 4185; x_wconf 82' lang='lat' dir='ltr'><strong>Sacerdos.</strong></span> <span class='ocrx_word' id='word_1_227' title='bbox 1055 4114 1240 4211; x_wconf 90' lang='lat' dir='ltr'><strong>Praecipue</strong></span> <span class='ocrx_word' id='word_1_228' title='bbox 1265 4137 1351 4188; x_wconf 88' lang='lat' dir='ltr'><strong>vero</strong></span> <span class='ocrx_word' id='word_1_229' title='bbox 1379 4125 1514 4187; x_wconf 87' lang='lat' dir='ltr'><strong>sanctae</strong></span> <span class='ocrx_word' id='word_1_230' title='bbox 1541 4125 1575 4186; x_wconf 91' lang='lat' dir='ltr'><strong>et</strong></span> <span class='ocrx_word' id='word_1_231' title='bbox 1599 4114 1772 4207; x_wconf 81' lang='lat' dir='ltr'><strong>gloriosae</strong></span> <span class='ocrx_word' id='word_1_232' title='bbox 1799 4135 1931 4208; x_wconf 90' lang='lat' dir='ltr'><strong>semper</strong></span> <span class='ocrx_word' id='word_1_233' title='bbox 1957 4113 2106 4205; x_wconf 92' lang='lat' dir='ltr'><strong>Virginis</strong></span> 
     </span>
     <span class='ocr_line' id='line_1_30' title="bbox 742 4213 1840 4322; baseline 0.005 -23"><span class='ocrx_word' id='word_1_234' title='bbox 742 4227 863 4300; x_wconf 89' lang='lat' dir='ltr'><strong>beatae</strong></span> <span class='ocrx_word' id='word_1_235' title='bbox 888 4233 1058 4322; x_wconf 92' lang='lat' dir='ltr'><strong>genitricis</strong></span> <span class='ocrx_word' id='word_1_236' title='bbox 1084 4231 1148 4303; x_wconf 89' lang='lat' dir='ltr'><strong>Dei</strong></span> <span class='ocrx_word' id='word_1_237' title='bbox 1174 4231 1303 4303; x_wconf 92' lang='lat' dir='ltr'><strong>Mariae</strong></span> <span class='ocrx_word' id='word_1_238' title='bbox 1329 4234 1523 4304; x_wconf 90' lang='lat' dir='ltr'><strong>memoriam</strong></span> <span class='ocrx_word' id='word_1_239' title='bbox 1550 4235 1688 4322; x_wconf 89' lang='lat' dir='ltr'><strong>agimus.</strong></span> <span class='ocrx_word' id='word_1_240' title='bbox 1838 4213 1840 4216; x_wconf 25' lang='lat'><strong><em>¹</em></strong></span> 
     </span>
    </p>

    <p class='ocr_par' dir='ltr' id='par_1_11' title="bbox 742 4346 2105 4574">
     <span class='ocr_line' id='line_1_31' title="bbox 844 4346 2105 4442; baseline 0.001 -26"><span class='ocrx_word' id='word_1_241' title='bbox 844 4346 1031 4419; x_wconf 82' lang='lat' dir='ltr'><strong>Diaconos.</strong></span> <span class='ocrx_word' id='word_1_242' title='bbox 1064 4346 1231 4420; x_wconf 86' lang='lat' dir='ltr'><strong>Memento</strong></span> <span class='ocrx_word' id='word_1_243' title='bbox 1258 4347 1364 4436; x_wconf 92' lang='lat' dir='ltr'><strong>illius,</strong></span> <span class='ocrx_word' id='word_1_244' title='bbox 1389 4348 1533 4419; x_wconf 91' lang='lat' dir='ltr'><strong>Domine</strong></span> <span class='ocrx_word' id='word_1_245' title='bbox 1558 4347 1664 4437; x_wconf 91' lang='lat' dir='ltr'><strong>Deus,</strong></span> <span class='ocrx_word' id='word_1_246' title='bbox 1691 4357 1725 4418; x_wconf 91' lang='lat' dir='ltr'><strong>et</strong></span> <span class='ocrx_word' id='word_1_247' title='bbox 1750 4369 1811 4442; x_wconf 90' lang='lat' dir='ltr'><strong>per</strong></span> <span class='ocrx_word' id='word_1_248' title='bbox 1837 4347 1910 4436; x_wconf 88' lang='lat' dir='ltr'><strong>ejus</strong></span> <span class='ocrx_word' id='word_1_249' title='bbox 1935 4348 2105 4417; x_wconf 89' lang='lat' dir='ltr'><strong>orationes</strong></span> 
     </span>
     <span class='ocr_line' id='line_1_32' title="bbox 742 4462 1884 4574; baseline -0.001 -41"><span class='ocrx_word' id='word_1_250' title='bbox 742 4482 844 4557; x_wconf 89' lang='lat' dir='ltr'><strong>puras</strong></span> <span class='ocrx_word' id='word_1_251' title='bbox 871 4472 904 4533; x_wconf 89' lang='lat' dir='ltr'><strong>et</strong></span> <span class='ocrx_word' id='word_1_252' title='bbox 929 4472 1077 4552; x_wconf 89' lang='lat' dir='ltr'><strong>sanctas,</strong></span> <span class='ocrx_word' id='word_1_253' title='bbox 1103 4486 1207 4558; x_wconf 88' lang='lat' dir='ltr'><strong>parce</strong></span> <span class='ocrx_word' id='word_1_254' title='bbox 1233 4471 1267 4535; x_wconf 93' lang='lat' dir='ltr'><strong>et</strong></span> <span class='ocrx_word' id='word_1_255' title='bbox 1288 4466 1453 4574; x_wconf 79' lang='lat' dir='ltr'><strong>miserere</strong></span> <span class='ocrx_word' id='word_1_256' title='bbox 1477 4462 1576 4536; x_wconf 92' lang='lat' dir='ltr'><strong>nobis</strong></span> <span class='ocrx_word' id='word_1_257' title='bbox 1604 4474 1638 4535; x_wconf 91' lang='lat' dir='ltr'><strong>et</strong></span> <span class='ocrx_word' id='word_1_258' title='bbox 1663 4463 1785 4534; x_wconf 83' lang='lat' dir='ltr'><strong>exaudi</strong></span> <span class='ocrx_word' id='word_1_259' title='bbox 1812 4485 1884 4534; x_wconf 88' lang='lat' dir='ltr'><strong>nos.</strong></span> 
     </span>
    </p>

    <p class='ocr_par' dir='ltr' id='par_1_12' title="bbox 743 4576 2109 5253">
     <span class='ocr_line' id='line_1_33' title="bbox 845 4576 2105 4673; baseline -0.002 -26"><span class='ocrx_word' id='word_1_260' title='bbox 845 4577 1031 4651; x_wconf 82' lang='lat' dir='ltr'><strong>Diaconos.</strong></span> <span class='ocrx_word' id='word_1_261' title='bbox 1060 4579 1167 4666; x_wconf 85' lang='lat' dir='ltr'><strong>Quam</strong></span> <span class='ocrx_word' id='word_1_262' title='bbox 1194 4578 1347 4651; x_wconf 90' lang='lat' dir='ltr'><strong>terribilis</strong></span> <span class='ocrx_word' id='word_1_263' title='bbox 1375 4589 1427 4649; x_wconf 92' lang='lat' dir='ltr'><strong>est</strong></span> <span class='ocrx_word' id='word_1_264' title='bbox 1451 4577 1534 4649; x_wconf 90' lang='lat' dir='ltr'><strong>baec</strong></span> <span class='ocrx_word' id='word_1_265' title='bbox 1560 4578 1662 4651; x_wconf 89' lang='lat' dir='ltr'><strong>bora:</strong></span> <span class='ocrx_word' id='word_1_266' title='bbox 1689 4601 1787 4673; x_wconf 90' lang='lat' dir='ltr'><strong>quam</strong></span> <span class='ocrx_word' id='word_1_267' title='bbox 1814 4576 1990 4649; x_wconf 92' lang='lat' dir='ltr'><strong>timendum</strong></span> <span class='ocrx_word' id='word_1_268' title='bbox 2017 4585 2105 4645; x_wconf 91' lang='lat' dir='ltr'><strong>tem-</strong></span> 
     </span>
     <span class='ocr_line' id='line_1_34' title="bbox 743 4689 2106 4791; baseline -0.004 -24"><span class='ocrx_word' id='word_1_269' title='bbox 743 4716 806 4791; x_wconf 94' lang='lat' dir='ltr'><strong>pus</strong></span> <span class='ocrx_word' id='word_1_270' title='bbox 838 4694 943 4785; x_wconf 88' lang='lat' dir='ltr'><strong>istud,</strong></span> <span class='ocrx_word' id='word_1_271' title='bbox 979 4694 1089 4767; x_wconf 88' lang='lat' dir='ltr'><strong>dilecti</strong></span> <span class='ocrx_word' id='word_1_272' title='bbox 1124 4697 1209 4784; x_wconf 88' lang='lat' dir='ltr'><strong>mei,</strong></span> <span class='ocrx_word' id='word_1_273' title='bbox 1243 4717 1309 4789; x_wconf 93' lang='lat' dir='ltr'><strong>quo</strong></span> <span class='ocrx_word' id='word_1_274' title='bbox 1342 4694 1484 4790; x_wconf 84' lang='lat' dir='ltr'><strong>Spiritus</strong></span> <span class='ocrx_word' id='word_1_275' title='bbox 1517 4698 1616 4767; x_wconf 88' lang='lat' dir='ltr'><strong>vivus</strong></span> <span class='ocrx_word' id='word_1_276' title='bbox 1643 4705 1677 4765; x_wconf 89' lang='lat' dir='ltr'><strong>et</strong></span> <span class='ocrx_word' id='word_1_277' title='bbox 1710 4702 1843 4769; x_wconf 90' lang='lat' dir='ltr'><strong>sanctus</strong></span> <span class='ocrx_word' id='word_1_278' title='bbox 1880 4715 1926 4762; x_wconf 85' lang='lat' dir='ltr'><strong>ex</strong></span> <span class='ocrx_word' id='word_1_279' title='bbox 1960 4689 2106 4762; x_wconf 84' lang='lat' dir='ltr'><strong>excelsis</strong></span> 
     </span>
     <span class='ocr_line' id='line_1_35' title="bbox 745 4806 2106 4907; baseline -0.008 -23"><span class='ocrx_word' id='word_1_280' title='bbox 745 4808 939 4884; x_wconf 91' lang='lat' dir='ltr'><strong>sublimibus</strong></span> <span class='ocrx_word' id='word_1_281' title='bbox 972 4811 1059 4884; x_wconf 88' lang='lat' dir='ltr'><strong>coeli</strong></span> <span class='ocrx_word' id='word_1_282' title='bbox 1090 4810 1244 4899; x_wconf 83' lang='lat' dir='ltr'><strong>advenit,</strong></span> <span class='ocrx_word' id='word_1_283' title='bbox 1280 4810 1450 4883; x_wconf 91' lang='lat' dir='ltr'><strong>deseendit</strong></span> <span class='ocrx_word' id='word_1_284' title='bbox 1485 4820 1519 4881; x_wconf 91' lang='lat' dir='ltr'><strong>et</strong></span> <span class='ocrx_word' id='word_1_285' title='bbox 1553 4809 1695 4882; x_wconf 90' lang='lat' dir='ltr'><strong>illabitur</strong></span> <span class='ocrx_word' id='word_1_286' title='bbox 1731 4833 1831 4907; x_wconf 88' lang='lat' dir='ltr'><strong>super</strong></span> <span class='ocrx_word' id='word_1_287' title='bbox 1865 4806 2106 4879; x_wconf 86' lang='lat' dir='ltr'><strong>Eucharistiam</strong></span> 
     </span>
     <span class='ocr_line' id='line_1_36' title="bbox 743 4925 2106 5032; baseline -0.008 -34"><span class='ocrx_word' id='word_1_288' title='bbox 743 4925 829 4998; x_wconf 89' lang='lat' dir='ltr'><strong>bane</strong></span> <span class='ocrx_word' id='word_1_289' title='bbox 854 4928 888 4996; x_wconf 91' lang='lat' dir='ltr'><strong>in</strong></span> <span class='ocrx_word' id='word_1_290' title='bbox 915 4930 1102 5000; x_wconf 90' lang='lat' dir='ltr'><strong>sanctuario</strong></span> <span class='ocrx_word' id='word_1_291' title='bbox 1129 4930 1282 5032; x_wconf 80' lang='lat' dir='ltr'><strong>positam,</strong></span> <span class='ocrx_word' id='word_1_292' title='bbox 1309 4948 1449 5019; x_wconf 89' lang='lat' dir='ltr'><strong>eamque</strong></span> <span class='ocrx_word' id='word_1_293' title='bbox 1475 4928 1673 4999; x_wconf 85' lang='lat' dir='ltr'><strong>sanctificat:</strong></span> <span class='ocrx_word' id='word_1_294' title='bbox 1713 4949 1787 4998; x_wconf 92' lang='lat' dir='ltr'><strong>cum</strong></span> <span class='ocrx_word' id='word_1_295' title='bbox 1821 4929 1939 4997; x_wconf 90' lang='lat' dir='ltr'><strong>timore</strong></span> <span class='ocrx_word' id='word_1_296' title='bbox 1973 4929 2006 4992; x_wconf 91' lang='lat' dir='ltr'><strong>et</strong></span> <span class='ocrx_word' id='word_1_297' title='bbox 2031 4927 2106 4989; x_wconf 89' lang='lat' dir='ltr'><strong>tre-</strong></span> 
     </span>
     <span class='ocr_line' id='line_1_37' title="bbox 746 5033 2109 5134; baseline -0.006 -21"><span class='ocrx_word' id='word_1_298' title='bbox 746 5063 841 5128; x_wconf 87' lang='lat' dir='ltr'><strong>more</strong></span> <span class='ocrx_word' id='word_1_299' title='bbox 868 5052 989 5134; x_wconf 89' lang='lat' dir='ltr'><strong>estote,</strong></span> <span class='ocrx_word' id='word_1_300' title='bbox 1016 5052 1140 5117; x_wconf 88' lang='lat' dir='ltr'><strong>stantes</strong></span> <span class='ocrx_word' id='word_1_301' title='bbox 1168 5051 1201 5114; x_wconf 91' lang='lat' dir='ltr'><strong>et</strong></span> <span class='ocrx_word' id='word_1_302' title='bbox 1227 5053 1370 5115; x_wconf 89' lang='lat' dir='ltr'><strong>orantes.</strong></span> <span class='ocrx_word' id='word_1_303' title='bbox 1397 5043 1472 5114; x_wconf 85' lang='lat' dir='ltr'><strong>Pax</strong></span> <span class='ocrx_word' id='word_1_304' title='bbox 1497 5041 1669 5116; x_wconf 89' lang='lat' dir='ltr'><strong>nobiscum</strong></span> <span class='ocrx_word' id='word_1_305' title='bbox 1695 5047 1752 5133; x_wconf 88' lang='lat' dir='ltr'><strong>sit,</strong></span> <span class='ocrx_word' id='word_1_306' title='bbox 1789 5050 1822 5111; x_wconf 92' lang='lat' dir='ltr'><strong>et</strong></span> <span class='ocrx_word' id='word_1_307' title='bbox 1841 5033 2017 5133; x_wconf 43' lang='lat' dir='ltr'><strong>,securitas</strong></span> <span class='ocrx_word' id='word_1_308' title='bbox 2044 5034 2109 5106; x_wconf 92' lang='lat' dir='ltr'><strong>Dei</strong></span> 
     </span>
     <span class='ocr_line' id='line_1_38' title="bbox 745 5155 2055 5253; baseline -0.008 -23"><span class='ocrx_word' id='word_1_309' title='bbox 745 5157 853 5235; x_wconf 87' lang='lat' dir='ltr'><strong>Patris</strong></span> <span class='ocrx_word' id='word_1_310' title='bbox 880 5165 1023 5232; x_wconf 91' lang='lat' dir='ltr'><strong>omnium</strong></span> <span class='ocrx_word' id='word_1_311' title='bbox 1048 5170 1209 5249; x_wconf 87' lang='lat' dir='ltr'><strong>nostrum,</strong></span> <span class='ocrx_word' id='word_1_312' title='bbox 1235 5159 1413 5231; x_wconf 90' lang='lat' dir='ltr'><strong>clamemus</strong></span> <span class='ocrx_word' id='word_1_313' title='bbox 1441 5170 1475 5230; x_wconf 87' lang='lat' dir='ltr'><strong>et</strong></span> <span class='ocrx_word' id='word_1_314' title='bbox 1502 5159 1647 5231; x_wconf 87' lang='lat' dir='ltr'><strong>dieamus</strong></span> <span class='ocrx_word' id='word_1_315' title='bbox 1674 5170 1733 5231; x_wconf 89' lang='lat' dir='ltr'><strong>ter.</strong></span> <span class='ocrx_word' id='word_1_316' title='bbox 1786 5156 1892 5253; x_wconf 80' lang='lat' dir='ltr'><strong>Kyrie</strong></span> <span class='ocrx_word' id='word_1_317' title='bbox 1919 5155 2055 5228; x_wconf 89' lang='lat' dir='ltr'><strong>eleison.</strong></span> 
     </span>
    </p>

    <p class='ocr_par' dir='ltr' id='par_1_13' title="bbox 850 5274 1937 5369">
     <span class='ocr_line' id='line_1_39' title="bbox 850 5274 1937 5369; baseline -0.006 -23"><span class='ocrx_word' id='word_1_318' title='bbox 850 5275 1024 5360; x_wconf 86' lang='lat' dir='ltr'><strong>Sacerdos</strong></span> <span class='ocrx_word' id='word_1_319' title='bbox 1048 5276 1230 5349; x_wconf 80' lang='lat' dir='ltr'><strong>incliaatas</strong></span> <span class='ocrx_word' id='word_1_320' title='bbox 1256 5275 1340 5347; x_wconf 79' lang='lat' dir='ltr'><strong>dicit</strong></span> <span class='ocrx_word' id='word_1_321' title='bbox 1364 5275 1617 5347; x_wconf 79' lang='lat' dir='ltr'><strong>devocationem</strong></span> <span class='ocrx_word' id='word_1_322' title='bbox 1642 5276 1793 5369; x_wconf 82' lang='lat' dir='ltr'><strong>Spiritus</strong></span> <span class='ocrx_word' id='word_1_323' title='bbox 1817 5274 1937 5345; x_wconf 86' lang='lat' dir='ltr'><strong>saactr&#39;.</strong></span> 
     </span>
    </p>
   </div>
   <div class='ocr_carea' id='block_1_3' title="bbox 0 0 2585 6532">
    <p class='ocr_par' dir='ltr' id='par_1_14' title="bbox 0 0 2585 6532">
     <span class='ocr_line' id='line_1_40' title="bbox 0 0 2585 6532; baseline 0 0"><span class='ocrx_word' id='word_1_324' title='bbox 0 0 2585 6532; x_wconf 95' lang='lat' dir='ltr'><strong> </strong></span> 
     </span>
    </p>
   </div>
  </div>
 </body>
</html>
