5150 6534
597 912 673 986 490
1105 901 1464 980 LITURGlA

599 1101 710 1171 sumus
736 1097 845 1170 lactus
873 1105 933 1168 est.
987 1096 1169 1188 Postquam
1195 1112 1279 1162 vero
1309 1089 1469 1161 collectus
1497 1097 1549 1160 est
1575 1091 1867 1183 pervooationem
1885 1092 1977 1166 Pro-

599 1215 770 1311 phetarum
797 1223 944 1298 tuorum,
972 1210 1100 1304 absque
1127 1205 1357 1278 consolatione
1389 1206 1588 1300 permansit:
1623 1215 1699 1275 tune
1733 1228 1822 1280 vero
1859 1207 1977 1282 Filium

600 1340 688 1402 tuum
717 1328 868 1400 dilectum
903 1327 945 1399 ad
979 1330 1051 1417 ejus
1086 1323 1302 1394 directionem
1337 1320 1513 1411 diligenter
1547 1321 1672 1392 misisti.
1723 1321 1758 1394 Is
1790 1335 1904 1396 autem
1936 1321 1976 1396 ad

601 1444 841 1518 similitudinem
870 1453 1017 1514 nostram
1045 1444 1184 1511 caritate
1210 1436 1384 1508 nobiscum
1403 1436 1580 1525 habitavit,
1607 1459 1792 1532 pacemque
1810 1440 1976 1512 sinceram

603 1564 634 1630 in
662 1563 755 1655 pacis
783 1556 1033 1653 susceptoribus
1061 1555 1238 1626 seminavit
1264 1563 1517 1647 permanenter,
1554 1562 1588 1623 et
1621 1574 1668 1622 ex
1703 1557 1823 1649 spiritu
1856 1551 1976 1648 puriti-

602 1686 716 1762 cante,
744 1697 806 1769 pcr
833 1697 908 1744 cum
936 1673 1009 1743 illos
1037 1668 1224 1765 implevisti.
1277 1668 1328 1739 llli
1355 1677 1464 1740 autem
1491 1671 1682 1740 uniuersam
1711 1679 1835 1741 terram
1851 1672 1975 1741 circui·

602 1801 739 1876 uerunt,
768 1801 801 1861 et
828 1812 927 1861 eume
954 1785 1185 1881 qtrodcumque
1210 1787 1286 1879 paci
1314 1794 1387 1854 erat
1413 1787 1614 1856 contrarium
1641 1807 1686 1857 ex
1713 1808 1755 1858 ea
1769 1783 1975 1858 abstulerunt

543 1913 556 1934 '
601 1916 634 1976 et
661 1909 808 1999 stirpitus
835 1904 1046 1989 evulserunt,
1073 1923 1189 1996 pacem
1218 1904 1316 1970 etiam
1350 1897 1501 1971 omnibus
1535 1922 1597 1995 per
1631 1921 1692 1973 eos
1727 1899 1974 1997 praedicavisti.

600 2020 674 2093 Nos
702 2042 786 2092 vcro
813 2018 963 2090 imbelles
992 2027 1025 2088 et
1051 2025 1248 2111 peccatores
1275 2015 1495 2109 deprecamur
1522 2024 1573 2104 te,
1599 2026 1635 2086 ιιι
1668 2015 1754 2089 Ιιιιιιο
1786 2015 1973 2110 tranquilli-

601 2144 699 2205 tatem
728 2151 761 2206 ct
787 2157 905 2229 pacem
931 2137 965 2205 in
993 2130 1164 2204 animabus
1191 2134 1313 2201 nostris
1347 2133 1549 2218 constituas,
1584 2140 1619 2202 ut
1650 2142 1801 2204 amanter
1834 2141 1869 2202 et
1902 2154 1972 2203 curn

601 2250 777 2321 dilectione
804 2273 890 2343 quae
917 2261 949 2320 te
976 2247 1110 2334 deceat,
1144 2246 1381 2341 amplectamur
1414 2268 1475 2318 nos
1508 2249 1670 2335 invicem,
1706 2246 1837 2342 absque
1870 2245 1972 2318 dissi-

601 2365 671 2437 dio:
699 2367 840 2457 gloriam
870 2388 955 2460 quae
990 2362 1048 2436 tibi
1075 2363 1230 2449 debetur,
1267 2374 1301 2434 et
1336 2361 1457 2434 dilecto
1493 2362 1579 2436 Filio
1614 2375 1670 2435 tuo
1704 2361 1911 2452 celeremus,
1942 2371 1972 2432 et

601 2481 735 2576 Spiritui
762 2492 880 2553 sancto
907 2503 1011 2565 nune,
1040 2488 1102 2550 etc.

706 2597 868 2688 Populus.
921 2597 1041 2668 Anien.

706 2710 890 2782 Sacerdos.
944 2712 1028 2782 Pax.

705 2826 866 2918 Populus.
918 2826 962 2897 Et
989 2848 1063 2896 eum
1090 2828 1205 2919 spiritu
1232 2834 1298 2895 tuo.

704 2940 893 3012 Diaconos.
947 2942 1013 3013 Det
1039 2963 1156 3035 pacem
1184 2942 1420 3033 unusquisque.

705 3055 889 3128 Sacerdos.
941 3056 1081 3128 Praesta
1107 3057 1226 3145 nobis,
1254 3064 1317 3125 ete.

706 3173 894 3243 Diaconos.
947 3174 1048 3261 Post,
1075 3182 1137 3243 etc.

705 3289 868 3380 Populus.
923 3288 1047 3361 Coram
1074 3300 1117 3360 te.

706 3403 890 3474 Sacerdos.
944 3404 1159 3492 Benedictus,
1187 3415 1220 3476 et
1245 3402 1507 3487 benedicendus,
1537 3413 1571 3473 et
1601 3399 1719 3474 beatus
1753 3406 1786 3472 in
1822 3403 1969 3476 omnibus

603 3543 656 3609 cs,
685 3522 740 3612 qui
766 3522 897 3592 vocasti
924 3542 1008 3609 nos,
1035 3531 1068 3590 ct
1095 3520 1260 3591 adduxisti
1288 3517 1330 3588 ad
1347 3517 1587 3590 similitudinem
1605 3516 1779 3610 quamdam
1800 3521 1857 3606 tui,
1885 3539 1970 3611 qua-

601 3633 667 3705 lem
695 3638 836 3707 terrenis
868 3657 971 3704 carne
1001 3635 1121 3706 indutis
1138 3634 1277 3711 babere
1313 3633 1406 3720 licet,
1442 3656 1516 3704 cum
1552 3642 1669 3704 natura
1697 3633 1784 3728 ¹prae
1821 3634 1970 3705 omnibus

602 3750 854 3842 simplicissima.
913 3750 964 3820 Tu
997 3753 1097 3840 igitur
1130 3753 1304 3821 etiamnum
1338 3749 1480 3820 Domine
1512 3748 1625 3837 DeuS,
1659 3751 1714 3843 qui
1746 3747 1898 3820 adoraris
1931 3748 1969 3820 ab

603 3866 774 3952 omnibus,
802 3876 878 3936 tene
906 3887 967 3936 uos
995 3875 1091 3935 extra
1120 3887 1218 3935 omne
1244 3869 1360 3934 ruinae
1388 3863 1567 3959 periculum
1597 3864 1736 3936 dextera
1770 3873 1826 3936 tua
1859 3865 1969 3936 omni-

603 3984 747 4075 potenti,
775 3992 809 4051 ct
835 3980 976 4050 benedic
1003 3979 1159 4074 populum
1188 3991 1275 4050 tuum
1304 3983 1358 4073 qui
1385 4002 1471 4050 nunc
1499 3979 1672 4068 inclinatus
1700 3991 1752 4051 est
1786 4002 1903 4052 coram
1930 3990 1971 4064 tc,

602 4098 694 4166 mitte
720 4095 782 4166 illis
811 4087 948 4166 munera
977 4094 1137 4166 donorum
1165 4106 1295 4166 tuorum
1323 4095 1518 4166 diuinorum.
1571 4096 1625 4166 Da
1652 4095 1715 4167 illis
1741 4097 1905 4184 Domine,
1939 4104 1971 4164 ιιι

602 4223 836 4305 permanenter
863 4232 961 4280 utrum
989 4213 1052 4282 sint
1079 4213 1110 4279 in
1140 4221 1187 4297 te,
1216 4211 1344 4306 absque
1370 4210 1434 4281 ulla
1462 4210 1644 4283 divisione:
1665 4221 1713 4281 ut
1746 4210 1972 4282 indeficienter

603 4329 821 4398 confiteantur
849 4326 924 4413 tibi,
953 4335 986 4396 at
1012 4328 1181 4417 unigenito
1209 4327 1295 4398 Filio
1322 4337 1379 4397 tuo
1407 4338 1440 4397 et
1466 4326 1603 4422 Spiritui
1629 4335 1685 4398 tuo
1714 4340 1842 4400 sancto.

705 4440 866 4534 Populus.
919 4443 1038 4512 Amen.

705 4557 889 4629 Sacerdos.
942 4557 1050 4628 Auser
1076 4559 1219 4628 Domine
1247 4581 1266 4628 a
1295 4556 1552 4649 cogitationibus
1585 4569 1619 4628 ct
1650 4556 1813 4630 mentibus
1848 4560 1971 4629 nostris

602 4695 718 4744 omnes
745 4672 864 4746 sordes
892 4672 1054 4742 maculam
1081 4672 1260 4743 inferentes
1288 4671 1459 4744 animabus
1487 4677 1631 4761 nostris,
1665 4681 1699 4744 et
1734 4674 1775 4744 da
1808 4670 1908 4745 nobis
1940 4683 1974 4744 ut

530 4805 534 4812 ·
601 4796 711 4858 mente
737 4811 820 4881 pura
848 4799 972 4859 stemus
1000 4810 1112 4860 coram
1142 4797 1183 4858 te.
1237 4788 1377 4882 Depelle
1404 4790 1502 4858 ctiam
1530 4812 1549 4859 a
1576 4786 1673 4860 nobis
1690 4808 1808 4859 omnes
1824 4790 1972 4859 immun-

602 4902 697 4973 ditias
725 4906 904 4996 iniquitatis
932 4912 965 4973 ct
997 4907 1145 4997 peccati,
1182 4925 1245 4973 nos
1280 4926 1364 4974 vcro
1401 4907 1434 4973 in
1467 4906 1555 4974 omni
1588 4903 1739 4993 religiosi
1776 4905 1906 4974 timoris
1942 4913 1974 4974 ct

601 5021 816 5089 castimoniae
843 5041 971 5108 genere
998 5019 1177 5105 coulirma,
1204 5040 1247 5089 ue
1274 5022 1434 5090 inornatis
1462 5029 1495 5088 et
1522 5018 1651 5088 incultis
1678 5015 1843 5090 mentibus
1860 5041 1972 5115 appa-

600 5152 732 5202 reamus
767 5156 881 5204 coram
914 5144 966 5220 te,
1006 5133 1070 5205 boe
1104 5143 1253 5226 tempore
1290 5144 1323 5203 ct
1355 5131 1506 5205 omnibus
1541 5131 1657 5204 diebus
1689 5136 1782 5204 vitae
1819 5148 1973 5206 nostrae:

599 5264 717 5315 verum
743 5245 888 5316 mundati
915 5247 956 5317 ab
985 5251 1074 5319 omui
1106 5251 1251 5341 nequitia
1288 5271 1375 5342 quae
1402 5248 1527 5319 alienos
1566 5272 1585 5319 a
1621 5257 1654 5318 te
1688 5247 1811 5338 faciat,
1847 5261 1974 5321 stemus

600 5361 778 5446 animose,
795 5382 870 5431 eum
897 5365 1100 5435 conscientia
1128 5363 1297 5457 impolluta
1324 5386 1437 5436 coram
1466 5362 1584 5436 throno
1613 5362 1794 5438 divinitatis
1825 5375 1917 5456 tuae,
1945 5375 1977 5437 ct
