5150 6534
944 810 1641 892 ιιεοιιιιιιριιι
1828 810 1977 900 ,aa
2063 755 2068 774 '

608 997 734 1073 osculis
760 1000 898 1088 saueds,
924 1020 1012 1094 quac
1036 1007 1071 1071 to
1097 998 1239 1071 deceant
1264 1008 1299 1071 ει
1323 1000 1527 1091 unigenitum
1552 996 1671 1071 Filium
1697 1005 1786 1071 tuum
1799 996 1977 1071 Dominum

607 1112 718 1188 Deum
744 1124 778 1187 et
803 1112 1015 1186 Salvatorem
1040 1123 1188 1187 nosnnm
1206 1114 1321 1189 desum
1342 1110 1527 1204 Christum
1554 1123 1588 1186 ει
1612 1134 1675 1209 ρει
1699 1135 1788 1202 eum,
1813 1112 1976 1209 amnique

608 1253 685 1303 cum
710 1251 775 1320 eo,
801 1228 959 1303 tederet
997 1229 1107 1323 gloria
1144 1240 1177 1302 ει
1208 1229 1316 1304 bonor
1343 1252 1417 1302 cum
1443 1230 1567 1326 Spiritu
1598 1238 1655 1302 ιιιο
1687 1238 1802 1303 sancto
1828 1231 1916 1301 bunc
1942 1239 1977 1301 ει

609 1368 765 1444 semper,
791 1355 855 1419 etc.

713 1462 874 1556 Popataa.
926 1462 1047 1535 Amen.

711 1576 896 1654 Sacerdos.
948 1578 1032 1649 Pax.

714 1693 876 1787 Papulas.
927 1691 972 1766 Et
997 1713 1071 1764 cum
1099 1691 1215 1788 spiritu
1240 1700 1308 1764 tuo.

713 1808 902 1886 Diueeatm
954 1809 1080 1881 Demus
1106 1828 1235 1904 paoem.

566 1964 567 1968 =
693 1923 876 2018 ‘reputa
930 1923 1054 1997 Coram
1080 1934 1124 1996 te.

713 2039 898 2112 Sacerdos.
960 2038 1005 2112 m
1016 2061 1103 2112 nunc
1119 2037 1263 2110 Domine
1285 2041 1479 2127 miserator,
1501 2048 1678 2135 postquam
1691 2061 1777 2137 pace
1793 2048 1848 2111 tua
1865 2021 1978 2114 divina

611 2154 781 2246 deleotati,
816 2165 851 2229 ει
885 2158 1024 2229 canate
1050 2167 1106 2229 tua
1132 2176 1216 2250 pura
1247 2153 1344 2229 simul
1377 2158 1543 2248 conjuncti
1576 2165 1705 2243 sumus,
1741 2154 1829 2227 colla
1856 2154 1979 2229 demit-

610 2280 731 2361 tentes,
758 2281 793 2345 ει
818 2270 982 2364 inclinati,
1009 2271 1227 2369 deprecamur
1258 2269 1489 2343 abundantiam
1514 2272 1672 2345 bonitatis
1699 2282 1786 2359 tuae,
1813 2280 1849 2342 ιιι
1867 2271 1978 2345 effim-

610 2386 671 2461 das
698 2409 800 2485 super
825 2408 887 2461 nos
914 2391 1025 2460 omnia
1050 2387 1138 2460 bona
1168 2396 1224 2459 tua
1255 2398 1290 2460 at
1320 2387 1569 2461 benedictiones
1597 2398 1671 2461 tuas
1703 2389 1889 2481 coelestes,
1916 2409 1978 2485 par

611 2503 762 2578 eumdem
784 2500 950 2576 Christum
975 2506 1177 2596 unigenitum
1203 2502 1323 2577 Filium
1353 2513 1459 2576 tuum:
1487 2528 1562 2576 cum
1589 2526 1655 2600 quo
1683 2513 1717 2576 te
1744 2504 1843 2578 docet
1868 2504 1977 2598 gloria

611 2629 646 2693 et
669 2619 790 2710 bonor,
816 2644 891 2694 cum
916 2621 1041 2716 Spiritu
1068 2631 1124 2693 tuo
1151 2629 1268 2694 sancto
1296 2640 1393 2707 unna,
1421 2629 1483 2691 cta.

1123 2961 1245 3034 Oratio
1272 2963 1320 3034 ad
1351 2961 1474 3037 Votum.

715 3183 766 3257 Τε
793 3184 997 3258 obtestamur
1011 3186 1154 3260 Domine
1181 3186 1431 3277 dominantium3
1457 3186 1610 3259 fiduciam
1635 3183 1796 3260 babentes
1822 3178 1856 3259 in
1882 3192 1978 3261 cari-

611 3310 680 3372 tate
707 3301 965 3374 mansuetudinis
992 3313 1084 3391 tuac,
1112 3314 1146 3374 ει
1171 3325 1348 3399 precamur
1374 3312 1423 3391 ιε,
1450 3311 1486 3373 nt
1512 3305 1597 3376 sicut
1622 3305 1776 3375 misertus
1803 3327 1841 3377 es
1869 3304 1977 3393 nobie,

611 3438 672 3511 ρει
698 3420 901 3510 unigenitum
919 3417 1039 3491 Filium
1064 3429 1165 3507 tuum,
1193 3431 1226 3491 ει
1252 3442 1314 3515 ρει
1340 3441 1414 3489 cum
1442 3418 1678 3492 commendasti
1701 3418 1798 3491 nobis
1820 3423 1979 3515 mysteria

612 3531 696 3604 baec
723 3532 892 3607 adoranda
919 3545 953 3606 et
979 3546 1110 3624 sancta3
1142 3539 1187 3607 ita
1214 3538 1314 3606 otiam
1339 3556 1401 3630 ρει
1427 3534 1578 3606 eumdem
1614 3534 1761 3630 depellas
1795 3546 1830 3607 et
1863 3538 1979 3628 ejicias

612 3671 633 3719 a
659 3647 757 3742 nobis
784 3672 915 3722 omnem
943 3648 1147 3745 phantasiam
1173 3650 1390 3740 mundanam,
1416 3650 1566 3722 concede
1582 3649 1680 3724 nobis
1700 3654 1848 3747 spiritum
1870 3656 1978 3726 casti-

612 3765 693 3835 tatis
719 3776 754 3837 ει
780 3769 975 3857 sanctitatis,
1002 3776 1037 3837 ut
1063 3777 1168 3856 caste,
1195 3777 1229 3839 et
1254 3764 1427 3862 praeclara
1453 3776 1578 3839 stemus
1605 3790 1717 3839 coram
1732 3777 1775 3857 te,
1803 3779 1836 3841 et
1850 3792 1978 3865 opara-

611 3901 685 3950 mur
710 3880 770 3954 tibi
795 3885 1010 3955 ministerium
1036 3881 1100 3956 boa
1125 3885 1319 3978 mysticum,
1346 3882 1435 3977 quod
1460 3884 1705 3957 commendavit
1729 3884 1827 3957 nobis
1854 3889 1978 3979 unige-

610 3997 698 4067 nitus
723 3994 828 4068 Filias
854 4006 945 4086 tuus,
979 4020 1043 4095 ρει
1078 4022 1174 4093 quem
1209 4010 1242 4070 et
1274 4020 1350 4069 oum
1383 4021 1449 4093 quo
1484 4010 1517 4071 ιε
1544 3999 1641 4073 (ιεεει
1666 4001 1774 4094 gloria
1801 4012 1835 4074 et
1860 4000 1977 4088 bonor,
2013 4003 2016 4011 “

546 4112 551 4119 ’
583 4134 687 4218 ¹eum
708 4111 838 4212 Spiritu
866 4125 921 4187 tuo
950 4119 1171 4204 sanctissimo,
1198 4125 1233 4187 et
1257 4112 1358 4186 bono.

715 4240 878 4335 Papulas.
930 4245 1050 4317 Amen.

717 4355 904 4431 Dianoeas.
957 4359 1090 4432 Stemus
1118 4359 1284 4432 decenter.

716 4470 900 4549 Sacerdos.
954 4475 1096 4549 Caritas.

669 4577 672 4583 ’
718 4589 878 4682 Populus.
931 4590 1074 4663 Etcum
1101 4595 1216 4688 spiritu
1243 4602 1309 4666 tuo.

717 4704 900 4777 Sacerdos.
954 4706 1094 4780 Sursum
1121 4710 1234 4781 corda.

617 4890 620 4892 ,
718 4818 879 4913 Populos.
931 4821 1100 4896 Habemus
1128 4823 1170 4896 ad
1195 4824 1383 4896 Dominum.

715 4934 900 5010 Sacerdos.
953 4939 1087 5012 Gratias
1114 4961 1266 5032 agamus,
1296 4949 1359 5012 etc.

718 5051 879 5144 Popataa.
934 5056 1077 5147 Dignum
1105 5066 1139 5127 at
1161 5058 1285 5147 Justum
1312 5068 1373 5146 est
1423 5107 1426 5115 -

644 5192 647 5196 ’
717 5182 892 5259 Sacerdos
918 5187 1109 5260 inclinatur.
1162 5189 1237 5262 Tibi
1259 5192 1349 5282 juste
1376 5190 1515 5265 debetur
1539 5192 1622 5281 laus,
1649 5201 1684 5265 et
1708 5202 1742 5266 ιε
1767 5192 1865 5267 decet
1889 5218 1977 5290 gra-

616 5299 735 5372 tiarnm
748 5305 848 5393 actio,
865 5300 988 5399 tibique
1004 5327 1145 5401 aequum
1165 5313 1217 5380 est
1232 5307 1436 5384 adorationis
1451 5308 1573 5383 cultum
1586 5308 1750 5403 exbiberi,
1767 5311 1809 5386 ab
1824 5313 1977 5389 omuibus

1686 5428 1737 5504 45
1751 5428 1772 5467 ἢ
