5150 6534
863 813 1136 915 ratumena
1161 837 1308 916 ranam
1334 838 1418 914 sun
1444 835 1626 930 romnis,
1659 852 1711 913 a.
1893 837 1968 911 aaa

600 1026 709 1099 terant,
733 1029 872 1102 tanquam
895 1041 912 1083 a
936 1040 969 1084 se
992 1040 1052 1083 non
1074 1024 1236 1101 inventam,
1259 1022 1313 1085 sed
1337 1028 1491 1102 acceptam
1509 1021 1717 1101 amajorihus:
1743 1029 1773 1083 at
1795 1020 1886 1084 futilis
1910 1042 1970 1083 cx-

599 1121 715 1182 cusano
738 1118 845 1183 luisset
867 1120 946 1201 apud
969 1120 1115 1184 harbaros
1138 1130 1294 1203 tyrannos.
1322 1121 1427 1202 Neque
1452 1120 1524 1181 illud
1545 1121 1641 1202 magis
1665 1121 1829 1182 convenire
1851 1118 1971 1181 videtur

599 1219 726 1281 saeculo
751 1221 956 1302 quoLiturgia
979 1221 1092 1301 scripta
1115 1220 1180 1298 tuit,
1204 1220 1284 1302 quod
1306 1239 1415 1302 preces
1440 1219 1510 1280 hant
1533 1238 1590 1299 pro
1612 1218 1747 1302 Regibus
1771 1226 1800 1280 et
1823 1220 1972 1299 principi-

598 1317 656 1380 bus
679 1317 817 1381 fidelihus
840 1319 891 1400 qui
918 1318 1085 1381 Ecclesiam
1115 1320 1250 1398 fidelem,
1285 1320 1314 1382 id
1346 1328 1393 1381 cst
1421 1319 1632 1395 Jacohiticam‚
1660 1320 1812 1400 juvarent.
1856 1318 1971 1379 Nema

599 1413 660 1477 line
682 1419 801 1499 septimi
823 1418 949 1494 saeculi,
980 1426 1011 1480 et
1033 1436 1050 1479 a
1073 1426 1160 1499 capta
1182 1438 1239 1500 per
1260 1418 1494 1481 Muhamedanos
1517 1417 1697 1494 Antiochia,
1726 1418 1893 1499 Imperator
1920 1426 1972 1480 aut

598 1512 668 1577 llex
689 1516 787 1579 nullus
810 1518 918 1596 extitit,
941 1518 992 1598 qui
1014 1518 1050 1578 ah
1075 1518 1123 1579 illa
1143 1526 1227 1580 secta
1250 1518 1364 1580 alienus
1388 1535 1448 1579 non
1471 1516 1579 1592 luerit,
1610 1518 1636 1578 si
1665 1516 1767 1599 Reges
1789 1516 1971 1596 Aethiopiae

600 1620 632 1676 et
652 1612 769 1678 Nuhiae
793 1617 970 1697 excipimus,
994 1617 1043 1697 qui
1072 1617 1296 1679 Alexandrinae
1318 1616 1475 1679 Ecclesiae
1502 1616 1613 1677 subditi
1643 1624 1745 1694 erant,
1774 1634 1834 1677 non
1859 1616 1969 1679 Antio·

600 1711 726 1777 chenae.
771 1713 846 1776 Nam
870 1715 977 1778 Graeci
1001 1717 1051 1795 qui
1074 1716 1233 1796 aliquando
1255 1715 1445 1779 Antiochiam
1468 1708 1661 1795 receperunt,
1686 1725 1716 1778 et
1738 1715 1874 1777 Francia
1894 1715 1969 1795 qui-

601 1811 658 1875 hus
681 1820 769 1894 capta
799 1821 846 1878 est
868 1814 1027 1877 lllelchitae
1051 1823 1153 1878 crant:
1182 1816 1300 1878 Tartari
1329 1815 1443 1895 aliquot
1472 1814 1638 1877 Hordarum
1666 1814 1774 1895 quihus
1804 1812 1970 1893 imperabat

527 1977 532 1984 ,
600 1910 669 1995 Ung
689 1911 811 1975 lihanus
835 1932 852 1975 a
875 1913 1079 1995 Ginghizcano
1103 1915 1201 1976 victus
1224 1922 1255 1976 et
1277 1914 1434 1993 spoliatus,
1457 1913 1630 1974 Nestoriani
1652 1920 1750 1973 erant:
1778 1919 1868 1991 atque
1892 1911 1969 1973 adeo

599 2010 698 2072 neutri
719 2009 824 2074 fideles
847 2020 932 2074 erant
956 2031 995 2074 cx
1016 2012 1213 2075 Jacohitatum
1242 2013 1400 2074 sententia.
1448 2011 1616 2072 Verisimile
1647 2012 1739 2091 igitur
1767 2010 1888 2073 omnino
1919 2011 1969 2072 vi·

600 2108 699 2186 detur,
720 2110 808 2172 istam
830 2120 861 2175 et
883 2112 996 2192 aliquot
1018 2111 1091 2173 alias
1118 2110 1281 2193 Liturgias,
1305 2111 1400 2190 magis
1428 2109 1465 2170 ad
1488 2111 1599 2172 veteris
1629 2110 1804 2191 disciplinae
1832 2108 1969 2189 formam,

600 2227 689 2289 quam
711 2209 748 2271 ad
770 2226 856 2271 usum
878 2208 1083 2272 Ecclesiarum
1103 2210 1196 2273 luisse
1220 2211 1411 2291 compositas.

951 2558 984 2625 7.
1020 2557 1210 2627 Doctorum
1237 2555 1529 2641 Ortlrodocorum,
1557 2560 1620 2624 ele.

696 2743 752 2825 Ex
774 2756 824 2819 illa
847 2759 1074 2822 enumeratione
1105 2760 1268 2822 Doctorum
1291 2758 1449 2821 Ecclesiae
1473 2758 1647 2838 agnoscitur
1668 2757 1873 2821 Jacohilarum
1902 2763 1967 2823 sin-

600 2860 821 2922 cerissimorum
844 2860 920 2924 hanc
943 2862 1107 2945 liturgiam
1130 2862 1234 2940 luisse,
1256 2881 1318 2925 non
1341 2861 1594 2923 Orthodoxorum.
1640 2859 1772 2922 Jacohus
1795 2863 1846 2943 qui
1868 2864 1969 2926 nomi-

600 2967 698 3036 natur,
722 2958 904 3041 Serugcnsis
926 2960 1093 3043 Episcopus
1116 2960 1181 3040 luit,
1204 2962 1352 3041 simulque
1373 2961 1584 3037 helnonensis,
1607 2960 1692 3041 cujus
1715 2962 1834 3023 nomine
1857 2961 1968 3024 hahent

600 3058 773 3139 inscriptam
795 3058 960 3140 Liturgiam
982 3061 1020 3123 ad
1042 3080 1130 3141 quam
1161 3080 1197 3123 ea
1226 3079 1303 3142 quac
1328 3060 1365 3122 de
1389 3062 1455 3141 ipso
1480 3060 1649 3122 ohservare
1672 3060 1838 3138 potuimus,
1868 3080 1968 3125 anno·

600 3164 662 3221 tata
683 3165 763 3220 aunt.

1010 3506 1045 3578 8.
1093 3506 1218 3577 Turres
1246 3505 1471 3596 Calanitr'caa,
1500 3512 1563 3575 etc.

696 3693 812 3775 Eunaia
835 3706 946 3770 locutio
970 3710 1101 3771 occurrit
1124 3711 1153 3771 in
1175 3709 1310 3792 Liturgia
1325 3707 1825 3792 lgnatiil'atriarchaeAntiocheni
1847 3726 1968 3793 cogno-

600 3812 680 3874 mine
701 3810 754 3873 filii
776 3810 896 3875 Wahib.
940 3811 1093 3874 Sententia
1116 3822 1162 3875 est
1184 3813 1297 3893 primos
1324 3813 1392 3875 illos
1419 3813 1576 3874 Ecclesiae
1599 3811 1747 3872 Doctores
1775 3810 1866 3874 falsas
1897 3813 1968 3893 opi·

600 3912 709 3973 niones
732 3910 887 3993 gentilium
910 3919 941 3972 et
963 3909 1193 3989 haereticorum,
1217 3930 1291 3991 quas
1304 3913 1392 3973 'lurri
1407 3912 1607 3993 Babylonicae
1629 3910 1660 3971 in
1683 3907 1777 3972 Calue
1794 3911 1968 3975 aedificatae

601 4017 787 4090 comparant,
811 4009 974 4089 dissipasse
993 4019 1024 4072 et
1037 4010 1234 4088 destruxisse,
1259 4011 1437 4091 Syriamque
1458 4030 1534 4092 quae
1548 4009 1732 4071 hicvocatur
1744 4008 1967 4072 Aromoeorum

597 4110 678 4189 fitia,
708 4117 742 4170 ut
768 4108 882 4171 Judaea
910 4109 982 4187 sitio
1003 4110 1188 4172 Jerusalem:
1217 4109 1372 4172 Chaldaeo
1396 4111 1466 4189 [itia
1494 4109 1677 4191 Babylortts;
1707 4127 1779 4171 vera
1806 4107 1967 4193 Evangelii

601 4205 738 4270 doctrina
759 4206 937 4273 illustrasse.
