5150 6534
829 863 871 939 Ill
891 860 1099 939 tumultu
1116 860 1253 938 cestui
1273 862 1301 937 Α
1317 858 1435 937 ussto
1458 856 1696 986 couvutsstt.
1874 860 1950 935 559

661 1048 694 1111 ln
718 1047 861 1110 versione
882 1045 979 1123 blasii,
1004 1064 1045 1108 ex
1067 1063 1104 1108 ea
1126 1062 1215 1127 quam
1236 1044 1390 1126 tetigimus
1412 1043 1546 1123 ratione,
1570 1051 1697 1127 apparet
1719 1042 1879 1107 discrimen
1900 1044 1952 1107 le-

575 1146 704 1211 viculum
718 1146 850 1229 quidem,
872 1144 928 1207 sed
951 1144 1031 1226 quod
1054 1144 1188 1207 lectores
1210 1141 1490 1224 linguaaSyriacee
1512 1160 1574 1206 nan
1595 1144 1721 1224 peritos,
1745 1144 1831 1223 quasi
1853 1144 1950 1223 majus

574 1254 668 1323 esset,
691 1251 797 1327 posset
820 1243 851 1305 in
873 1261 1011 1307 errorem
1032 1243 1194 1305 inducere:
1218 1260 1286 1304 nam
1308 1241 1515 1322 quodllasius
1532 1242 1624 1306 vertit
1645 1262 1756 1323 corpas
1774 1244 1950 1323 ptorionon,

574 1352 621 1408 est
643 1345 723 1408 idem
744 1342 825 1424 quod
855 1342 965 1405 Graeci
994 1336 1105 1419 elprae
1128 1341 1297 1422 prationem
1329 1347 1458 1418 vocent,
1490 1348 1523 1403 ut
1551 1340 1631 1404 idem
1656 1341 1747 1402 vertit
1768 1340 1800 1401 in
1822 1339 1949 1405 lormula

574 1443 612 1507 ed
635 1444 778 1521 calicem,
811 1441 996 1522 Sermonem
1024 1442 1226 1503 redimentem.
1270 1436 1368 1501 liade
1391 1438 1516 1520 Syriaca
1537 1440 1686 1502 redimere
1708 1439 1828 1519 quidem
1850 1440 1951 1521 signi·

573 1542 654 1621 licat,
672 1542 728 1605 sed
743 1541 930 1622 frequentius
945 1540 1088 1603 salvare:
1112 1539 1192 1601 unde
1207 1536 1314 1598 melius
1338 1538 1467 1600 vertitur
1482 1537 1659 1617 reatorem,
1673 1545 1706 1599 ut
1719 1536 1798 1601 inira
1820 1541 1950 1619 sarpei-

567 1629 642 1704 'mcm
652 1641 909 1721 propitiatoriam.
923 1640 1049 1702 Postea:
1069 1638 1253 1717 samipimirm
1269 1637 1484 1699 reverendam:
1507 1636 1613 1698 melius
1626 1634 1789 1698 timendum
1801 1621 1948 1722 φρικτόν.

573 1740 635 1816 Dei
654 1741 686 1801 in
713 1738 862 1802 Eccieffle
888 1740 1024 1801 serviant
1050 1737 1178 1798 Patrem
1207 1734 1307 1796 bonae
1332 1737 1504 1800 memoriae.
1557 1736 1628 1802 Vox
1648 1735 1824 1797 ministrare
1852 1737 1949 1818 magis

560 1838 643 1901 »huic
673 1837 742 1901 loco
771 1838 925 1900 convenit:
956 1835 1106 1918 quomado
1136 1852 1212 1897 vero
1242 1832 1355 1916 legerit
1380 1834 1412 1895 in
1435 1833 1548 1897 Codice
1571 1845 1628 1898 suo
1649 1834 1763 1898 Masius
1786 1836 1950 1898 obscurum

574 1943 638 2011 est3
667 1955 768 2019 neque
791 1938 871 2000 enim
893 1937 992 1999 bonae
1013 1935 1178 1997 memoriae
1198 1938 1363 2013 usurpatur
1392 1932 1545 2013 loquendo
1576 1933 1615 1996 de
1644 1932 1741 2012 vivis,
1771 1938 1805 1995 ut
1832 1933 1883 1995 hic
1910 1933 1949 1996 de

574 2035 634 2099 illis
663 2036 774 2118 egitur.
824 2034 858 2098 ln
888 2034 1001 2098 Codice
1029 2032 1205 2097 Colbertino
1232 2032 1284 2094 uhi
1314 2032 1426 2094 mentio
1455 2032 1487 2094 m
1515 2032 1708 2095 Patriarchae
1736 2038 1768 2095 et
1793 2032 1950 2114 Episcopi,

574 2135 687 2217 legitur
709 2133 964 2198 Ortbodoeorem.
991 2132 1042 2195 Aa
1063 2132 1275 2213 capraecenda
1297 2149 1334 2193 ea
1357 2150 1459 2209 sensa,
1481 2151 1559 2212 qaae
1581 2131 1947 2212 conumeraremus.
1970 2159 1972 2163 ⁴

574 2234 659 2297 Haec
681 2233 812 2296 obscure
834 2241 921 2297 sunt:
945 2241 975 2295 et
996 2235 1026 2301 in
1040 2232 1165 2314 Syriaco
1188 2237 1306 2305 nostro,
1327 2227 1426 2309 Aperi
1444 2232 1550 2293 oculas
1569 2232 1678 2293 mentis
1698 2249 1794 2307 meae,
1815 2240 1849 2293 et
1869 2250 1949 2294 eea-

574 2335 677 2396 rioter
695 2332 771 2393 mibi
791 2333 888 2394 temen
910 2333 1091 2412 cooritionis
1112 2329 1375 2410 inteltipentiarree
1386 2328 1643 2409 Deodipnarem:
1665 2329 1815 2392 sententia
1838 2329 1950 2393 clarior

574 2439 638 2511 est,
669 2447 779 2511 nempe
807 2431 884 2511 petit
906 2430 1055 2493 Sacerdos
1079 2428 1210 2491 divinum
1233 2428 1351 2507 lumen,
1383 2426 1420 2489 ed
1448 2428 1646 2510 intelligenda
1669 2427 1770 2491 divina
1791 2431 1948 2509 mysteria.

574 2531 647 2594 Post
674 2547 781 2612 peuce.
822 2528 992 2592 Herbarum
1019 2547 1134 2609 qaoque
1161 2533 1192 2588 et
1219 2534 1321 2589 terrae
1344 2525 1466 2606 smmum
1493 2528 1664 2590 memineris
1691 2526 1783 2590 Deae.
1828 2527 1863 2590 ln
1886 2530 1950 2611 Sp-

574 2631 667 2693 riaco.
700 2628 813 2691 Ae'rvm
834 2645 950 2708 peopee
972 2635 1003 2689 et
1021 2628 1174 2704 traconem
1195 2634 1299 2688 terrae
1320 2633 1466 2688 monera
1486 2625 1622 2688 Domine.
1656 2625 1725 2707 Syri
1748 2629 1828 2690 enim
1850 2628 1949 2691 Gree-

576 2746 679 2792 corum
702 2727 843 2808 exemplo
865 2744 972 2790 vocem
1000 2724 1078 2801 Aer,
1109 2726 1139 2786 in
1169 2724 1279 2805 plurali
1306 2741 1433 2787 numero
1463 2723 1609 2803 effenmt,
1639 2742 1727 2806 quem
1760 2724 1858 2789 Latini
1886 2745 1948 2790 non

523 2887 525 2889 ,
579 2842 597 2889 a
641 2834 761 2891 escunt.

598 2846 640 2912 gn
662 2924 810 2987 Memento
845 2924 973 2986 Domine
1006 2923 1122 3003 diepam
1153 2930 1323 2984 narbonem
1357 2921 1522 2984 laudabilis
1557 2924 1730 2987 mensor-iae.
1780 2922 1886 2987 ltidem
1918 2927 1950 2988 in

579 3024 717 3107 Syriaco,
742 3022 999 3101 Ortbodoaorem,
1023 3030 1053 3084 et
1075 3039 1149 3084 sane
1172 3020 1299 3083 alterum
1321 3019 1370 3081 hic
1392 3018 1491 3083 locum
1513 3037 1575 3083 non
1590 3020 1697 3088 ,hehet
1735 3019 1897 3104 subjicitur
1918 3026 1950 3086 in

578 3122 692 3188 codiee
715 3121 901 3186 colbertino.
946 3120 1090 3197 Domine,
1119 3119 1263 3198 Domine,
1290 3120 1455 3199 pacificato
1482 3139 1576 3200 reone
1604 3139 1682 3202 perae
1702 3118 1860 3184 Ecclesiae
1880 3129 1951 3184 teas

577 3230 712 3297 mactes,
731 3240 789 3301 per
798 3222 943 3283 baereses
954 3221 1138 3299 impepnant,
1162 3226 1192 3280 et
1207 3237 1319 3299 corpere
1340 3220 1481 3280 unanime
1494 3219 1693 3282 membranam
1708 3219 1950 3283 Christianarum

576 3322 726 3394 scinderet,
750 3328 840 3400 arpeo
861 3337 935 3381 ovea
956 3319 1129 3397 spirituales
1148 3320 1251 3398 prepis
1273 3320 1319 3379 tui
1339 3317 1533 3398 disperprmt:
1555 3326 1586 3380 et
1606 3326 1794 3398 tempestates
1813 3319 1950 3397 fraeda·

576 3421 673 3483 lentae
699 3417 754 3480 seb
782 3417 864 3497 falso
894 3418 1049 3497 retipionie
1072 3424 1237 3497 praetexte
1265 3418 1371 3480 dolose
1398 3420 1553 3481 cecitaet:
1581 3420 1715 3481 iltosad
1736 3438 1774 3480 ea
1795 3437 1874 3499 qaae
1895 3419 1951 3481 tibi

574 3519 690 3600 placita
717 3523 801 3593 reret,
831 3516 1044 3579 concertendo.
1088 3515 1133 3578 Ea
1162 3532 1256 3596 porro
1286 3518 1385 3580 oratio
1416 3516 1618 3597 imperatores
1644 3516 1780 3580 Graecos
1807 3523 1948 3596 spectare

577 3617 742 3699 praecipue
764 3615 894 3691 videtur,
918 3615 969 3695 qui
991 3632 1059 3676 cum
1072 3613 1262 3677 Antiochiam
1280 3615 1440 3696 aliquoties
1454 3623 1699 3696 recuperassent,
1721 3616 1949 3679 Jacobitismo-

575 3711 644 3776 lesti
668 3710 798 3776 luerunt.
833 3712 969 3775 Videnda
993 3712 1030 3775 de
1053 3712 1112 3776 hoc
1134 3721 1314 3796 argrumento
1336 3731 1415 3795 quae
1438 3712 1611 3775 referuntur
1624 3713 1654 3776 in
1667 3714 1798 3777 Historia
1813 3714 1949 3777 Patriae·

577 3812 700 3875 cbarum
722 3810 995 3875 Alexandrinorum
1017 3831 1058 3874 ex
1080 3811 1217 3897 Epistola
1239 3810 1363 3875 loannis
1392 3812 1585 3876 Patriarohae
1612 3811 1808 3890 Antiocheni,
1837 3814 1868 3875 in
1890 3831 1949 3893 que
2014 3825 2077 3877 tter.
2099 3822 2172 3879 Patr.
2197 3823 2273 3879 Ata.

575 3920 679 3975 narret
701 3910 851 3992 monsedo
874 3910 1156 3991 Constantinopolin
1180 3909 1288 3973 ductus
1312 3909 1417 3987 luerit,
1440 3917 1471 3973 et
1493 3927 1595 3973 coram
1616 3910 1801 3992 Imperatore
1823 3912 1949 3974 Jacobi-
1976 3928 2004 3980 ιι
2021 3911 2085 3966 ³⁵⁶·
2102 3918 2126 3964 ιι
2142 3925 2193 3979 rep.

575 4011 664 4094 ticam
693 4011 782 4074 fidem
811 4010 1061 4092 propugnaverit.
1106 4010 1236 4071 Possunt
1265 4011 1353 4072 etiam
1382 4010 1458 4072 haec
1487 4009 1526 4072 ed
1546 4008 1670 4074 Latinos
1698 4011 1878 4092 pertinere,
1897 4012 1950 4091 qui

575 4108 755 4173 Antiochiae
785 4110 984 4189 principatum
1013 4106 1113 4170 multis
1137 4109 1223 4170 annis
1247 4109 1457 4184 obtinuerunt,
1487 4126 1505 4171 e
1533 4109 1642 4189 quibus
1664 4108 1835 4174 orientales
1859 4109 1950 4172 Cleri-

575 4208 664 4271 stieni
687 4210 777 4271 etiam
800 4207 979 4286 Orthodoxi,
1002 4225 1096 4288 saepe
1119 4225 1180 4270 non
1203 4209 1301 4270 mitius
1323 4207 1416 4269 babiti
1437 4215 1517 4270 sunt.

660 4307 809 4369 Memoria
839 4315 869 4369 et
895 4307 1043 4386 locatione
1070 4325 1173 4368 earam
1196 4308 1337 4385 protecti.
1382 4305 1506 4386 Melius,
1534 4308 1752 4369 mmortioee
1772 4324 1829 4370 scu
1850 4308 1950 4369 iater-

575 4407 721 4469 ceesione.
757 4403 825 4487 Syri
847 4422 955 4467 vocem
977 4398 1384 4490 mpeatieiavexpresserunt
1404 4423 1462 4486 per
1472 4406 1636 4487 propriam,
1660 4424 1738 4487 quea
1754 4405 1951 4485 Lepatioeem

575 4504 738 4586 significat:
768 4502 822 4566 sed
846 4522 913 4565 cnm
935 4504 967 4564 in
990 4503 1058 4565 stilo
1082 4503 1297 4567 Ecclesiastico
1320 4504 1433 4581 eliud,
1453 4522 1563 4585 nempe
1592 4503 1674 4585 quod
1702 4504 1792 4567 modo
1822 4503 1949 4565 diximus

576 4602 741 4684 significet,
772 4609 932 4683 utrumque
961 4620 1084 4665 sensum
1114 4620 1176 4664 non
1211 4602 1428 4682 distinxerunt,
1458 4603 1540 4682 quod
1568 4604 1720 4685 interpres
1750 4620 1861 4666 cavere
1891 4601 1950 4664 de-

575 4697 702 4761 buisset.
1788 4749 1793 4753 .

666 4797 826 4864 Sacerdos.
851 4797 960 4861 Oratio
975 4799 1148 4863 Dominica.
1172 4799 1239 4861 Non
1261 4800 1370 4863 dicitur
1391 4800 1497 4864 Oratio
1519 4802 1676 4863 Dominica
1698 4801 1756 4864 nisi
1777 4799 1950 4881 postillam

576 4914 665 4978 quem
688 4900 771 4979 prius
796 4897 946 4962 Sacerdos
968 4899 1085 4977 recitat,
1108 4905 1141 4959 ut
1163 4905 1246 4979 petet
1268 4919 1310 4962 ex
1332 4900 1468 4963 omnibus
1490 4900 1557 4963 aliis
1579 4899 1733 4981 liturgiis.
1831 4953 1833 4957 ,

661 4997 825 5062 Diaconus.
869 4997 1053 5060 Revorram
1072 4998 1312 5082 contemplemur.
1357 4999 1507 5063 Graecum
1533 5006 1581 5063 est
1607 4986 1708 5060 Mero?
1729 4985 1836 5084 φόβου
1857 4985 1949 5085 πρό-

575 5108 703 5173 σχωμεν
726 5094 800 5158 Dem
822 5098 928 5157 timore
948 5096 1154 5171 attendamus,
1175 5096 1225 5157 cel
1245 5099 1440 5177 aspiciamroe.

565 5254 567 5260 .
661 5193 760 5255 Pauca
781 5193 857 5255 haec
880 5193 1063 5257 observasse
1086 5193 1227 5273 sulliciat,
1256 5195 1286 5257 in
1308 5194 1433 5276 reliquis
1457 5213 1536 5277 quac
1558 5195 1681 5259 minoris
1703 5198 1845 5260 momenti
1867 5203 1948 5277 sunt,

573 5289 606 5352 in
628 5292 688 5354 stili
710 5292 901 5371 diversitate,
930 5290 1018 5356 facile
1041 5294 1175 5357 lectores
1199 5312 1239 5356 ex
1261 5294 1327 5357 eliis
1350 5294 1542 5358 versionibus
1565 5295 1745 5376 comparatis
1766 5296 1948 5379 intelligent,
