5150 6534
859 833 865 840 ’
894 815 899 833 ’
957 829 1210 908 initorum
1246 827 1617 907 utnnoruiltnm.
1899 826 1974 902 315

526 1071 531 1077 -
601 1015 647 1090 ad
678 1016 765 1090 bane
797 1017 885 1090 diem
918 1015 977 1089 tibi
1011 1016 1227 1113 placuerunt3
1267 1014 1454 1111 Martyrum
1493 1018 1608 1102 edam,
1644 1012 1905 1100 Coniessorum,
1941 1023 1976 1085 et

599 1132 803 1208 Ascatarum
827 1116 979 1222 tuorum3
1004 1132 1155 1223 Virginis
1182 1152 1315 1225 quoque
1342 1133 1531 1222 eonjugium
1557 1151 1625 1202 non
1652 1138 1816 1224 expertae
1828 1127 1974 1200 Mariae:

600 1248 743 1322 samm
768 1247 957 1342 Baptistae:
984 1245 1144 1342 Stephani
1158 1244 1320 1342 Martyris
1338 1256 1372 1318 et
1387 1248 1483 1342 primi
1499 1247 1736 1334 Diaconorum,
1764 1247 1974 1340 omniumque

601 1364 659 1459 qni
684 1362 789 1438 aimal'
806 1384 882 1434 cum
908 1361 973 1437 illis
1000 1365 1223 1460 §rennuerunt
1249 1363 1442 1454 passiones,
1469 1371 1652 1450 tormenta,
1680 1370 1714 1433 et
1739 1360 1974 1447 lacerationes,

600 1489 640 1554 ut
663 1499 726 1575 per
752 1459 1012 1573 supplicationes
1039 1498 1168 1564 eornm,
1194 1472 1236 1547 ab
1264 1474 1417 1550 omnibus
1443 1475 1570 1549 damnis
1597 1497 1865 1572 praeservemur.

707 1592 869 1686 Papulas.
922 1592 1029 1691 Kyrbe
1059 1590 1198 1664 eleison.

707 1706 884 1780 Sacerdos
902 1708 1041 1780 elaeone
1058 1728 1185 1780 vocem.
1225 1703 1400 1779 Constitue
1426 1716 1461 1777 et
1485 1728 1624 1780 numera
1649 1730 1713 1780 nos
1732 1707 1876 1779 Domine
1889 1710 1975 1778 inter

603 1824 736 1915 agmina
762 1832 954 1896 sanctorum
980 1833 1127 1895 tuorum:
1149 1824 1249 1892 ‘inter
1275 1819 1409 1891 ordines
1436 1842 1553 1892 eorum
1581 1826 1636 1916 qui
1662 1820 1851 1895 dilexerunt
1875 1827 1975 1895 veri-

524 1969 532 1977 ·
602 1945 717 2012 tatem-
730 1947 836 2011 tuam:
861 1940 948 2010 inter
974 1946 1091 2012 coetus
1117 1942 1249 2034 piorum
1275 1946 1309 2011 et
1331 1937 1498 2027 justorum
1519 1941 1575 2032 qui
1592 1948 1861 2035 expectaverunt
1877 1940 1975 2011 salu-

602 2060 671 2126 tem
699 2063 803 2126 mam:
829 2056 915 2125 inter
941 2057 1224 2146 congregationes
1249 2051 1435 2149 Martprum
1463 2057 1518 2147 qui
1544 2056 1649 2126 occisi
1676 2062 1752 2125 sunt
1772 2055 1805 2125 in
1822 2075 1883 2149 spe
1904 2064 1975 2127 tna:

604 2170 692 2242 iuter
724 2165 917 2264 praeclaras
949 2180 1105 2242 catervas
1141 2167 1364 2242 solitariorum
1390 2179 1425 2240 et
1451 2169 1705 2262 religiosorum,
1739 2171 1795 2262 qui
1827 2169 1975 2245 moribus

604 2286 676 2364 suis
700 2284 895 2380 placuerunt
920 2282 997 2356 tibi:
1023 2287 1056 2356 in
1083 2282 1235 2356 aceubitu
1248 2283 1489 2356 Menaenorum
1517 2295 1551 2355 et
1570 2284 1745 2376 Virginem
1768 2283 1977 2359 familiarium

604 2406 751 2471 tuarum:
786 2402 820 2469 in
853 2402 991 2471 circuitu
1016 2398 1258 2495 Apostolorum
1292 2402 1347 2494 qui
1381 2402 1636 2473 annunciatores
1664 2410 1698 2472 et
1723 2400 1975 2495 praedicatores

603 2510 736 2585 fuerunt
770 2516 922 2586 veritatis
961 2525 1054 2587 tuae:
1095 2517 1128 2585 in
1161 2515 1289 2587 theatro
1322 2538 1526 2610 praeconum
1562 2526 1596 2587 et
1629 2514 1886 2611 Prophetarum,
1921 2518 1975 2610 qui

602 2626 760 2704 viderunt
792 2628 1033 2702 revelationem
1060 2640 1167 2704 mam:
1207 2632 1293 2702 mter
1325 2629 1433 2719 festa,
1468 2629 1690 2704 exultationes
1726 2643 1761 2703 et
1793 2629 1975 2725 triumphos

604 2746 852 2835 agonistarum,
880 2747 937 2840 qui
962 2744 1175 2842 perfecerunt
1200 2745 1406 2819 voluntatem
1433 2756 1540 2835 tuam,
1573 2749 1606 2817 in
1632 2750 1774 2838 regione
1801 2746 1914 2838 gaudii
1941 2756 1976 2817 et

603 2857 785 2954 voluptatis
810 2857 1042 2933 indefectibilis
1068 2871 1167 2954 tuae,
1192 2871 1228 2932 ut
1252 2884 1328 2932 eum
1354 2862 1418 2934 illis
1446 2871 1480 2934 et
1505 2864 1591 2934 inter
1617 2883 1679 2934 eos
1705 2860 1889 2935 referamus
1916 2858 1975 2932 tibi

604 2971 760 3065 gloriam,
786 2984 849 3046 etc.

710 3088 873 3181 Populus.
925 3091 1044 3164 Amen.

709 3202 885 3276 Sacerdos
919 3206 1111 3277 inclinatae.
1153 3205 1321 3279 Memento
1347 3205 1492 3279 Domine
1516 3206 1775 3301 Apostolorum,
1811 3217 1846 3281 et
1876 3211 1976 3282 totius

606 3328 724 3392 coenus
750 3317 1061 3412 Evangelistarum,
1094 3343 1208 3393 eorum
1236 3325 1291 3417 qui
1324 3332 1522 3418 atempore
1550 3322 1711 3394 adventus
1737 3324 1784 3394 tui
1809 3322 1977 3410 salutaris,

607 3432 651 3505 ad
676 3432 763 3507 hanc
788 3457 894 3529 usque
920 3435 1007 3508 diem
1040 3436 1228 3509 Ecclesiam
1262 3448 1352 3509 tuam
1384 3448 1531 3509 sanctam
1564 3436 1788 3510 dilataverunt
1820 3435 1977 3511 doctrinis

608 3550 752 3640 sanclis,
784 3550 992 3648 sudoresque
1021 3563 1054 3624 et
1079 3550 1215 3625 labores
1243 3575 1384 3646 magnos
1410 3575 1471 3648 pro
1498 3576 1540 3626 ea
1566 3563 1787 3649 susceperunt
1812 3563 1846 3624 et
1871 3556 1978 3626 susti-

606 3673 760 3736 hamunt

711 3779 874 3874 Populus.
927 3781 1033 3877 Kyrie
1061 3781 1220 3867 eleison.¹

713 3892 890 3968 Sacerdos
910 3897 1048 3967 elevarae
1068 3893 1194 3988 vocem.
1235 3894 1527 3988 Cougrogatioues
1543 3906 1617 3969 tuas
1637 3898 1850 3986 domesticas,
1878 3922 1978 3972 eom-

608 4031 833 4084 memoramus
859 4008 917 4082 tibi
929 4009 1085 4082 Domine:
1112 4013 1375 4106 invocamusque
1402 4011 1443 4082 ad
1471 4014 1628 4085 auxilium
1655 4024 1804 4086 nostrum
1824 4014 1899 4087 illos
1924 4018 1979 4108 qui

605 4121 742 4201 inerunt
766 4125 940 4199 luminaria
967 4125 1164 4221 spiritualia,
1201 4125 1460 4222 depuleruntque
1487 4128 1643 4200 tenebras
1668 4131 1799 4223 peccati
1825 4128 1866 4200 ab
1895 4131 1979 4202 orbe

608 4243 786 4316 uniuerso:
814 4244 869 4336 qui
894 4240 1026 4314 inerunt
1050 4241 1162 4314 fontes
1183 4241 1321 4334 jucundi
1350 4241 1484 4333 odoris,
1515 4246 1570 4337 qui
1603 4253 1805 4339 potaverunt
1837 4246 1979 4342 populos

609 4358 705 4450 aquis
732 4355 881 4431 dulcibus
907 4356 1000 4429 fidei:
1028 4360 1208 4449 magistros
1234 4356 1312 4437 illos
1339 4356 1497 4443 doctrina¹
1514 4358 1647 4446 divites,
1674 4363 1729 4453 qui
1751 4368 1873 4433 terram
1888 4366 1980 4435 veris

609 4467 769 4542 doctrinis
794 4472 1054 4543 inundavenmt:
1080 4471 1332 4568 praedicatores
1359 4476 1528 4545 veritatis:
1556 4484 1760 4548 scrutatores
1781 4498 1891 4547 rernm
1910 4498 1980 4547 ve-

608 4604 741 4658 rarum:
775 4584 892 4660 felices
927 4598 961 4659 et
994 4597 1150 4660 strenuos
1184 4590 1379 4683 operarios,
1421 4592 1475 4682 qui
1510 4612 1556 4661 ex
1589 4598 1678 4661 terra
1710 4594 1981 4685 exstirpaverunt

610 4701 725 4794 spinas
753 4709 787 4771 et
811 4706 939 4774 maaria
965 4707 1115 4799 peccati3
1149 4706 1204 4798 qui
1240 4702 1449 4775 deduxerunt
1481 4726 1623 4796 gregem
1657 4715 1748 4778 tuum
1779 4706 1982 4802 spiritualem

610 4814 646 4884 in
670 4817 798 4889 semitis
824 4820 925 4891 rectis
953 4818 1181 4913 mandatorum
1208 4826 1337 4889 tuorum
1364 4819 1619 4892 vivificantium:
1653 4831 1687 4891 et
1719 4818 1762 4891 ad
1788 4817 1864 4891 illos
1892 4843 1981 4892 eon-

610 4925 778 5021 fugientes
808 4932 969 5022 Domine,
1009 4937 1043 5004 in
1083 4931 1277 5006 habitaculis
1312 4941 1345 5003 et
1380 4932 1585 5007 haereditate
1620 4956 1737 5008 eorum
1771 4956 1981 5009 maneamus:

609 5044 696 5116 inter
721 5043 843 5120 choros
871 5069 986 5121 corum
1012 5048 1174 5119 laetemur
1200 5057 1235 5118 et
1260 5047 1480 5139 gaudeamus:
1507 5053 1541 5120 in
1568 5052 1726 5124 convivio
1752 5071 1869 5122 eorum
1893 5070 1982 5144 epu-

610 5154 738 5252 lemur,
765 5171 800 5233 et
824 5185 886 5257 per
912 5167 1054 5255 gratiam
1081 5172 1189 5252 tuam,
1216 5185 1291 5235 eum
1317 5162 1382 5237 illis
1408 5163 1618 5261 perfruamur
1642 5163 1741 5237 bonis
1767 5162 1982 5250 coelestibus,
2004 5254 2012 5273 ι

609 5281 644 5345 et
669 5272 853 5353 referemus
879 5278 939 5351 tibi
965 5278 1120 5376 gloriam,
1152 5288 1214 5351 etc.
1402 5374 1410 5383 ἱ

648 5411 770 5457 rameru.
1723 5394 1774 5469 43
