5150 6534
891 831 937 906 ΙΝ
968 827 1222 906 altinatis
1257 827 1672 905 bastantrtttotttttt.
1896 830 1972 902 609

599 1014 736 1095 illapsum
752 1014 848 1074 sancti
864 1014 993 1093 Spiritus
1008 1016 1038 1076 in
1061 1013 1139 1075 dona
1161 1013 1329 1093 proposita,
1353 1032 1473 1076 causam
1496 1013 1612 1075 scilicet
1635 1014 1799 1094 principem
1823 1013 1969 1090 miraculi,

601 1131 660 1193 quo
684 1115 779 1194 majus
803 1114 899 1173 animo
924 1114 1042 1193 concipi
1067 1130 1125 1173 non
1149 1118 1259 1192 potest,
1284 1111 1453 1192 designant,
1477 1113 1609 1192 illudque
1631 1114 1696 1175 heri
1718 1129 1778 1173 non
1801 1114 1830 1173 in
1854 1111 1971 1191 fideles,

599 1221 632 1274 ut
654 1214 711 1293 ipsi
735 1231 790 1292 per
813 1211 900 1273 fidem
924 1212 1072 1273 elementa
1096 1212 1280 1291 accipientes
1304 1212 1467 1291 suscipiant
1487 1230 1598 1292 corpus
1615 1220 1644 1273 et
1660 1213 1837 1293 sanguinem
1850 1210 1970 1288 Christi,

600 1313 713 1374 dieunt:
738 1312 791 1373 sed
816 1313 846 1371 in
869 1329 975 1390 panem
999 1318 1029 1372 ot
1051 1312 1162 1386 vinum,
1189 1312 1288 1389 posita
1311 1328 1404 1389 super
1426 1329 1559 1372 inensam
1582 1311 1822 1384 Sacerdotalem,
1845 1328 1901 1371 seu
1924 1311 1972 1372 al-

599 1420 679 1487 tare;
710 1413 740 1473 in
769 1412 866 1490 ipsum
897 1410 1008 1487 altare,
1040 1429 1100 1490 quo
1124 1419 1261 1489 tempore
1290 1411 1420 1470 nondum
1450 1409 1606 1471 distributa
1637 1418 1698 1487 est,
1730 1417 1760 1471 ct
1789 1417 1971 1488 susceptae

600 1510 886 1572 communicantibus
898 1510 1096 1587 Eucharistia,
1121 1509 1196 1570 adeo
1209 1516 1241 1568 ut
1255 1507 1291 1568 iis
1314 1508 1387 1570 solis
1411 1510 1512 1571 vorbis
1537 1510 1714 1571 excludatur
1727 1525 1852 1588 prorsus
1867 1527 1972 1570 eorum

600 1609 712 1689 opinio,
737 1610 788 1688 qui
811 1609 882 1670 licet
906 1608 1073 1670 realitatem
1095 1608 1252 1688 qrramdam
1275 1608 1438 1682 admittant,
1463 1627 1528 1669 eam
1543 1616 1655 1688 negant
1669 1608 1838 1670 consistere
1856 1608 1970 1686 absque

599 1727 655 1770 usu
679 1706 873 1769 Sacramenti.
920 1708 1022 1787 ltaque
1052 1706 1163 1788 Angeli
1192 1707 1250 1768 illis
1280 1708 1309 1767 in
1340 1707 1525 1769 orationibus
1560 1707 1699 1769 dicuntur
1721 1707 1816 1767 altare
1839 1707 1972 1767 circum-

599 1817 680 1870 stare
712 1825 779 1868 cum
810 1808 913 1867 timore
945 1815 974 1867 ct
1006 1814 1153 1882 tremore,
1186 1814 1215 1867 ct
1244 1807 1381 1885 aspicere
1411 1805 1605 1868 Sacerdotem
1640 1793 1827 1887 frangentem
1860 1824 1971 1886 corpus

601 1906 727 1968 Christi:
752 1925 829 1985 quae
852 1906 946 1967 rerba
968 1906 1052 1966 rtiltili
1076 1906 1184 1980 forent,
1208 1906 1232 1966 si
1256 1904 1307 1984 qui
1330 1905 1379 1966 illa
1399 1906 1428 1966 in
1442 1906 1588 1967 Eeclesiis
1605 1905 1741 1967 canenda
1758 1906 1971 1984 praescripse-

599 2012 680 2082 runt,
704 2005 912 2081 credidissent,
936 2005 1007 2066 nihil
1031 2013 1090 2066 tum
1113 2005 1206 2065 luisse
1230 2005 1259 2065 in
1282 2022 1384 2065 nicosa
1400 2004 1615 2082 Eucharistica,
1640 2012 1762 2084 practer
1784 2003 1862 2064 nuda
1885 2005 1971 2084 panis

600 2113 633 2166 et
657 2106 718 2166 nini
741 2103 906 2181 elementa,
938 2123 1015 2184 qnae
1045 2123 1099 2183 per
1128 2103 1214 2165 iidem
1242 2111 1384 2182 suscepta
1406 2103 1585 2165 exhiberent
1607 2121 1719 2183 corpus
1743 2111 1773 2165 et
1795 2104 1972 2183 sanguinem

601 2202 720 2266 Christi.
767 2201 840 2263 Cum
864 2203 952 2264 etiarn
976 2206 1003 2264 in
1028 2202 1131 2265 iisdem
1156 2202 1348 2264 Orationibus
1373 2201 1482 2263 dicunt.
1510 2201 1619 2263 Omnes
1639 2204 1743 2281 fideles
1765 2222 1833 2263 cam
1855 2203 1973 2262 laetitio

600 2304 738 2381 spiritus,
761 2303 859 2361 venite
881 2310 911 2362 et
932 2305 1128 2380 corrfitcomar
1150 2301 1263 2381 absque
1285 2302 1393 2379 dubio,
1425 2303 1528 2362 cidere
1549 2320 1606 2362 nos
1628 2320 1719 2379 snper
1741 2302 1834 2361 altari
1855 2308 1972 2377 sancta,

599 2400 716 2480 Apertum
726 2401 785 2461 Dei
801 2403 853 2479 poi
871 2404 1003 2480 qnotidie
1026 2421 1097 2462 cece
1121 2402 1314 2478 sacrificatur
1335 2401 1606 2477 sacramentaliter,
1630 2409 1659 2461 ct
1680 2401 1756 2460 eicit
1777 2402 1807 2459 in
1831 2400 1972 2460 saccula:

599 2501 757 2578 unicuiqae
780 2501 937 2574 diriditnr,
960 2508 990 2561 et
1010 2521 1069 2562 noo
1084 2501 1185 2579 deficit
1199 2507 1253 2560 ortt
1265 2502 1457 2574 imminuitur,
1481 2498 1568 2560 fidem
1591 2517 1674 2561 suam
1698 2500 1971 2579 perspectissimum

600 2599 721 2675 iaciunt,
746 2617 812 2659 cum
835 2600 947 2667 similes
971 2602 1134 2661 sententias
1147 2598 1340 2676 Reformatio,
1363 2600 1451 2661 ctiam
1469 2616 1485 2658 a
1503 2598 1748 2660 Sacramentariis
1761 2597 1971 2671 remotissima,

601 2699 753 2760 serrenon
767 2700 870 2778 possit.
906 2699 964 2771 Qui
987 2700 1066 2760 enim
1089 2701 1128 2761 ita
1152 2700 1324 2777 loquuntur,
1348 2698 1528 2779 significant,
1551 2696 1580 2757 id
1604 2697 1684 2777 quod
1707 2696 1809 2757 vident
1832 2698 1862 2756 in
1886 2695 1972 2755 altari

600 2798 740 2877 positum,
765 2816 833 2858 csse
857 2816 967 2876 corpus
992 2797 1113 2875 Christi,
1138 2799 1237 2859 rivum
1260 2798 1387 2874 scilicet,
1410 2796 1529 2877 quando
1553 2796 1624 2857 illud
1643 2804 1752 2857 vocant
1767 2794 1972 2873 Apricarnlici:

601 2905 770 2977 agrioscunt
800 2897 995 2973 sacrificium,
1030 2897 1110 2975 quod
1141 2896 1210 2957 durn
1241 2896 1505 2960 Sacramentaliter
1531 2897 1595 2958 sive
1623 2896 1748 2975 mystice
1777 2893 1841 2953 steri
1872 2891 1973 2952 dicunt

603 3004 774 3075 agnoscunt
796 2996 974 3057 sacrificium
996 2997 1183 3057 incruentum
1205 2998 1290 3077 cujus
1314 2995 1553 3074 frequentissima
1577 2996 1688 3057 mentio
1712 2994 1808 3055 estin
1831 2992 1973 3071 precibus

598 3094 775 3174 LiturgiciS,
808 3094 934 3168 Latinis,
965 3094 1089 3156 Graccis
1120 3101 1149 3155 ct
1172 3095 1237 3155 aliis
1261 3096 1475 3173 cujuscumque
1501 3093 1631 3175 linguae.
1676 3091 1774 3154 Dividi
1797 3107 1916 3170 quoquc
1940 3092 1971 3150 in

599 3201 703 3273 portes
726 3211 835 3273 corpus
860 3193 985 3270 Christi,
1015 3201 1045 3254 et
1068 3192 1205 3256 lidelibus
1229 3193 1376 3267 distribui,
1399 3195 1439 3253 ita
1463 3201 1494 3253 ut
1517 3212 1615 3272 neque
1639 3193 1768 3267 deficiat,
1792 3207 1889 3268 neque
1912 3191 1971 3250 mi-

599 3301 722 3368 nuatur,
754 3293 790 3352 ad
822 3293 968 3353 elementa
997 3293 1083 3371 panis
1112 3299 1142 3352 et
1170 3293 1231 3353 vini
1258 3292 1368 3354 referri
1399 3311 1458 3354 non
1487 3301 1604 3372 potest,
1632 3311 1698 3353 cum
1721 3289 1770 3350 illa
1793 3288 1971 3367 minuantur,

599 3391 791 3452 absumantur
814 3398 844 3452 et
866 3391 1017 3454 deiciant:
1042 3393 1133 3473 igitur
1156 3390 1193 3451 ad
1216 3391 1313 3470 ipsum
1337 3411 1448 3472 corpus
1462 3392 1571 3453 Christi
1594 3388 1757 3452 relerenda
1779 3395 1862 3448 sunt:
1887 3395 1970 3450 tanto

598 3491 695 3570 magis
720 3490 799 3570 quiid
824 3490 893 3551 alibi
917 3493 988 3552 satis
1013 3509 1097 3552 suam
1120 3490 1177 3569 ipsi
1200 3490 1288 3551 sidem
1312 3491 1477 3571 explicent:
1502 3510 1568 3551 cum
1590 3490 1671 3551 Elias
1695 3489 1810 3550 illorum
1834 3486 1971 3548 Catholi-

600 3608 653 3651 cus
677 3588 734 3650 hoc
758 3590 877 3650 rtorrtinc
902 3592 1022 3667 tertius,
1048 3591 1076 3650 in
1099 3590 1297 3668 Expositione
1320 3590 1404 3667 fidei,
1429 3610 1515 3671 qttam
1538 3591 1674 3670 scripsit,
1698 3607 1764 3650 eum
1788 3594 1870 3647 essct
1893 3585 1970 3647 llic-

598 3685 829 3764 rosolymitanus
851 3687 1059 3767 hletropolita,
1091 3696 1195 3767 aperte
1217 3695 1345 3750 testatus
1368 3689 1457 3750 luerit
1478 3692 1591 3750 inuitari
1611 3688 1809 3749 substantiam
1829 3687 1920 3763 porris
1942 3694 1972 3746 et

598 3785 676 3855 cini,
706 3785 737 3843 in
765 3785 962 3846 substant-iam
992 3790 1132 3865 corporis
1154 3795 1182 3847 et
1204 3790 1362 3867 sanquinis
1385 3788 1512 3866 Christi,
1543 3797 1574 3850 ut
1603 3808 1642 3849 ex
1673 3787 1766 3867 ipsius
1798 3784 1968 3847 testimonie

599 3889 727 3955 constat,
751 3882 830 3960 quod
855 3883 923 3944 alibi
946 3885 1112 3947 retulimus.
1152 3886 1238 3958 Quod
1262 3888 1287 3948 si
1312 3906 1517 3967 quaecumque
1541 3888 1597 3949 illis
1621 3886 1806 3949 orationibus
1831 3884 1969 3946 contine-

599 3990 657 4058 tur,
682 3980 814 4041 nratorie
837 3983 938 4059 potius
961 4002 1048 4062 quam
1072 3984 1256 4067 Theologice
1287 3987 1382 4063 dicta,
1416 3986 1549 4049 nonnulli
1581 3985 1777 4061 contendant,
1813 3983 1969 4045 fatebimur

598 4099 659 4141 non
682 4080 778 4140 onmia
802 4080 898 4160 rigide
922 4089 951 4142 et
974 4083 1011 4143 ad
1034 4084 1149 4145 literam
1173 4084 1382 4168 intelligenda,
1413 4096 1446 4149 ut
1476 4086 1525 4148 illa
1548 4087 1693 4166 Spiritum
1716 4095 1852 4146 saccetum
1875 4083 1968 4144 babi-

599 4188 664 4239 taae
687 4182 717 4240 in
736 4198 818 4257 parte
841 4189 869 4240 et
892 4185 1081 4244 commisceri
1102 4185 1133 4242 in
1156 4185 1259 4244 culice.
1307 4186 1366 4247 Sed
1389 4186 1493 4247 saltem
1516 4185 1667 4247 latendum
1691 4192 1747 4261 esi,
1770 4184 1846 4245 haec
1870 4193 1900 4245 et
1922 4182 1968 4243 si-

599 4279 676 4339 milia
700 4279 790 4340 scribi
814 4297 872 4340 non
895 4299 988 4360 posse
1012 4282 1048 4342 ab
1072 4283 1107 4343 iis
1132 4283 1183 4361 qui
1206 4301 1309 4344 seram
1333 4292 1362 4345 et
1384 4284 1610 4346 substantialem
1626 4285 1841 4346 elementorum
1865 4292 1968 4344 trans-

599 4379 792 4438 mutationem
815 4395 874 4439 non
898 4379 1075 4442 crederent:
1099 4388 1160 4442 turn
1177 4382 1304 4461 simplici
1317 4402 1420 4459 sensu,
1436 4385 1608 4466 significare
1621 4384 1826 4464 operationem
1839 4382 1967 4444 divinam

599 4475 629 4535 in
653 4474 730 4535 dona
754 4478 924 4555 proposita,
957 4498 1012 4559 per
1035 4481 1153 4561 insigne
1176 4488 1207 4541 et
1229 4484 1309 4544 omni
1333 4483 1458 4544 humana
1481 4485 1596 4546 ratione
1619 4484 1759 4562 superius
1783 4482 1967 4557 miraculum,

600 4591 660 4634 non
672 4592 728 4654 per
744 4579 1020 4640 communicantium
1032 4579 1130 4655 iidem,
1154 4599 1240 4660 quam
1263 4590 1296 4644 ut
1312 4584 1514 4644 necessariam
1528 4585 1696 4663 requirunt,
1721 4580 1757 4641 ad
1774 4577 1984 4659 percipienda

601 4690 667 4733 cum
677 4671 981 4752 sructuSacrnmcnta,
993 4697 1050 4739 non
1063 4698 1138 4742 vero
1154 4680 1191 4740 ad
1201 4681 1385 4743 eliciendum
1396 4690 1427 4742 nt
1437 4681 1799 4744 bantcommunicantibus
1815 4696 1926 4758 corpus
1938 4684 1968 4737 ct

600 4773 724 4850 sanguis
737 4771 857 4847 Christi,
882 4777 910 4835 in
934 4795 1010 4855 quac
1034 4787 1228 4841 transmutata
1252 4799 1321 4843 esse
1345 4782 1430 4860 panis
1454 4790 1484 4844 et
1499 4784 1559 4843 vini
1573 4783 1730 4857 clementa,
1750 4780 1810 4858 Jam
1831 4777 1967 4853 credunt,

601 4869 711 4948 alioqui
735 4872 846 4933 similes
870 4877 1022 4938 orationes
1046 4886 1114 4939 artic
1137 4881 1373 4942 communionem
1397 4898 1456 4942 non
1486 4890 1674 4961 usurparent.
1722 4879 1781 4941 Sed
1810 4877 1868 4940 alio
1899 4876 1966 4938 loco

599 4968 695 5030 fusius
719 4971 877 5048 probatum
901 4983 962 5053 cst,
992 4975 1188 5039 Nestorianos
1216 4998 1276 5040 non
1300 4981 1395 5041 minus
1419 5000 1505 5061 quam
1529 4980 1661 5060 reliquos
1684 4977 1853 5041 Orientalcs
1877 4976 1968 5038 Chri-

600 5068 712 5129 stianos
741 5069 780 5130 de
809 5074 938 5134 ueritate
968 5077 1105 5155 corporis
1134 5085 1165 5138 et
1194 5080 1349 5159 sanguinis
1373 5078 1484 5142 Christi
1507 5082 1536 5141 in
1558 5079 1761 5156 Eucharistia,
1785 5077 1862 5139 idem
1886 5075 1967 5157 quod

599 5166 731 5231 Romana
755 5176 837 5231 tenet
858 5171 1011 5253 Ecclesia,
1036 5176 1178 5238 credere:
1203 5176 1341 5259 illamque
1366 5197 1552 5241 communem
1576 5198 1644 5241 csse
1667 5176 1794 5239 omnium
1819 5174 1967 5237 Christia-
