5150 6534
799 851 1491 930 1001000οΙ0000010003.
1785 854 1833 924 57

459 1041 554 1104 cerba
579 1040 714 1119 [ortuum
742 1040 844 1100 crucis
872 1041 1052 1116 ecpriuumt.
1100 1037 1210 1098 Postea
1240 1035 1409 1115 Episcopus
1439 1035 1571 1096 taluelaru
1595 1038 1723 1098 collocat
1744 1057 1835 1117 super

458 1158 595 1200 urerrsam
617 1140 709 1212 vitae,
732 1137 790 1198 linc
812 1144 860 1198 est
883 1137 994 1199 ultore:
1017 1155 1078 1195 uon
1100 1137 1131 1194 iu
1154 1137 1264 1210 aredio,
1287 1135 1368 1215 0000
1391 1135 1496 1196 solium
1520 1144 1641 1214 vocant,
1665 1138 1717 1197 ulii
1732 1137 1836 1199 taluela

458 1245 639 1300 consecrata
658 1237 746 1314 prius
767 1237 870 1312 defica
892 1244 952 1306 cst,
978 1237 1033 1294 sed
1055 1237 1097 1294 ud
1119 1236 1198 1295 latus
1220 1238 1383 1297 sinistrum.
1428 1235 1464 1296 Si
1482 1237 1586 1313 plures
1608 1239 1836 1298 corrseeraudae

458 1345 543 1412 secut,
567 1337 637 1397 illas
659 1355 714 1395 suo
737 1353 882 1414 qrcermepee
904 1335 1010 1394 areliue
1031 1336 1223 1412 superponit,
1244 1333 1413 1412 Episcopus
1440 1343 1548 1412 postea
1577 1344 1753 1396 orreameuta
1777 1354 1835 1396 seca

458 1440 587 1516 accipit:
609 1436 802 1508 Sacerdotes,
827 1435 967 1512 lliaeoui,
991 1443 1019 1494 et
1041 1435 1156 1512 relicpci,
1180 1441 1279 1493 uestes
1301 1453 1415 1512 qeromee
1438 1433 1551 1494 Ordine
1573 1453 1628 1495 suo
1651 1437 1835 1496 00000000-

458 1545 504 1598 tes
526 1538 660 1611 iudrmut,
683 1543 820 1614 stantque
843 1537 929 1594 circa
951 1533 1058 1592 altare.
1100 1531 1353 1612 Are-leipreslrpter
1373 1533 1472 1610 desert
1494 1552 1624 1606 crucem,
1648 1543 1677 1594 et
1699 1535 1837 1595 coresistit

454 1655 552 1715 prope
578 1636 696 1695 altare:
726 1653 804 1694 tereres
831 1653 871 1692 ec
893 1631 1064 1692 seniorilms
1086 1630 1301 1691 Sacerdotibus
1324 1631 1421 1706 delire
1441 1633 1641 1710 paropsides,
1669 1635 1700 1692 iu
1728 1633 1835 1712 aeribus

456 1743 526 1794 sceret
547 1734 704 1794 lenticulae
719 1733 804 1792 sacri
817 1731 1005 1791 clerismatis:
1028 1730 1160 1789 lliacoui
1170 1728 1288 1806 llulrella
1299 1737 1433 1807 pestem,
1459 1731 1514 1790 alii
1528 1750 1642 1792 cereos.
1667 1731 1835 1808 Episcopus

460 1850 560 1912 0000
583 1832 650 1894 solo
675 1832 750 1892 lrnec·
773 1829 961 1890 consecratio
986 1828 1156 1906 perlinitur,
1186 1830 1294 1888 recitat
1321 1831 1473 1889 orationes
1503 1831 1630 1907 aliquot,
1659 1850 1699 1890 ec
1726 1829 1835 1908 Officio

458 1933 697 1993 consecrationis
711 1931 878 1999 Ecclesiae,
901 1929 1036 1998 Sedeas:
1060 1929 1227 1987 orationem
1246 1929 1370 2000 irueusi,
1394 1947 1433 1987 eu
1457 1929 1577 1988 eonon:
1596 1937 1667 2007 post
1688 1947 1766 2008 qrrets
1788 1928 1835 1988 le-

456 2033 539 2110 pitur
558 2029 695 2108 Epistola
726 2038 755 2089 et
781 2028 977 2106 Eraupelimu
1006 2035 1036 2086 et
1057 2028 1205 2087 recitatur
1226 2025 1406 2104 Srpulralum.
1435 2025 1575 2105 Sequitur
1598 2029 1696 2088 aratio
1719 2035 1835 2087 secreto

458 2130 598 2191 dicerula.
631 2129 771 2188 Psalruus
792 2126 844 2186 23.
892 2126 1034 2186 [inienuus
1058 2125 1138 2204 regit
1161 2145 1217 2196 nuc,
1241 2133 1299 2185 etc.
1322 2125 1492 2202 Episcemus
1514 2128 1630 2204 siprmm
1653 2127 1755 2186 erucis
1777 2128 1833 2186 de-

458 2229 679 2306 lineatpollice,
702 2229 802 2288 tleeetis
822 2225 942 2286 elreednes
964 2226 1060 2298 liueis,
1084 2232 1112 2283 et
1134 2224 1266 2284 tulurlmu
1289 2225 1527 2285 corrseeraudaru
1552 2227 1685 2303 imponit,
1709 2227 1737 2284 ei
1758 2244 1835 2304 qreere

456 2327 522 2404 (ira
535 2328 620 2387 estiu
635 2326 742 2387 altari:
765 2344 854 2404 quaru-
876 2325 984 2384 deiutle
997 2324 1118 2400 elepemit
1139 2324 1181 2382 ud
1202 2325 1282 2383 latus
1293 2324 1387 2400 uliud,
1403 2331 1432 2382 et
1448 2324 1587 2403 reliquas,
1603 2327 1632 2384 si
1640 2325 1743 2402 plures
1757 2331 1836 2399 suut,

454 2426 576 2502 primae
588 2425 778 2503 superponit:
801 2430 890 2502 atque
912 2424 1029 2482 iuterea
1046 2419 1158 2481 Clerici
1175 2423 1310 2500 psalmos
1332 2429 1362 2482 et
1381 2423 1505 2502 lepmuns
1527 2431 1645 2482 eauuut.
1667 2422 1835 2483 Arclridia-

460 2541 554 2584 corrues
573 2543 684 2602 praece
706 2523 780 2582 elicit
803 2520 934 2597 Ereipce
956 2517 1072 2592 καλῶς.
1097 2519 1296 2581 Prooemium.
1319 2521 1426 2581 Serlra.
1450 2521 1663 2601 ltespousoria.
1687 2522 1835 2582 Psalmus.

458 2620 565 2682 ludica
593 2640 639 2683 me
670 2622 770 2695 lteris,
801 2622 937 2700 quomruu
968 2639 1027 2694 000
1056 2621 1085 2680 in
1108 2621 1278 2681 innocentia
1303 2637 1368 2680 men
1394 2621 1548 2702 ingressus
1572 2639 1653 2682 sunu:
1678 2628 1707 2680 et
1726 2628 1834 2698 postea

459 2719 629 2799 Episcopus
651 2722 751 2799 sipuat
773 2721 904 2780 secuudo
928 2720 1048 2779 terbrelus
1070 2720 1156 2796 sipuo
1179 2720 1294 2792 ermis,
1318 2719 1396 2779 sicut
1415 2723 1501 2797 prius
1521 2721 1656 2796 lecerat:
1679 2723 1759 2782 clera
1782 2721 1834 2779 iu-

459 2827 545 2880 terea
563 2820 767 2897 psalmodiam
789 2821 991 2880 cerretiuuaute.
1017 2817 1172 2877 Diacouus
1204 2818 1311 2876 iterum
1334 2816 1465 2894 Ereiueer
1487 2813 1602 2890 καλῶς.
1640 2820 1710 2880 'l'uru
1723 2822 1832 2882 Seelro.

450 2917 660 2985 ‚Prooemium
694 2918 851 2978 lliaeouus
873 2918 948 2978 dicit
969 2917 1131 2992 Lituuiaru,
1156 2917 1220 2976 sive
1243 2916 1316 2976 sui-is
1340 2916 1458 2998 longam
1481 2919 1657 2998 orationem,
1681 2937 1758 2998 qum
1781 2920 1835 2982 Li-

458 3018 546 3078 tuniis
568 3017 680 3078 nostris
703 3035 762 3077 non
786 3016 963 3095 respondet.
993 3015 1201 3093 llespuusoria
1223 3033 1263 3073 ec
1278 3013 1387 3093 (illicio
1410 3019 1650 3078 certeseeruliauis
1667 3019 1833 3080 Ecclesiae.

460 3115 608 3178 Psalmus.
640 3117 793 3177 lllemcuio
808 3115 933 3175 Deuuine
949 3113 1060 3175 lleun'id:
1083 3120 1113 3173 et
1134 3115 1236 3191 sipuat
1257 3113 1377 3174 tabulas
1399 3117 1497 3189 lertio,
1522 3124 1553 3175 ut
1566 3117 1658 3176 semel
1671 3119 1833 3197 iterumque

456 3216 583 3294 [ecerat.
608 3215 777 3293 Episcopus
794 3216 979 3293 prouuuciul
1001 3220 1115 3273 secreto
1138 3212 1256 3290 leuepum
1278 3215 1456 3284 ora-tionem,
1481 3217 1511 3273 iu
1535 3217 1619 3290 erp'us
1639 3219 1697 3293 pue
1719 3224 1832 3276 rrrrrlato

458 3323 539 3386 torro,
563 3314 661 3374 eleuet
682 3334 794 3384 nocem,
817 3323 847 3374 et
868 3315 1074 3391 respondetur,
1100 3311 1201 3372 elrrreu.
1248 3311 1385 3371 (lamium
1409 3330 1500 3390 parm
1524 3315 1691 3374 arntiomuu
1716 3315 1832 3376 illarum

460 3414 610 3474 sententio
635 3421 765 3490 aliaest,
790 3413 975 3493 eerrnpnrntio
992 3412 1107 3472 scilicet
1121 3409 1288 3472 sacerdotii
1311 3410 1430 3492 legalis,
1454 3430 1519 3472 cnm
1536 3412 1721 3473 l'luislimur:
1745 3431 1831 3474 0000-

460 3511 620 3587 mentlutio,
645 3511 798 3592 dignitatis
822 3511 934 3584 altaris,
959 3529 1030 3588 0000
1043 3510 1177 3570 irruentibus
1193 3511 1257 3570 aliis
1272 3510 1300 3570 in
1315 3510 1508 3572 'l'ostnmentu
1521 3513 1630 3572 veteri:
1655 3513 1832 3593 praesertim

461 3609 541 3686 qrroel
566 3627 670 3670 verum
694 3627 806 3690 corpus
830 3610 940 3672 (luisti
964 3611 992 3670 in
1017 3629 1054 3669 00
1079 3593 1292 3684 0000000000,
1318 3617 1492 3688 reponuntur,
1517 3617 1547 3670 et
1571 3611 1749 3688 iiuuuiletur,
1773 3629 1833 3673 000

461 3706 558 3766 minus
588 3727 675 3788 quum
705 3709 734 3768 in
763 3727 854 3770 cruce
885 3717 914 3769 ct
943 3710 972 3769 in
995 3708 1148 3787 sepidern.
1195 3708 1428 3770 Couunerulutur
1451 3711 1564 3788 pmiter
1588 3711 1792 3774 Sacerdotium
1817 3731 1834 3772 n

461 3804 582 3866 Christo
605 3808 780 3881 inslitulum,
804 3815 833 3868 et
857 3826 912 3886 per
934 3807 1100 3886 Apostolus
1125 3807 1268 3869 Ecclesiis
1294 3808 1446 3883 tremitum,
1471 3810 1556 3886 cujus
1581 3810 1754 3885 mimsterio,
1780 3829 1833 3870 su-

462 3904 606 3968 crilicium
635 3907 729 3968 seuml
753 3907 789 3968 alr
813 3928 851 3969 eo
875 3907 1006 3968 ablutum
1029 3907 1160 3985 queuielie
1184 3913 1366 3984 renuuntur,
1390 3915 1420 3967 et
1444 3907 1573 3968 lielelium
1596 3909 1691 3969 acidis
1716 3927 1833 3989 propo-

461 4005 550 4066 nitur.
597 4007 833 4085 imprecationes
857 4006 892 4067 eud
918 4005 1021 4082 lieruu,
1047 4014 1076 4065 ut
1100 4007 1227 4085 Spiritus
1250 4009 1345 4067 sancti
1369 4009 1415 4067 sni
1438 4007 1563 4077 aratiam
1586 4009 1690 4082 initiat,
1714 4018 1773 4069 uun
1796 4008 1834 4070 nd

463 4101 598 4164 altarium
621 4107 899 4182 consecrationem,
931 4112 990 4165 turn
1014 4124 1105 4184 snper
1119 4106 1234 4182 tidelm,
1259 4114 1289 4167 ut
1308 4126 1345 4166 ex
1362 4106 1419 4167 illis
1434 4108 1592 4184 percipere
1609 4107 1699 4188 digne
1715 4108 1834 4168 ualeant

463 4221 575 4283 cernuus
597 4204 715 4264 Domini
739 4207 812 4268 lesu
838 4204 966 4284 (lluisti,
991 4205 1071 4285 (prod
1095 4222 1150 4284 pro
1174 4205 1246 4284 ipsis
1271 4203 1409 4266 traditum
1435 4214 1490 4280 est,
1515 4213 1543 4266 et
1568 4208 1745 4286 sanguinem
1768 4206 1834 4286 clius

465 4303 516 4382 qui
538 4321 594 4382 pro
617 4302 674 4363 illis
699 4305 812 4365 ellnsus
836 4311 892 4367 esi.

549 4401 621 4462 Post
643 4404 825 4480 orationem,
846 4424 903 4483 pre
927 4401 1081 4478 Ecclesia,
1112 4411 1141 4461 et
1167 4403 1277 4479 popello
1304 4403 1403 4480 fideli,
1432 4405 1536 4482 inscipit
1562 4405 1731 4484 Episcopus
1760 4425 1835 4468 eou-

462 4501 661 4578 sipuatiouem
685 4502 805 4562 tuludae
824 4522 882 4580 per
902 4504 1070 4561 unctionem
1093 4521 1133 4560 er
1155 4501 1316 4562 elerismate
1339 4522 1397 4580 arra
1417 4503 1554 4581 pollicem
1578 4505 1680 4582 tiupit,
1705 4514 1733 4565 et
1755 4507 1839 4567 eliud

459 4617 518 4677 per
538 4600 660 4660 easdem
682 4601 795 4677 lineas,
818 4619 896 4680 areles
918 4603 949 4660 iu
971 4603 1089 4660 ureduru
1114 4601 1216 4659 crucis
1245 4601 1465 4679 descripserat,
1495 4611 1583 4681 aluere
1612 4605 1645 4663 id
1671 4603 1751 4680 furit
1780 4612 1836 4678 ter,

461 4699 619 4758 recitanda
641 4699 758 4759 iuterea
780 4701 948 4761 uersiculos
970 4719 1010 4759 er
1041 4699 1184 4769 Psalmis,
1216 4697 1346 4778 llpruuus
1369 4706 1398 4760 et
1422 4700 1638 4778 llespnusuria.
1684 4703 1740 4763 llis
1757 4721 1835 4780 per-

462 4797 541 4856 actis
570 4799 599 4856 si
617 4797 721 4874 plures
742 4807 811 4858 sucu
834 4798 970 4872 taluelae,
1000 4798 1136 4875 siupulas
1159 4799 1267 4858 irreliue
1288 4818 1361 4862 suu.
1386 4819 1473 4859 ceream
1498 4819 1588 4878 super
1615 4803 1708 4861 aliam
1738 4802 1835 4863 rollo-

461 4903 512 4954 cat
533 4896 565 4954 iu
583 4903 674 4972 peerte
696 4897 806 4957 altaris
827 4899 963 4968 siuistra,
986 4899 1144 4976 siarratepee
1165 4916 1255 4957 eerrcuu
1277 4917 1423 4976 qereumpre
1445 4899 1530 4976 sipuu
1554 4902 1668 4974 erucis,
1692 4903 1835 4980 sim-ulque

461 4993 591 5053 collocat
612 5013 704 5072 super
726 4995 858 5056 taluelmu
880 4997 977 5074 misius
999 4997 1125 5069 alteo-is,
1149 5004 1178 5055 et
1199 4997 1287 5070 dicit,
1312 4998 1465 5074 Signatum
1490 5006 1553 5076 est,
1579 5007 1715 5077 uncunn,
1744 5001 1835 5080 sigil-

461 5089 631 5172 latumque,
663 5093 757 5156 altare
789 5093 847 5156 lroc
886 5112 987 5154 000000
1020 5095 1167 5174 positum,
1198 5096 1227 5155 in
1258 5097 1376 5157 nonuno
1406 5096 1519 5172 Putris,
1553 5096 1666 5170 Amen,
1699 5106 1728 5160 et
1758 5099 1835 5178 Filii,

461 5190 575 5262 Amen,
599 5199 629 5252 et
653 5192 780 5272 Spiritus
803 5195 914 5272 salicti,
939 5193 975 5254 ml
999 5196 1284 5256 cunsunmurtiouem
1308 5196 1508 5275 liturgiarum
1523 5204 1692 5258 seruaturum
1717 5200 1745 5259 in
1761 5218 1834 5262 sne-

462 5289 540 5368 cula,
564 5288 672 5352 Amen.
718 5291 841 5354 Ultimae
864 5292 933 5354 illne
957 5294 1202 5374 consignationes
1225 5294 1297 5354 sumt
1321 5293 1357 5354 uli
1372 5294 1534 5373 Episcopo,
1559 5296 1588 5356 in
1608 5295 1672 5375 ipsa
1690 5299 1833 5362 000ῑί000
