5150 6534
597 816 672 889 366
1166 812 1397 892 rt0tbt

593 1004 763 1099 mysteriis
793 1004 865 1094 ejus
902 998 1056 1072 sanctis?
1091 996 1314 1090 confitemur,
1350 999 1548 1089 adoramus,
1589 1010 1624 1071 et
1654 998 1900 1093 glorificamus,
1934 1012 1966 1076 et

594 1140 701 1190 voces
728 1119 909 1210 gratiarum
937 1117 1076 1187 actionis
1104 1114 1289 1201 oberimus,
1317 1136 1556 1210 rogamusque,
1583 1137 1604 1189 o
1636 1125 1767 1189 amator
1788 1114 1967 1208 hominum,

593 1245 629 1305 ut
656 1237 742 1306 sicut
767 1235 918 1319 vocasti,
946 1242 979 1303 et
1007 1229 1175 1303 adduxisti
1201 1252 1283 1320 nos,
1311 1230 1353 1302 ad
1380 1232 1573 1303 convivium
1599 1230 1663 1306 boc
1683 1228 1820 1304 beatum
1848 1241 1884 1304 et
1909 1236 1965 1306 vi-
2021 1295 2028 1302 .

594 1348 747 1437 vilicum,
774 1350 853 1437 des,
880 1358 914 1418 et
934 1357 1091 1439 praestes
1117 1346 1235 1433 nobis,
1261 1356 1297 1417 ut
1323 1348 1365 1418 sit
1391 1345 1489 1420 nobis
1517 1346 1559 1419 ad
1585 1348 1858 1443 propitiationem
1879 1347 1966 1422 deli·

595 1474 739 1550 ctorum‚
767 1474 802 1535 et
826 1465 1058 1535 remissionem
1085 1471 1318 1557 peccatorum,
1345 1461 1388 1532 ad
1413 1464 1570 1535 viaticum
1598 1465 1689 1533 vitae
1721 1472 1904 1553 aeternae,
1936 1472 1969 1536 et

597 1579 641 1650 ad
667 1580 807 1670 gloriam
833 1575 1031 1671 laudemque
1057 1580 1200 1649 nominis
1227 1580 1290 1666 tui,
1317 1587 1350 1648 et
1376 1578 1535 1668 unigeniti
1569 1576 1644 1648 Filii
1676 1579 1723 1647 tui
1755 1586 1792 1649 et
1825 1577 1967 1675 Spiritus

598 1696 643 1764 tui
671 1694 877 1765 sanctissimi.
1139 1691 1300 1784 Populos.
1354 1692 1473 1763 Amen.

699 1807 884 1879 Sacerdos.
938 1808 1022 1879 Pax.

700 1924 887 1995 Diaconos.
939 1925 1023 1995 Post
1049 1926 1295 2019 susceptionem
1321 1925 1556 2020 mysteriorum
1589 1926 1727 2010 istorum
1764 1934 1969 2015 sanctorum,

598 2063 684 2135 quae
710 2039 807 2112 nobis
834 2039 910 2111 data
939 2049 1014 2110 sunt
1039 2042 1175 2122 iterum,
1201 2061 1316 2111 coram
1342 2038 1487 2113 Domino
1502 2037 1710 2112 misericordi
1724 2041 1834 2135 capita
1853 2051 1970 2115 nostra

597 2156 799 2225 inclinemus.

700 2268 883 2339 Sacerdos.
939 2269 1061 2342 Coram
1088 2279 1141 2358 ιε,
1168 2270 1313 2342 Domine
1328 2271 1439 2358 Deus,
1455 2269 1662 2340 inclinantur
1672 2279 1801 2340 mentes
1819 2277 1970 2358 nostrae,

597 2394 704 2457 motus
733 2386 830 2455 animi
857 2394 890 2454 et
915 2381 1098 2458 intellectus
1117 2388 1234 2474 nostri,
1262 2388 1436 2479 omnisque
1458 2406 1636 2479 corporum
1658 2394 1849 2458 nostrorum
1870 2405 1969 2458 com-

596 2522 704 2597 pages
731 2520 805 2569 cum
833 2498 1004 2571 animabus
1030 2502 1173 2573 nostris:
1201 2509 1361 2593 rogantes
1388 2510 1422 2571 et
1456 2498 1674 2572 obsecrantes
1707 2498 1987 2570 misericordiam.

597 2628 704 2704 tuam,
731 2626 766 2686 ut
791 2618 980 2709 requiescat
1007 2616 1147 2689 dextera
1173 2625 1228 2687 tua
1255 2615 1451 2706 invisibilis,
1486 2623 1520 2686 et
1548 2614 1647 2711 plena
1680 2613 1971 2687 benedictionibus

598 2754 699 2826 super
735 2752 799 2803 nos
834 2753 960 2803 omnes.
1013 2732 1178 2819 Remedio,
1220 2731 1407 2822 sanctifica,
1447 2730 1576 2803 custodi
1613 2752 1674 2826 per
1706 2750 1840 2801 crucem
1882 2739 1970 2800 tuam

596 2850 788 2934 victricem,
815 2868 879 2919 nos
906 2869 1044 2937 omues,
1072 2851 1127 2942 qui
1153 2850 1346 2943 accepimus
1373 2867 1495 2941 corpus
1523 2856 1613 2918 tuum
1639 2855 1809 2934 sanctum,
1842 2853 1880 2915 et
1912 2842 1971 2915 bi-

595 2960 703 3033 bimus
731 2965 926 3054 sanguiuem
962 2974 1050 3034 tuum
1084 2949 1220 3058 purum,
1255 2962 1297 3034 ab
1332 2962 1483 3033 omnibus
1511 2961 1638 3033 damnis
1666 2963 1797 3031 animae
1823 2968 1861 3031 et
1888 2981 1974 3032 cor-

595 3082 699 3171 poris.
753 3074 920 3150 Conbrma
948 3080 979 3148 in
1006 3075 1103 3149 nobis
1129 3078 1332 3150 voluntatem
1359 3088 1446 3148 tuam
1474 3075 1655 3164 vivificam,
1683 3078 1795 3147 insere
1811 3077 1844 3145 in
1872 3074 1973 3148 nobis

597 3192 694 3265 fidem
722 3196 753 3264 in
782 3203 814 3263 te
840 3216 971 3280 veram,
1000 3203 1034 3263 et
1060 3192 1223 3266 danobis
1250 3196 1407 3266 virtutem
1440 3190 1481 3263 ad
1515 3190 1787 3264 observationem
1822 3189 1974 3262 mando-

596 3319 705 3380 torum
732 3318 861 3382 tuorum
888 3318 1094 3382 sanctorum:
1118 3308 1242 3415 ¹facque
1268 3330 1331 3381 uos
1358 3310 1539 3403 pervenire
1566 3305 1608 3377 ad
1633 3306 1732 3378 linem
1758 3307 1907 3398 bonum,
1940 3316 1976 3378 et

596 3423 800 3519 voluptatem
827 3428 924 3517 regni
951 3428 1013 3514 tui,
1040 3436 1074 3497 et
1099 3424 1283 3496 referemus
1311 3424 1369 3496 tibi
1394 3422 1536 3515 gloriam
1563 3433 1597 3494 et
1627 3419 1777 3512 laudem,
1810 3430 1847 3494 et
1883 3421 1978 3494 Patri

598 3547 673 3627 tuo,
701 3548 734 3609 et
760 3538 895 3634 Spiritui
922 3548 1060 3629 sancto,
1086 3562 1192 3627 nunc,
1220 3548 1282 3610 etc.

1048 3892 1526 3940 ww

678 4279 743 4368 IN
785 4279 1166 4373 LITURGIAM
1206 4279 1450 4373 JACOBI
1480 4276 1896 4372 SERUGENSIS

1181 4487 1383 4571 Ithbb.

1052 4768 1086 4837 1.
1125 4767 1251 4840 Jocobi
1277 4768 1518 4839 Botooocosia.
1647 4815 1649 4820 ,

693 4954 858 5040 Fauounus
887 4966 995 5030 iacobi
1023 4968 1112 5051 buJ'us
1134 4971 1278 5032 memoria
1306 4978 1354 5032 est
1376 4970 1455 5051 apud
1484 4970 1579 5050 Syros
1606 4968 1776 5046 bacchilus,
1805 4975 1981 5050 extantque

596 5072 662 5153 ejus
678 5071 797 5132 nominc
810 5068 957 5131 Homiliae
979 5086 1041 5131 non
1062 5088 1179 5151 paucae
1202 5071 1357 5154 Syriacae,
1381 5080 1412 5135 et
1434 5071 1579 5153 opuscula
1592 5070 1779 5153 Theologica
1802 5068 1833 5131 in
1858 5068 1981 5135 t'odice

597 5169 802 5251 antiquissimo
826 5168 1013 5234 Colbertino.
1058 5167 1173 5232 Citatur
1196 5188 1212 5232 a
1241 5170 1327 5234 Mose
1354 5170 1511 5252 barcepha
1541 5169 1571 5231 in
1595 5167 1817 5232 Commentario
1851 5167 1892 5231 de
1914 5168 1981 5232 Pa-

595 5268 707 5348 radtso,
731 5287 789 5332 nec
811 5270 915 5331 mirum
939 5286 1006 5330 cum
1028 5266 1059 5330 in
1082 5267 1187 5330 eadem
1208 5274 1337 5352 uterquc
1360 5276 1444 5333 secta
1466 5269 1586 5332 vixerit.
1631 5266 1746 5330 Botuan
1769 5272 1871 5329 autem
1895 5284 1980 5347 quae
