5150 6534
849 847 1065 925 otuuotttt
1102 847 1353 925 dttuottdt
1390 848 1621 944 ORIENTIS,
1653 835 1707 926 oc.
1895 852 1969 926 459

602 1056 675 1107 rum
702 1057 855 1121 suorum,
883 1033 1051 1107 admonuit
1077 1057 1147 1121 eos,
1174 1039 1411 1131 praecepitque
1439 1040 1501 1123 eis,
1528 1036 1658 1108 dicens:
1687 1041 1880 1133 mysterium
1907 1038 1971 1109 boc
2075 1110 2078 1116 .

602 1162 765 1246 perpetuo
801 1150 965 1245 perficite:
1003 1154 1077 1245 quia
1110 1174 1183 1223 cum
1218 1175 1339 1246 panem
1364 1152 1450 1224 bunc
1476 1154 1734 1242 manducabitis,
1767 1166 1801 1227 et
1839 1158 1968 1227 mistum

603 1267 690 1361 quod
723 1270 756 1338 in
791 1266 854 1339 boe
887 1266 992 1338 calice
1024 1277 1075 1337 est
1101 1266 1239 1355 bibetis,
1274 1272 1466 1340 memoriam
1501 1273 1615 1341 mortis
1642 1280 1675 1340 et
1715 1276 1968 1343 resurrectionis

602 1405 701 1454 meae
726 1383 874 1471 iacietis,
903 1384 1010 1455 donec
1037 1387 1178 1456 veniam.

707 1499 868 1592 Populus.
922 1498 1038 1569 blortis
1065 1509 1141 1569 tuae
1169 1499 1322 1586 Domine,
1350 1511 1412 1571 etc.
1876 1573 1887 1582 ,

706 1613 889 1685 Sacerdos.
942 1614 1010 1685 Sed
1035 1619 1133 1685 etiam
1153 1624 1255 1687 totam
1281 1626 1367 1687 tuam
1388 1616 1678 1709 dispensationem,
1704 1618 1851 1692 Verbum
1865 1620 1970 1705 Deus,

601 1753 683 1802 caro
710 1729 849 1816 lactum,
876 1753 1190 1820 commemoramus,
1217 1753 1284 1803 nou
1312 1732 1553 1826 perfunctorie,
1587 1755 1652 1803 non
1679 1735 1887 1826 negligenter
1915 1744 1970 1807 aut

602 1851 725 1932 otiose,
754 1846 813 1917 sed
847 1849 956 1917 animo
990 1856 1113 1917 attente
1146 1848 1390 1942 perpendentes
1425 1860 1457 1919 et
1493 1848 1669 1939 diligenter
1705 1851 1968 1937 considerantem

601 1968 757 2035 miramur
785 1973 816 2034 ct
844 1974 980 2056 stupore
1008 1964 1181 2051 allicimur3
1209 1968 1354 2034 maxime
1389 1987 1473 2036 vero
1507 1964 1666 2036 laetamur
1702 1976 1735 2036 et
1771 1966 1967 2049 exultamus,

601 2101 670 2153 non
696 2083 740 2149 ita
769 2089 876 2149 tamen
905 2083 980 2172 quin
1009 2083 1180 2149 timeamus
1208 2091 1242 2150 et
1275 2083 1586 2165 contremiscamus,
1619 2085 1651 2150 in
1685 2104 1782 2152 unum
1816 2083 1968 2175 quodque

602 2199 755 2268 attentius
784 2198 1017 2288 inspicientes,
1045 2205 1078 2265 et
1105 2196 1234 2286 singula
1264 2218 1349 2289 quae
1382 2219 1444 2289 pro
1478 2196 1584 2266 saluto
1619 2208 1733 2268 nostra
1769 2196 1857 2269 facta
1894 2208 1969 2267 sunt
2008 2254 2011 2260 .

602 2315 712 2382 animo
730 2320 916 2380 versantes.
958 2311 1255 2385 Annunciationem
1283 2333 1369 2405 quae
1390 2314 1562 2382 suscitavit
1577 2333 1670 2403 spem
1685 2313 1817 2384 salutis:
1845 2318 1966 2403 gesta-

601 2430 724 2498 tionem
750 2429 782 2496 iu
810 2438 904 2497 utero
933 2436 1018 2497 tuam
1046 2429 1326 2519 propitiatoriam,
1354 2430 1557 2497 nativitatem
1586 2449 1630 2497 ex
1664 2428 1817 2519 Virgine,
1854 2429 1966 2521 depo·
2039 2439 2043 2446 ’

601 2545 752 2614 sitiouem
779 2546 812 2612 in
838 2546 1036 2636 praesepio,
1063 2541 1299 2614 involutionem
1328 2545 1412 2613 inter
1438 2565 1584 2636 punnOS,
1612 2547 1832 2634 gestationem
1866 2568 1967 2637 super

601 2679 728 2749 genua,
755 2662 964 2729 nutritionem
992 2680 1036 2728 ex
1062 2657 1166 2744 lacte,
1194 2663 1430 2730 incrementum
1457 2664 1575 2729 aetatis
1603 2664 1826 2750 cumgratia,
1864 2659 1964 2730 obla-

601 2777 723 2846 tionem
752 2774 793 2845 ad
821 2773 992 2868 templum,
1020 2774 1215 2868 baptismum
1244 2774 1451 2867 praeclarum
1479 2784 1513 2844 et
1538 2775 1670 2868 plenum
1695 2774 1828 2862 lumine,
1856 2775 1966 2847 bene-

599 2888 779 2961 volentiam
816 2890 923 2960 Patris
963 2889 1183 2976 declaratam,
1219 2889 1465 2960 irradiationem
1502 2893 1651 2984 spiritus,
1688 2894 1898 2962 tentationem
1932 2895 1966 2960 in

601 3004 754 3091 deserto,
780 3004 940 3099 triplicem
969 3008 1158 3090 victoriam,
1187 3008 1378 3077 sanationes
1394 3005 1617 3094 admirabiles,
1644 3010 1782 3078 virtutes
1805 3007 1965 3101 praecla-

599 3142 656 3193 ras
673 3130 718 3191 et
744 3121 893 3208 divinas,
921 3125 1134 3215 operationes
1160 3121 1235 3191 Deo
1264 3121 1394 3211 dignas,
1421 3121 1581 3193 beneficia
1608 3145 1669 3215 per
1695 3127 1833 3213 gratiam
1861 3145 1966 3216 prae-

600 3240 696 3324 stita,
724 3239 916 3332 mysterium
943 3236 1020 3307 illud
1047 3240 1214 3331 mysteriis
1242 3236 1393 3331 plenum,
1419 3236 1570 3308 fraudem
1598 3238 1763 3333 discipuli,
1792 3241 1964 3333 pecuniam

599 3355 797 3445 iniquitatiS,
825 3352 973 3424 osculum
988 3352 1149 3438 dolosum,
1174 3352 1405 3446 impudentiam
1428 3353 1690 3438 audacissimam,
1709 3353 1965 3444 llagellatiouem

598 3472 847 3563 vituperosam,
875 3472 1105 3541 ascensionem
1122 3468 1162 3539 ad
1178 3490 1311 3538 crucem
1326 3468 1558 3556 voluntariam,
1586 3480 1714 3540 acetum
1735 3480 1767 3540 et
1781 3468 1963 3565 myrrham:

599 3588 904 3657 transmutationem
931 3594 1134 3671 naturarum,
1163 3595 1342 3655 tremorem
1369 3585 1622 3669 elementorum,
1649 3607 1769 3657 vocem
1786 3597 1964 3679 petrarum,

599 3704 797 3773 scissionem
825 3698 953 3792 templi,
980 3700 1103 3769 [luxum
1131 3703 1301 3790 sanguinis
1324 3710 1356 3770 et
1376 3722 1500 3793 aquae,
1529 3699 1779 3771 descensionem
1797 3701 1839 3771 de
1853 3722 1962 3771 cruce.

599 3816 839 3911 depositionem
866 3818 898 3884 in
926 3824 1136 3886 monumento
1163 3837 1265 3903 novo,
1293 3818 1577 3887 annunciationem
1605 3816 1873 3887 Resurrectionis
1903 3815 1964 3884 la-

599 3943 704 4022 etam,
731 3931 1023 4001 Resurrectionem
1051 3955 1069 4001 a
1098 3935 1234 4003 mortuis
1262 3934 1357 4001 tertia
1385 3929 1458 4019 die,
1484 3932 1728 4003 Ascensiouenr
1756 3936 1787 4002 in
1823 3930 1963 4010 coelum,

599 4046 862 4118 consolationem
891 4047 1087 4133 secundam,
1116 4050 1300 4118 sessionem
1329 4046 1370 4117 ad
1398 4045 1569 4116 dexteram
1604 4047 1730 4132 Patris,
1765 4055 1964 4141 potestatem

599 4163 709 4234 datam
737 4164 792 4234 tibi
821 4166 875 4254 qui
901 4163 1187 4234 consubstantialis
1215 4185 1252 4232 es
1280 4164 1389 4249 Patri,
1417 4162 1579 4233 adventus
1607 4163 1742 4233 secundi
1758 4164 1877 4233 tonitru
1896 4183 1962 4229 va-

598 4276 715 4364 lidum,
750 4277 892 4369 gloriam
929 4282 1036 4348 crucis
1069 4301 1239 4369 magnam,
1277 4276 1482 4348 tribunalium
1520 4278 1776 4363 ordinationem,
1806 4275 1962 4366 judicium

584 4415 740 4487 §aequum
770 4404 802 4464 et
828 4403 972 4480 rectum,
1000 4395 1246 4466 retributionem
1264 4404 1515 4488 praeparatam,
1543 4393 1691 4463 fiduciam
1714 4392 1866 4475 ablatam,
1893 4391 1961 4459 liu-

600 4531 699 4600 guam
737 4508 1036 4594 obmutescentem,
1075 4510 1200 4581 vultum
1232 4510 1413 4600 dejectum,
1450 4520 1548 4603 caput
1582 4508 1788 4595 inclinatum,
1825 4529 1962 4600 operum

599 4623 1105 4719 publicam'manifestationem,
1134 4626 1292 4720 pudorem
1321 4648 1366 4696 ex
1399 4624 1533 4712 verbis,
1570 4628 1814 4720 separationem
1848 4644 1962 4713 agno-

600 4763 673 4812 rum
713 4739 754 4810 ab
794 4740 928 4828 haedis,
976 4763 1130 4813 severam
1173 4745 1441 4828 accusationem,
1487 4740 1672 4831 gebennam
1718 4737 1961 4821 incessabilem,

599 4859 712 4949 ignem
739 4856 907 4928 ardentem
935 4868 968 4928 et
1003 4879 1069 4929 nou
1105 4857 1350 4952 splendentem,
1384 4856 1539 4927 tenebras
1573 4859 1778 4941 exteriores,
1810 4876 1961 4926 manuum

601 4973 847 5064 colligationes,
875 4994 1023 5043 vermem
1052 4977 1197 5065 quinon
1225 4977 1377 5059 moritur,
1406 4971 1582 5043 stridorem
1610 4971 1770 5055 dentium,
1803 4972 1961 5062 poenitu-

601 5086 708 5158 dinem
737 5112 822 5182 quae
850 5089 984 5161 dolores
1006 5100 1120 5180 auget:
1147 5090 1335 5183 voluptates
1350 5111 1505 5174 summas,
1533 5090 1690 5159 convivia
1713 5085 1769 5156 illa
1790 5085 1961 5169 coelestia,

601 5213 716 5276 coetus
742 5206 970 5298 Angelorum,
997 5208 1098 5274 vitam
1131 5204 1350 5297 spiritualem,
1383 5203 1567 5275 habitacula
1601 5202 1715 5289 beata,
1747 5200 1960 5272 tabernacula

601 5319 727 5407 lucida,
755 5326 990 5424 generationes
1010 5320 1253 5411 sacerdotates,
1281 5321 1575 5414 contemplationes
1594 5328 1739 5412 apertas,
1767 5340 1808 5389 eo
1826 5316 1878 5387 die
1895 5338 1958 5409 quo

652 5458 740 5502 remus
758 5460 785 5501 u.
1713 5436 1758 5508 61
