<?xml version="1.0" encoding="UTF-8"?>
<!DOCTYPE html PUBLIC "-//W3C//DTD XHTML 1.0 Transitional//EN"
    "http://www.w3.org/TR/xhtml1/DTD/xhtml1-transitional.dtd">
<html xmlns="http://www.w3.org/1999/xhtml" xml:lang="en" lang="en">
 <head>
  <title>
</title>
<meta http-equiv="Content-Type" content="text/html;charset=utf-8" />
  <meta name='ocr-system' content='tesseract 3.04.00' />
  <meta name='ocr-capabilities' content='ocr_page ocr_carea ocr_par ocr_line ocrx_word'/>
</head>
<body>
  <div class='ocr_page' id='page_1' title='image "./liturgiarumorie00renagoog_0042.png"; bbox 0 0 5150 6534; ppageno 0'>
   <div class='ocr_carea' id='block_1_1' title="bbox 593 863 1594 943">
    <p class='ocr_par' dir='ltr' id='par_1_1' title="bbox 593 863 1594 943">
     <span class='ocr_line' id='line_1_1' title="bbox 593 863 1594 943; baseline -0.001 -1"><span class='ocrx_word' id='word_1_1' title='bbox 593 867 623 942; x_wconf 85' lang='lat'>4</span> <span class='ocrx_word' id='word_1_2' title='bbox 984 864 1162 943; x_wconf 84' lang='lat' dir='ltr'><strong>ORDO</strong></span> <span class='ocrx_word' id='word_1_3' title='bbox 1217 863 1594 943; x_wconf 74' lang='lat' dir='ltr'>contortis</span> 
     </span>
    </p>
   </div>
   <div class='ocr_carea' id='block_1_2' title="bbox 592 1048 2043 1846">
    <p class='ocr_par' dir='ltr' id='par_1_2' title="bbox 592 1048 2043 1846">
     <span class='ocr_line' id='line_1_2' title="bbox 592 1048 1969 1148; baseline -0.001 -21"><span class='ocrx_word' id='word_1_4' title='bbox 592 1053 659 1127; x_wconf 88' lang='lat' dir='ltr'>lice</span> <span class='ocrx_word' id='word_1_5' title='bbox 684 1054 770 1144; x_wconf 89' lang='lat' dir='ltr'>boc,</span> <span class='ocrx_word' id='word_1_6' title='bbox 796 1053 901 1127; x_wconf 88' lang='lat' dir='ltr'>calice</span> <span class='ocrx_word' id='word_1_7' title='bbox 927 1051 1058 1141; x_wconf 86' lang='lat' dir='ltr'>salutis,</span> <span class='ocrx_word' id='word_1_8' title='bbox 1085 1055 1119 1124; x_wconf 93' lang='lat' dir='ltr'>in</span> <span class='ocrx_word' id='word_1_9' title='bbox 1144 1055 1278 1125; x_wconf 88' lang='lat' dir='ltr'>nomino</span> <span class='ocrx_word' id='word_1_10' title='bbox 1303 1053 1412 1124; x_wconf 91' lang='lat' dir='ltr'>Patris</span> <span class='ocrx_word' id='word_1_11' title='bbox 1439 1059 1473 1123; x_wconf 88' lang='lat' dir='ltr'>ot</span> <span class='ocrx_word' id='word_1_12' title='bbox 1498 1048 1575 1123; x_wconf 83' lang='lat' dir='ltr'>Filii</span> <span class='ocrx_word' id='word_1_13' title='bbox 1607 1059 1642 1123; x_wconf 91' lang='lat' dir='ltr'>et</span> <span class='ocrx_word' id='word_1_14' title='bbox 1672 1050 1814 1148; x_wconf 84' lang='lat' dir='ltr'>Spiritus</span> <span class='ocrx_word' id='word_1_15' title='bbox 1849 1053 1969 1144; x_wconf 88' lang='lat' dir='ltr'>sancti,</span> 
     </span>
     <span class='ocr_line' id='line_1_3' title="bbox 592 1170 715 1245; baseline -0.024 0"><span class='ocrx_word' id='word_1_16' title='bbox 592 1170 715 1245; x_wconf 88' lang='lat' dir='ltr'>Amen.</span> 
     </span>
     <span class='ocr_line' id='line_1_4' title="bbox 697 1283 1750 1379; baseline -0.002 -23"><span class='ocrx_word' id='word_1_17' title='bbox 697 1286 860 1359; x_wconf 80' lang='lat' dir='ltr'>incensat</span> <span class='ocrx_word' id='word_1_18' title='bbox 883 1286 992 1357; x_wconf 86' lang='lat' dir='ltr'>celum</span> <span class='ocrx_word' id='word_1_19' title='bbox 1016 1287 1140 1372; x_wconf 81' lang='lat' dir='ltr'>minua,</span> <span class='ocrx_word' id='word_1_20' title='bbox 1168 1288 1253 1379; x_wconf 68' lang='lat' dir='ltr'>teuit</span> <span class='ocrx_word' id='word_1_21' title='bbox 1278 1283 1338 1355; x_wconf 86' lang='lat' dir='ltr'>illo</span> <span class='ocrx_word' id='word_1_22' title='bbox 1365 1283 1524 1371; x_wconf 79' lang='lat' dir='ltr'>calicem,</span> <span class='ocrx_word' id='word_1_23' title='bbox 1552 1289 1620 1355; x_wconf 78' lang='lat' dir='ltr'>trun</span> <span class='ocrx_word' id='word_1_24' title='bbox 1646 1284 1750 1354; x_wconf 80' lang='lat' dir='ltr'>dicit:</span> 
     </span>
     <span class='ocr_line' id='line_1_5' title="bbox 698 1397 1967 1475; baseline -0.001 -1"><span class='ocrx_word' id='word_1_25' title='bbox 698 1401 806 1475; x_wconf 88' lang='lat' dir='ltr'>lnduit</span> <span class='ocrx_word' id='word_1_26' title='bbox 830 1401 991 1474; x_wconf 88' lang='lat' dir='ltr'>Dominus</span> <span class='ocrx_word' id='word_1_27' title='bbox 1017 1400 1240 1472; x_wconf 80' lang='lat' dir='ltr'>fortitudinem</span> <span class='ocrx_word' id='word_1_28' title='bbox 1267 1408 1301 1471; x_wconf 88' lang='lat' dir='ltr'>et</span> <span class='ocrx_word' id='word_1_29' title='bbox 1327 1397 1507 1472; x_wconf 86' lang='lat' dir='ltr'>roboratus</span> <span class='ocrx_word' id='word_1_30' title='bbox 1534 1409 1604 1471; x_wconf 87' lang='lat' dir='ltr'>ast:</span> <span class='ocrx_word' id='word_1_31' title='bbox 1631 1409 1666 1471; x_wconf 85' lang='lat' dir='ltr'>et</span> <span class='ocrx_word' id='word_1_32' title='bbox 1682 1399 1826 1473; x_wconf 83' lang='lat' dir='ltr'>firmavit</span> <span class='ocrx_word' id='word_1_33' title='bbox 1849 1399 1967 1474; x_wconf 91' lang='lat' dir='ltr'>orbem</span> 
     </span>
     <span class='ocr_line' id='line_1_6' title="bbox 593 1513 2043 1610; baseline 0.001 -22"><span class='ocrx_word' id='word_1_34' title='bbox 593 1527 723 1607; x_wconf 76' lang='lat' dir='ltr'>terrae,</span> <span class='ocrx_word' id='word_1_35' title='bbox 749 1528 785 1591; x_wconf 88' lang='lat' dir='ltr'>ut</span> <span class='ocrx_word' id='word_1_36' title='bbox 811 1541 878 1590; x_wconf 91' lang='lat' dir='ltr'>non</span> <span class='ocrx_word' id='word_1_37' title='bbox 903 1527 1172 1591; x_wconf 74' lang='lat' dir='ltr'><strong>commoveatur:</strong></span> <span class='ocrx_word' id='word_1_38' title='bbox 1198 1517 1309 1603; x_wconf 85' lang='lat' dir='ltr'>Pater,</span> <span class='ocrx_word' id='word_1_39' title='bbox 1335 1514 1439 1588; x_wconf 84' lang='lat' dir='ltr'>Filius</span> <span class='ocrx_word' id='word_1_40' title='bbox 1465 1523 1500 1586; x_wconf 90' lang='lat' dir='ltr'>et</span> <span class='ocrx_word' id='word_1_41' title='bbox 1518 1513 1660 1610; x_wconf 81' lang='lat' dir='ltr'>Spiritus</span> <span class='ocrx_word' id='word_1_42' title='bbox 1676 1526 1822 1603; x_wconf 85' lang='lat' dir='ltr'>sanutus,</span> <span class='ocrx_word' id='word_1_43' title='bbox 1848 1517 1969 1591; x_wconf 79' lang='lat' dir='ltr'>Amen.</span> <span class='ocrx_word' id='word_1_44' title='bbox 2033 1519 2043 1535; x_wconf 89' lang='lat'><em>&#39;</em></span> 
     </span>
     <span class='ocr_line' id='line_1_7' title="bbox 700 1631 1966 1727; baseline 0 -23"><span class='ocrx_word' id='word_1_45' title='bbox 700 1634 861 1706; x_wconf 78' lang='lat' dir='ltr'>locemut</span> <span class='ocrx_word' id='word_1_46' title='bbox 884 1633 993 1705; x_wconf 84' lang='lat' dir='ltr'>celum</span> <span class='ocrx_word' id='word_1_47' title='bbox 1017 1637 1142 1724; x_wconf 77' lang='lat' dir='ltr'>majus,</span> <span class='ocrx_word' id='word_1_48' title='bbox 1170 1637 1205 1703; x_wconf 92' lang='lat' dir='ltr'>et</span> <span class='ocrx_word' id='word_1_49' title='bbox 1230 1634 1316 1727; x_wconf 68' lang='lat' dir='ltr'>teuit</span> <span class='ocrx_word' id='word_1_50' title='bbox 1340 1652 1382 1703; x_wconf 92' lang='lat' dir='ltr'>co</span> <span class='ocrx_word' id='word_1_51' title='bbox 1410 1632 1537 1702; x_wconf 78' lang='lat' dir='ltr'>diacum</span> <span class='ocrx_word' id='word_1_52' title='bbox 1550 1631 1755 1720; x_wconf 74' lang='lat' dir='ltr'>eructuem,</span> <span class='ocrx_word' id='word_1_53' title='bbox 1782 1638 1849 1704; x_wconf 83' lang='lat' dir='ltr'>turn</span> <span class='ocrx_word' id='word_1_54' title='bbox 1862 1633 1966 1704; x_wconf 79' lang='lat' dir='ltr'>dicit:</span> 
     </span>
     <span class='ocr_line' id='line_1_8' title="bbox 700 1745 1967 1846; baseline -0.001 -24"><span class='ocrx_word' id='word_1_55' title='bbox 700 1752 816 1846; x_wconf 81' lang='lat' dir='ltr'>Operti</span> <span class='ocrx_word' id='word_1_56' title='bbox 843 1758 918 1823; x_wconf 89' lang='lat' dir='ltr'>sunt</span> <span class='ocrx_word' id='word_1_57' title='bbox 942 1747 1031 1822; x_wconf 85' lang='lat' dir='ltr'>coeli</span> <span class='ocrx_word' id='word_1_58' title='bbox 1056 1748 1189 1841; x_wconf 80' lang='lat' dir='ltr'><strong>fulgore</strong></span> <span class='ocrx_word' id='word_1_59' title='bbox 1214 1747 1357 1839; x_wconf 82' lang='lat' dir='ltr'>gloriosi</span> <span class='ocrx_word' id='word_1_60' title='bbox 1390 1745 1493 1834; x_wconf 85' lang='lat' dir='ltr'>illius,</span> <span class='ocrx_word' id='word_1_61' title='bbox 1530 1757 1565 1818; x_wconf 87' lang='lat' dir='ltr'>ct</span> <span class='ocrx_word' id='word_1_62' title='bbox 1594 1746 1695 1820; x_wconf 87' lang='lat' dir='ltr'>laude</span> <span class='ocrx_word' id='word_1_63' title='bbox 1729 1750 1803 1839; x_wconf 87' lang='lat' dir='ltr'>ejus</span> <span class='ocrx_word' id='word_1_64' title='bbox 1837 1747 1967 1844; x_wconf 88' lang='lat' dir='ltr'>repleta</span> 
     </span>
    </p>
   </div>
   <div class='ocr_carea' id='block_1_3' title="bbox 523 1870 915 1938">
    <p class='ocr_par' dir='ltr' id='par_1_3' title="bbox 523 1870 915 1938">
     <span class='ocr_line' id='line_1_9' title="bbox 523 1870 915 1938; baseline -0.003 -1"><span class='ocrx_word' id='word_1_65' title='bbox 523 1902 525 1905; x_wconf 54' lang='lat'>&gt;</span> <span class='ocrx_word' id='word_1_66' title='bbox 595 1875 652 1937; x_wconf 89' lang='lat' dir='ltr'>est</span> <span class='ocrx_word' id='word_1_67' title='bbox 678 1870 787 1938; x_wconf 90' lang='lat' dir='ltr'>omnis</span> <span class='ocrx_word' id='word_1_68' title='bbox 813 1875 915 1937; x_wconf 87' lang='lat' dir='ltr'>terra.</span> 
     </span>
    </p>
   </div>
   <div class='ocr_carea' id='block_1_4' title="bbox 541 1978 2061 5310">
    <p class='ocr_par' dir='ltr' id='par_1_4' title="bbox 703 1978 1930 2076">
     <span class='ocr_line' id='line_1_10' title="bbox 703 1978 1930 2076; baseline 0 -25"><span class='ocrx_word' id='word_1_69' title='bbox 703 1981 893 2053; x_wconf 75' lang='lat' dir='ltr'>Conuersus</span> <span class='ocrx_word' id='word_1_70' title='bbox 918 1982 965 2051; x_wconf 84' lang='lat' dir='ltr'>ud</span> <span class='ocrx_word' id='word_1_71' title='bbox 985 1979 1149 2074; x_wconf 85' lang='lat' dir='ltr'>pupulum</span> <span class='ocrx_word' id='word_1_72' title='bbox 1175 1981 1312 2051; x_wconf 75' lang='lat' dir='ltr'>ueniunt</span> <span class='ocrx_word' id='word_1_73' title='bbox 1333 1982 1441 2072; x_wconf 81' lang='lat' dir='ltr'>petit,</span> <span class='ocrx_word' id='word_1_74' title='bbox 1469 1979 1595 2052; x_wconf 77' lang='lat' dir='ltr'>dicens.</span> <span class='ocrx_word' id='word_1_75' title='bbox 1648 1978 1751 2052; x_wconf 85' lang='lat' dir='ltr'>Orate</span> <span class='ocrx_word' id='word_1_76' title='bbox 1776 1999 1839 2076; x_wconf 94' lang='lat' dir='ltr'>pro</span> <span class='ocrx_word' id='word_1_77' title='bbox 1865 2002 1930 2052; x_wconf 88' lang='lat' dir='ltr'>me.</span> 
     </span>
    </p>

    <p class='ocr_par' dir='ltr' id='par_1_5' title="bbox 594 2095 1970 2285">
     <span class='ocr_line' id='line_1_11' title="bbox 707 2095 1970 2169; baseline 0 -1"><span class='ocrx_word' id='word_1_78' title='bbox 707 2096 875 2169; x_wconf 74' lang='lat' dir='ltr'>Vertitur:</span> <span class='ocrx_word' id='word_1_79' title='bbox 900 2101 1072 2168; x_wconf 79' lang='lat' dir='ltr'>incensum</span> <span class='ocrx_word' id='word_1_80' title='bbox 1096 2096 1213 2167; x_wconf 88' lang='lat' dir='ltr'>udulet</span> <span class='ocrx_word' id='word_1_81' title='bbox 1239 2098 1338 2166; x_wconf 84' lang='lat' dir='ltr'>circu</span> <span class='ocrx_word' id='word_1_82' title='bbox 1363 2095 1476 2166; x_wconf 90' lang='lat' dir='ltr'>ulture</span> <span class='ocrx_word' id='word_1_83' title='bbox 1503 2100 1538 2165; x_wconf 86' lang='lat' dir='ltr'>et</span> <span class='ocrx_word' id='word_1_84' title='bbox 1563 2099 1828 2168; x_wconf 65' lang='lat' dir='ltr'>urcunutuoter.</span> <span class='ocrx_word' id='word_1_85' title='bbox 1879 2096 1970 2168; x_wconf 86' lang='lat' dir='ltr'>Dum</span> 
     </span>
     <span class='ocr_line' id='line_1_12' title="bbox 594 2211 1659 2285; baseline 0.004 -4"><span class='ocrx_word' id='word_1_86' title='bbox 594 2211 713 2283; x_wconf 85' lang='lat' dir='ltr'>adolet</span> <span class='ocrx_word' id='word_1_87' title='bbox 738 2216 917 2285; x_wconf 77' lang='lat' dir='ltr'>iuuencum.</span> <span class='ocrx_word' id='word_1_88' title='bbox 1657 2236 1659 2240; x_wconf 84' lang='lat'>·</span> 
     </span>
    </p>

    <p class='ocr_par' dir='ltr' id='par_1_6' title="bbox 541 2325 1968 2420">
     <span class='ocr_line' id='line_1_13' title="bbox 541 2325 1968 2420; baseline 0.001 -21"><span class='ocrx_word' id='word_1_89' title='bbox 541 2415 544 2420; x_wconf 66' lang='lat'><em>,</em></span> <span class='ocrx_word' id='word_1_90' title='bbox 701 2327 824 2401; x_wconf 88' lang='lat' dir='ltr'>Venite</span> <span class='ocrx_word' id='word_1_91' title='bbox 864 2327 1036 2401; x_wconf 88' lang='lat' dir='ltr'>laudemus</span> <span class='ocrx_word' id='word_1_92' title='bbox 1077 2327 1274 2419; x_wconf 82' lang='lat' dir='ltr'>Dominum,</span> <span class='ocrx_word' id='word_1_93' title='bbox 1316 2349 1473 2400; x_wconf 85' lang='lat' dir='ltr'>canamus</span> <span class='ocrx_word' id='word_1_94' title='bbox 1514 2327 1591 2400; x_wconf 91' lang='lat' dir='ltr'>Deo</span> <span class='ocrx_word' id='word_1_95' title='bbox 1632 2325 1795 2400; x_wconf 74' lang='lat' dir='ltr'>salvatori</span> <span class='ocrx_word' id='word_1_96' title='bbox 1837 2337 1968 2419; x_wconf 83' lang='lat' dir='ltr'>nostro,</span> 
     </span>
    </p>

    <p class='ocr_par' dir='ltr' id='par_1_7' title="bbox 594 2438 1970 3117">
     <span class='ocr_line' id='line_1_14' title="bbox 596 2438 1969 2541; baseline 0.001 -26"><span class='ocrx_word' id='word_1_97' title='bbox 596 2466 884 2541; x_wconf 80' lang='lat' dir='ltr'>praeoccupemus</span> <span class='ocrx_word' id='word_1_98' title='bbox 910 2444 1028 2516; x_wconf 84' lang='lat' dir='ltr'>faciem</span> <span class='ocrx_word' id='word_1_99' title='bbox 1057 2445 1129 2536; x_wconf 89' lang='lat' dir='ltr'>ejus</span> <span class='ocrx_word' id='word_1_100' title='bbox 1156 2449 1190 2516; x_wconf 93' lang='lat' dir='ltr'>iu</span> <span class='ocrx_word' id='word_1_101' title='bbox 1216 2443 1449 2533; x_wconf 79' lang='lat' dir='ltr'>confessione,</span> <span class='ocrx_word' id='word_1_102' title='bbox 1478 2454 1513 2516; x_wconf 90' lang='lat' dir='ltr'>et</span> <span class='ocrx_word' id='word_1_103' title='bbox 1538 2445 1572 2515; x_wconf 93' lang='lat' dir='ltr'>iu</span> <span class='ocrx_word' id='word_1_104' title='bbox 1589 2444 1728 2515; x_wconf 86' lang='lat' dir='ltr'>conticis</span> <span class='ocrx_word' id='word_1_105' title='bbox 1745 2438 1969 2533; x_wconf 85' lang='lat' dir='ltr'>glorificemus</span> 
     </span>
     <span class='ocr_line' id='line_1_15' title="bbox 597 2559 1970 2654; baseline 0 -24"><span class='ocrx_word' id='word_1_106' title='bbox 597 2582 683 2632; x_wconf 88' lang='lat' dir='ltr'>eum.</span> <span class='ocrx_word' id='word_1_107' title='bbox 736 2560 901 2647; x_wconf 82' lang='lat' dir='ltr'>Quoniam</span> <span class='ocrx_word' id='word_1_108' title='bbox 926 2560 1020 2633; x_wconf 85' lang='lat' dir='ltr'>Deus</span> <span class='ocrx_word' id='word_1_109' title='bbox 1052 2569 1104 2632; x_wconf 86' lang='lat' dir='ltr'>est</span> <span class='ocrx_word' id='word_1_110' title='bbox 1135 2582 1276 2653; x_wconf 86' lang='lat' dir='ltr'>mugnus</span> <span class='ocrx_word' id='word_1_111' title='bbox 1310 2559 1495 2650; x_wconf 81' lang='lat' dir='ltr'>Dominus,</span> <span class='ocrx_word' id='word_1_112' title='bbox 1529 2566 1564 2631; x_wconf 91' lang='lat' dir='ltr'>et</span> <span class='ocrx_word' id='word_1_113' title='bbox 1594 2581 1659 2630; x_wconf 86' lang='lat' dir='ltr'>rex</span> <span class='ocrx_word' id='word_1_114' title='bbox 1691 2578 1833 2649; x_wconf 83' lang='lat' dir='ltr'>maguus</span> <span class='ocrx_word' id='word_1_115' title='bbox 1868 2581 1970 2654; x_wconf 91' lang='lat' dir='ltr'>super</span> 
     </span>
     <span class='ocr_line' id='line_1_16' title="bbox 594 2672 1969 2768; baseline 0.001 -21"><span class='ocrx_word' id='word_1_116' title='bbox 594 2696 714 2748; x_wconf 89' lang='lat' dir='ltr'>omnes</span> <span class='ocrx_word' id='word_1_117' title='bbox 740 2675 850 2749; x_wconf 88' lang='lat' dir='ltr'>Deos:</span> <span class='ocrx_word' id='word_1_118' title='bbox 890 2680 924 2747; x_wconf 91' lang='lat' dir='ltr'>in</span> <span class='ocrx_word' id='word_1_119' title='bbox 958 2675 1110 2747; x_wconf 90' lang='lat' dir='ltr'>manibus</span> <span class='ocrx_word' id='word_1_120' title='bbox 1137 2677 1210 2768; x_wconf 88' lang='lat' dir='ltr'>ejus</span> <span class='ocrx_word' id='word_1_121' title='bbox 1246 2685 1322 2749; x_wconf 86' lang='lat' dir='ltr'>sunt</span> <span class='ocrx_word' id='word_1_122' title='bbox 1353 2674 1565 2747; x_wconf 81' lang='lat' dir='ltr'>bundamentu</span> <span class='ocrx_word' id='word_1_123' title='bbox 1598 2685 1731 2765; x_wconf 76' lang='lat' dir='ltr'>terrae,</span> <span class='ocrx_word' id='word_1_124' title='bbox 1764 2683 1799 2744; x_wconf 85' lang='lat' dir='ltr'>et</span> <span class='ocrx_word' id='word_1_125' title='bbox 1832 2672 1969 2748; x_wconf 83' lang='lat' dir='ltr'>altitudo</span> 
     </span>
     <span class='ocr_line' id='line_1_17' title="bbox 596 2788 1970 2888; baseline 0.001 -26"><span class='ocrx_word' id='word_1_126' title='bbox 596 2795 753 2863; x_wconf 89' lang='lat' dir='ltr'>montium</span> <span class='ocrx_word' id='word_1_127' title='bbox 779 2794 883 2888; x_wconf 89' lang='lat' dir='ltr'>ipsius</span> <span class='ocrx_word' id='word_1_128' title='bbox 911 2801 983 2881; x_wconf 82' lang='lat' dir='ltr'>est3</span> <span class='ocrx_word' id='word_1_129' title='bbox 1010 2812 1118 2879; x_wconf 87' lang='lat' dir='ltr'>mare,</span> <span class='ocrx_word' id='word_1_130' title='bbox 1146 2795 1220 2886; x_wconf 88' lang='lat' dir='ltr'>ipse</span> <span class='ocrx_word' id='word_1_131' title='bbox 1245 2791 1327 2863; x_wconf 84' lang='lat' dir='ltr'>lecit</span> <span class='ocrx_word' id='word_1_132' title='bbox 1352 2790 1432 2863; x_wconf 94' lang='lat' dir='ltr'>illud</span> <span class='ocrx_word' id='word_1_133' title='bbox 1459 2802 1492 2864; x_wconf 92' lang='lat' dir='ltr'>et</span> <span class='ocrx_word' id='word_1_134' title='bbox 1511 2789 1636 2863; x_wconf 87' lang='lat' dir='ltr'>aridam</span> <span class='ocrx_word' id='word_1_135' title='bbox 1651 2788 1865 2862; x_wconf 85' lang='lat' dir='ltr'>firmaverunt</span> <span class='ocrx_word' id='word_1_136' title='bbox 1890 2814 1970 2863; x_wconf 88' lang='lat' dir='ltr'>mu-</span> 
     </span>
     <span class='ocr_line' id='line_1_18' title="bbox 596 2904 1969 3003; baseline 0.001 -26"><span class='ocrx_word' id='word_1_137' title='bbox 596 2928 659 2978; x_wconf 89' lang='lat' dir='ltr'>nus</span> <span class='ocrx_word' id='word_1_138' title='bbox 686 2910 770 2999; x_wconf 91' lang='lat' dir='ltr'>ejus.</span> <span class='ocrx_word' id='word_1_139' title='bbox 825 2906 947 2979; x_wconf 83' lang='lat' dir='ltr'>Venite</span> <span class='ocrx_word' id='word_1_140' title='bbox 973 2906 1183 3003; x_wconf 86' lang='lat' dir='ltr'>procidamus</span> <span class='ocrx_word' id='word_1_141' title='bbox 1211 2916 1245 2978; x_wconf 86' lang='lat' dir='ltr'>et</span> <span class='ocrx_word' id='word_1_142' title='bbox 1262 2905 1440 2980; x_wconf 90' lang='lat' dir='ltr'>adoremus</span> <span class='ocrx_word' id='word_1_143' title='bbox 1459 2929 1545 2997; x_wconf 77' lang='lat' dir='ltr'>cum,</span> <span class='ocrx_word' id='word_1_144' title='bbox 1572 2904 1854 2978; x_wconf 86' lang='lat' dir='ltr'>etbenedicamus</span> <span class='ocrx_word' id='word_1_145' title='bbox 1880 2929 1969 2998; x_wconf 84' lang='lat' dir='ltr'>curn,</span> 
     </span>
     <span class='ocr_line' id='line_1_19' title="bbox 595 3021 1421 3117; baseline 0.001 -24"><span class='ocrx_word' id='word_1_146' title='bbox 595 3026 653 3117; x_wconf 88' lang='lat' dir='ltr'>qui</span> <span class='ocrx_word' id='word_1_147' title='bbox 678 3023 758 3094; x_wconf 85' lang='lat' dir='ltr'>fecit</span> <span class='ocrx_word' id='word_1_148' title='bbox 783 3045 867 3114; x_wconf 81' lang='lat' dir='ltr'>nos,</span> <span class='ocrx_word' id='word_1_149' title='bbox 891 3022 1052 3113; x_wconf 72' lang='lat' dir='ltr'>Alleluia,</span> <span class='ocrx_word' id='word_1_150' title='bbox 1078 3021 1241 3113; x_wconf 79' lang='lat' dir='ltr'>Alleluia,</span> <span class='ocrx_word' id='word_1_151' title='bbox 1266 3023 1421 3097; x_wconf 85' lang='lat' dir='ltr'>Alleluia.</span> 
     </span>
    </p>

    <p class='ocr_par' dir='ltr' id='par_1_8' title="bbox 701 3120 1554 3231">
     <span class='ocr_line' id='line_1_20' title="bbox 701 3120 1554 3231; baseline -0.001 -22"><span class='ocrx_word' id='word_1_152' title='bbox 701 3138 832 3212; x_wconf 78' lang='lat' dir='ltr'>Postea</span> <span class='ocrx_word' id='word_1_153' title='bbox 857 3160 971 3209; x_wconf 81' lang='lat' dir='ltr'>umnec</span> <span class='ocrx_word' id='word_1_154' title='bbox 996 3137 1113 3209; x_wconf 83' lang='lat' dir='ltr'>dicunt</span> <span class='ocrx_word' id='word_1_155' title='bbox 1139 3137 1332 3209; x_wconf 83' lang='lat' dir='ltr'>Sacerdote</span> <span class='ocrx_word' id='word_1_156' title='bbox 1354 3120 1554 3231; x_wconf 84' lang='lat' dir='ltr'>pruccunte.</span> 
     </span>
    </p>

    <p class='ocr_par' dir='ltr' id='par_1_9' title="bbox 581 3251 2061 3925">
     <span class='ocr_line' id='line_1_21' title="bbox 699 3251 1969 3351; baseline 0.001 -26"><span class='ocrx_word' id='word_1_157' title='bbox 699 3254 839 3327; x_wconf 88' lang='lat' dir='ltr'>Incensa</span> <span class='ocrx_word' id='word_1_158' title='bbox 874 3277 974 3350; x_wconf 78' lang='lat' dir='ltr'>pura,</span> <span class='ocrx_word' id='word_1_159' title='bbox 1010 3277 1097 3348; x_wconf 86' lang='lat' dir='ltr'>quae</span> <span class='ocrx_word' id='word_1_160' title='bbox 1128 3254 1188 3326; x_wconf 90' lang='lat' dir='ltr'>tibi</span> <span class='ocrx_word' id='word_1_161' title='bbox 1222 3253 1411 3326; x_wconf 83' lang='lat' dir='ltr'>obtuderunt</span> <span class='ocrx_word' id='word_1_162' title='bbox 1443 3254 1500 3325; x_wconf 89' lang='lat' dir='ltr'>lilii</span> <span class='ocrx_word' id='word_1_163' title='bbox 1534 3251 1712 3325; x_wconf 86' lang='lat' dir='ltr'>Ecclesiae</span> <span class='ocrx_word' id='word_1_164' title='bbox 1746 3252 1871 3342; x_wconf 79' lang='lat' dir='ltr'>fidelis,</span> <span class='ocrx_word' id='word_1_165' title='bbox 1906 3277 1969 3351; x_wconf 86' lang='lat' dir='ltr'>per</span> 
     </span>
     <span class='ocr_line' id='line_1_22' title="bbox 596 3368 1969 3465; baseline 0 -23"><span class='ocrx_word' id='word_1_166' title='bbox 596 3393 712 3442; x_wconf 88' lang='lat' dir='ltr'>manus</span> <span class='ocrx_word' id='word_1_167' title='bbox 740 3368 980 3460; x_wconf 73' lang='lat' dir='ltr'>sacerdotum,</span> <span class='ocrx_word' id='word_1_168' title='bbox 1008 3369 1051 3441; x_wconf 88' lang='lat' dir='ltr'>ad</span> <span class='ocrx_word' id='word_1_169' title='bbox 1077 3369 1272 3463; x_wconf 90' lang='lat' dir='ltr'>placandum</span> <span class='ocrx_word' id='word_1_170' title='bbox 1293 3368 1505 3457; x_wconf 46' lang='lat' dir='ltr'>,divinitatem</span> <span class='ocrx_word' id='word_1_171' title='bbox 1522 3379 1629 3459; x_wconf 73' lang='lat' dir='ltr'>tuam,</span> <span class='ocrx_word' id='word_1_172' title='bbox 1656 3372 1790 3465; x_wconf 88' lang='lat' dir='ltr'>suscipe</span> <span class='ocrx_word' id='word_1_173' title='bbox 1808 3392 1969 3464; x_wconf 87' lang='lat' dir='ltr'>pergra-</span> 
     </span>
     <span class='ocr_line' id='line_1_23' title="bbox 581 3484 1970 3581; baseline 0.004 -27"><span class='ocrx_word' id='word_1_174' title='bbox 581 3487 674 3566; x_wconf 79' lang='lat' dir='ltr'>tiam</span> <span class='ocrx_word' id='word_1_175' title='bbox 700 3484 913 3575; x_wconf 85' lang='lat' dir='ltr'>benignitatis</span> <span class='ocrx_word' id='word_1_176' title='bbox 939 3496 1027 3556; x_wconf 87' lang='lat' dir='ltr'>tuae.</span> <span class='ocrx_word' id='word_1_177' title='bbox 1080 3484 1244 3554; x_wconf 88' lang='lat' dir='ltr'>Miserere</span> <span class='ocrx_word' id='word_1_178' title='bbox 1269 3486 1524 3579; x_wconf 85' lang='lat' dir='ltr'>poenitentium,</span> <span class='ocrx_word' id='word_1_179' title='bbox 1558 3495 1593 3556; x_wconf 90' lang='lat' dir='ltr'>et</span> <span class='ocrx_word' id='word_1_180' title='bbox 1618 3489 1702 3557; x_wconf 92' lang='lat' dir='ltr'>sicut</span> <span class='ocrx_word' id='word_1_181' title='bbox 1729 3496 1883 3581; x_wconf 85' lang='lat' dir='ltr'>suscepta</span> <span class='ocrx_word' id='word_1_182' title='bbox 1909 3486 1970 3559; x_wconf 79' lang='lat' dir='ltr'>linit</span> 
     </span>
     <span class='ocr_line' id='line_1_24' title="bbox 596 3596 1968 3688; baseline 0.004 -19"><span class='ocrx_word' id='word_1_183' title='bbox 596 3596 719 3669; x_wconf 90' lang='lat' dir='ltr'>oblatio</span> <span class='ocrx_word' id='word_1_184' title='bbox 746 3598 905 3671; x_wconf 88' lang='lat' dir='ltr'>Abrahae</span> <span class='ocrx_word' id='word_1_185' title='bbox 943 3602 977 3671; x_wconf 89' lang='lat' dir='ltr'>in</span> <span class='ocrx_word' id='word_1_186' title='bbox 1012 3603 1133 3671; x_wconf 90' lang='lat' dir='ltr'>montis</span> <span class='ocrx_word' id='word_1_187' title='bbox 1166 3602 1316 3688; x_wconf 78' lang='lat' dir='ltr'>vertice,</span> <span class='ocrx_word' id='word_1_188' title='bbox 1352 3609 1386 3670; x_wconf 86' lang='lat' dir='ltr'>ct</span> <span class='ocrx_word' id='word_1_189' title='bbox 1418 3603 1532 3673; x_wconf 90' lang='lat' dir='ltr'>suavis</span> <span class='ocrx_word' id='word_1_190' title='bbox 1565 3596 1624 3671; x_wconf 87' lang='lat' dir='ltr'>tibi</span> <span class='ocrx_word' id='word_1_191' title='bbox 1656 3600 1719 3672; x_wconf 91' lang='lat' dir='ltr'>luit</span> <span class='ocrx_word' id='word_1_192' title='bbox 1748 3602 1833 3673; x_wconf 92' lang='lat' dir='ltr'>odor</span> <span class='ocrx_word' id='word_1_193' title='bbox 1864 3601 1968 3675; x_wconf 90' lang='lat' dir='ltr'>thuris</span> 
     </span>
     <span class='ocr_line' id='line_1_25' title="bbox 594 3713 2061 3808; baseline 0.002 -21"><span class='ocrx_word' id='word_1_194' title='bbox 594 3714 716 3787; x_wconf 88' lang='lat' dir='ltr'>Aaron</span> <span class='ocrx_word' id='word_1_195' title='bbox 742 3714 954 3802; x_wconf 84' lang='lat' dir='ltr'>Sacerdotis,</span> <span class='ocrx_word' id='word_1_196' title='bbox 984 3717 1030 3786; x_wconf 92' lang='lat' dir='ltr'>ita</span> <span class='ocrx_word' id='word_1_197' title='bbox 1057 3723 1172 3806; x_wconf 85' lang='lat' dir='ltr'>gratus</span> <span class='ocrx_word' id='word_1_198' title='bbox 1199 3713 1259 3785; x_wconf 92' lang='lat' dir='ltr'>tibi</span> <span class='ocrx_word' id='word_1_199' title='bbox 1284 3718 1328 3788; x_wconf 86' lang='lat' dir='ltr'>sit</span> <span class='ocrx_word' id='word_1_200' title='bbox 1354 3715 1439 3787; x_wconf 93' lang='lat' dir='ltr'>odor</span> <span class='ocrx_word' id='word_1_201' title='bbox 1465 3719 1677 3789; x_wconf 89' lang='lat' dir='ltr'>incensorum</span> <span class='ocrx_word' id='word_1_202' title='bbox 1707 3726 1907 3808; x_wconf 86' lang='lat' dir='ltr'>nostrorum,</span> <span class='ocrx_word' id='word_1_203' title='bbox 1935 3726 1970 3790; x_wconf 91' lang='lat' dir='ltr'>et</span> <span class='ocrx_word' id='word_1_204' title='bbox 2057 3797 2061 3806; x_wconf 53' lang='lat'>‚</span> 
     </span>
     <span class='ocr_line' id='line_1_26' title="bbox 596 3829 1511 3925; baseline 0.002 -24"><span class='ocrx_word' id='word_1_205' title='bbox 596 3829 655 3903; x_wconf 93' lang='lat' dir='ltr'>illo</span> <span class='ocrx_word' id='word_1_206' title='bbox 682 3829 833 3925; x_wconf 86' lang='lat' dir='ltr'>placatus</span> <span class='ocrx_word' id='word_1_207' title='bbox 861 3841 957 3920; x_wconf 67' lang='lat' dir='ltr'>esto,</span> <span class='ocrx_word' id='word_1_208' title='bbox 984 3829 1076 3902; x_wconf 89' lang='lat' dir='ltr'>Deus</span> <span class='ocrx_word' id='word_1_209' title='bbox 1102 3831 1224 3903; x_wconf 90' lang='lat' dir='ltr'>multae</span> <span class='ocrx_word' id='word_1_210' title='bbox 1250 3830 1511 3905; x_wconf 88' lang='lat' dir='ltr'>misericordiae.</span> 
     </span>
    </p>

    <p class='ocr_par' dir='ltr' id='par_1_10' title="bbox 596 3945 1969 4272">
     <span class='ocr_line' id='line_1_27' title="bbox 700 3945 1967 4044; baseline 0.002 -26"><span class='ocrx_word' id='word_1_211' title='bbox 700 3946 875 4018; x_wconf 76' lang='lat' dir='ltr'>Sacerdos</span> <span class='ocrx_word' id='word_1_212' title='bbox 906 3947 1008 4035; x_wconf 83' lang='lat' dir='ltr'>ttctt,</span> <span class='ocrx_word' id='word_1_213' title='bbox 1036 3946 1170 4039; x_wconf 88' lang='lat' dir='ltr'>Populo</span> <span class='ocrx_word' id='word_1_214' title='bbox 1196 3945 1428 4041; x_wconf 70' lang='lat' dir='ltr'>subsequente.</span> <span class='ocrx_word' id='word_1_215' title='bbox 1454 3946 1560 4042; x_wconf 76' lang='lat' dir='ltr'>Kyrie</span> <span class='ocrx_word' id='word_1_216' title='bbox 1586 3946 1734 4038; x_wconf 77' lang='lat' dir='ltr'>eleison,</span> <span class='ocrx_word' id='word_1_217' title='bbox 1760 3947 1967 4044; x_wconf 76' lang='lat' dir='ltr'>llyrieelei-</span> 
     </span>
     <span class='ocr_line' id='line_1_28' title="bbox 596 4060 1969 4156; baseline 0.001 -22"><span class='ocrx_word' id='word_1_218' title='bbox 596 4083 679 4151; x_wconf 70' lang='lat' dir='ltr'>son,</span> <span class='ocrx_word' id='word_1_219' title='bbox 706 4060 847 4134; x_wconf 85' lang='lat' dir='ltr'>Sanctus</span> <span class='ocrx_word' id='word_1_220' title='bbox 874 4084 912 4134; x_wconf 91' lang='lat' dir='ltr'>es</span> <span class='ocrx_word' id='word_1_221' title='bbox 939 4064 1052 4150; x_wconf 89' lang='lat' dir='ltr'>Deus,</span> <span class='ocrx_word' id='word_1_222' title='bbox 1079 4063 1220 4136; x_wconf 87' lang='lat' dir='ltr'>Sanctus</span> <span class='ocrx_word' id='word_1_223' title='bbox 1247 4084 1286 4135; x_wconf 91' lang='lat' dir='ltr'>es</span> <span class='ocrx_word' id='word_1_224' title='bbox 1312 4063 1429 4152; x_wconf 76' lang='lat' dir='ltr'>fortis,</span> <span class='ocrx_word' id='word_1_225' title='bbox 1464 4063 1607 4135; x_wconf 84' lang='lat' dir='ltr'>Sanctus</span> <span class='ocrx_word' id='word_1_226' title='bbox 1641 4086 1680 4136; x_wconf 90' lang='lat' dir='ltr'>es</span> <span class='ocrx_word' id='word_1_227' title='bbox 1707 4086 1729 4136; x_wconf 97' lang='lat' dir='ltr'>o</span> <span class='ocrx_word' id='word_1_228' title='bbox 1763 4064 1969 4156; x_wconf 75' lang='lat' dir='ltr'>immortalis,</span> 
     </span>
     <span class='ocr_line' id='line_1_29' title="bbox 598 4177 1884 4272; baseline 0.002 -24"><span class='ocrx_word' id='word_1_229' title='bbox 598 4180 759 4248; x_wconf 89' lang='lat' dir='ltr'>miserere</span> <span class='ocrx_word' id='word_1_230' title='bbox 785 4177 892 4251; x_wconf 91' lang='lat' dir='ltr'>nobis.</span> <span class='ocrx_word' id='word_1_231' title='bbox 945 4180 1045 4251; x_wconf 87' lang='lat' dir='ltr'>Pater</span> <span class='ocrx_word' id='word_1_232' title='bbox 1070 4189 1186 4251; x_wconf 88' lang='lat' dir='ltr'>noster</span> <span class='ocrx_word' id='word_1_233' title='bbox 1212 4181 1267 4272; x_wconf 88' lang='lat' dir='ltr'>qui</span> <span class='ocrx_word' id='word_1_234' title='bbox 1295 4200 1332 4250; x_wconf 90' lang='lat' dir='ltr'>es</span> <span class='ocrx_word' id='word_1_235' title='bbox 1358 4181 1393 4248; x_wconf 92' lang='lat' dir='ltr'>iu</span> <span class='ocrx_word' id='word_1_236' title='bbox 1419 4177 1539 4268; x_wconf 80' lang='lat' dir='ltr'>coelis,</span> <span class='ocrx_word' id='word_1_237' title='bbox 1567 4189 1629 4250; x_wconf 90' lang='lat' dir='ltr'>eto.</span> <span class='ocrx_word' id='word_1_238' title='bbox 1882 4193 1884 4195; x_wconf 77' lang='grc'><strong>’</strong></span> 
     </span>
    </p>

    <p class='ocr_par' dir='ltr' id='par_1_11' title="bbox 597 4292 1967 4618">
     <span class='ocr_line' id='line_1_30' title="bbox 702 4292 1967 4392; baseline 0.002 -27"><span class='ocrx_word' id='word_1_239' title='bbox 702 4293 885 4365; x_wconf 76' lang='lat' dir='ltr'>Sacerdos.</span> <span class='ocrx_word' id='word_1_240' title='bbox 940 4292 1056 4366; x_wconf 87' lang='lat' dir='ltr'>Gloria</span> <span class='ocrx_word' id='word_1_241' title='bbox 1082 4295 1172 4366; x_wconf 90' lang='lat' dir='ltr'>Patri</span> <span class='ocrx_word' id='word_1_242' title='bbox 1199 4305 1233 4365; x_wconf 90' lang='lat' dir='ltr'>et</span> <span class='ocrx_word' id='word_1_243' title='bbox 1259 4292 1345 4365; x_wconf 86' lang='lat' dir='ltr'>Filio</span> <span class='ocrx_word' id='word_1_244' title='bbox 1372 4302 1406 4365; x_wconf 90' lang='lat' dir='ltr'>ot</span> <span class='ocrx_word' id='word_1_245' title='bbox 1431 4292 1568 4389; x_wconf 86' lang='lat' dir='ltr'>Spiritui</span> <span class='ocrx_word' id='word_1_246' title='bbox 1595 4305 1732 4367; x_wconf 88' lang='lat' dir='ltr'>sancto:</span> <span class='ocrx_word' id='word_1_247' title='bbox 1769 4318 1870 4392; x_wconf 90' lang='lat' dir='ltr'>super</span> <span class='ocrx_word' id='word_1_248' title='bbox 1904 4318 1967 4368; x_wconf 89' lang='lat' dir='ltr'>nus</span> 
     </span>
     <span class='ocr_line' id='line_1_31' title="bbox 598 4409 1967 4505; baseline 0.001 -26"><span class='ocrx_word' id='word_1_249' title='bbox 598 4418 708 4480; x_wconf 89' lang='lat' dir='ltr'>autern</span> <span class='ocrx_word' id='word_1_250' title='bbox 735 4409 882 4482; x_wconf 89' lang='lat' dir='ltr'>infirmos</span> <span class='ocrx_word' id='word_1_251' title='bbox 910 4419 943 4480; x_wconf 86' lang='lat' dir='ltr'>et</span> <span class='ocrx_word' id='word_1_252' title='bbox 976 4418 1191 4505; x_wconf 79' lang='lat' dir='ltr'>peccatores,</span> <span class='ocrx_word' id='word_1_253' title='bbox 1225 4409 1453 4482; x_wconf 88' lang='lat' dir='ltr'>misericordia</span> <span class='ocrx_word' id='word_1_254' title='bbox 1487 4420 1522 4482; x_wconf 88' lang='lat' dir='ltr'>at</span> <span class='ocrx_word' id='word_1_255' title='bbox 1551 4414 1660 4503; x_wconf 82' lang='lat' dir='ltr'>gratia</span> <span class='ocrx_word' id='word_1_256' title='bbox 1694 4411 1899 4485; x_wconf 80' lang='lat' dir='ltr'>effundantur</span> <span class='ocrx_word' id='word_1_257' title='bbox 1934 4414 1967 4482; x_wconf 91' lang='lat' dir='ltr'>in</span> 
     </span>
     <span class='ocr_line' id='line_1_32' title="bbox 597 4526 1123 4618; baseline 0.002 -24"><span class='ocrx_word' id='word_1_258' title='bbox 597 4535 740 4618; x_wconf 88' lang='lat' dir='ltr'>utroque</span> <span class='ocrx_word' id='word_1_259' title='bbox 766 4526 902 4597; x_wconf 89' lang='lat' dir='ltr'>saeculo</span> <span class='ocrx_word' id='word_1_260' title='bbox 929 4548 1034 4615; x_wconf 77' lang='lat' dir='ltr'>nuno,</span> <span class='ocrx_word' id='word_1_261' title='bbox 1061 4535 1123 4596; x_wconf 87' lang='lat' dir='ltr'>etc.</span> 
     </span>
    </p>

    <p class='ocr_par' dir='ltr' id='par_1_12' title="bbox 598 4638 1968 5310">
     <span class='ocr_line' id='line_1_33' title="bbox 702 4638 1967 4737; baseline 0.003 -27"><span class='ocrx_word' id='word_1_262' title='bbox 702 4638 889 4714; x_wconf 80' lang='lat' dir='ltr'>Diaconuo.</span> <span class='ocrx_word' id='word_1_263' title='bbox 942 4641 1007 4714; x_wconf 91' lang='lat' dir='ltr'>Pro</span> <span class='ocrx_word' id='word_1_264' title='bbox 1035 4641 1266 4737; x_wconf 87' lang='lat' dir='ltr'>tranquillitate</span> <span class='ocrx_word' id='word_1_265' title='bbox 1293 4650 1327 4711; x_wconf 91' lang='lat' dir='ltr'>ot</span> <span class='ocrx_word' id='word_1_266' title='bbox 1352 4662 1438 4735; x_wconf 89' lang='lat' dir='ltr'>puoe</span> <span class='ocrx_word' id='word_1_267' title='bbox 1463 4644 1564 4712; x_wconf 88' lang='lat' dir='ltr'>totius</span> <span class='ocrx_word' id='word_1_268' title='bbox 1590 4642 1701 4715; x_wconf 91' lang='lat' dir='ltr'>mundi</span> <span class='ocrx_word' id='word_1_269' title='bbox 1735 4645 1769 4714; x_wconf 92' lang='lat' dir='ltr'>in</span> <span class='ocrx_word' id='word_1_270' title='bbox 1801 4641 1967 4715; x_wconf 74' lang='lat' dir='ltr'>Christum</span> 
     </span>
     <span class='ocr_line' id='line_1_34' title="bbox 598 4753 1967 4851; baseline 0.001 -25"><span class='ocrx_word' id='word_1_271' title='bbox 598 4755 821 4845; x_wconf 71' lang='lat' dir='ltr'>credentium,</span> <span class='ocrx_word' id='word_1_272' title='bbox 849 4779 870 4826; x_wconf 87' lang='lat' dir='ltr'>a</span> <span class='ocrx_word' id='word_1_273' title='bbox 895 4755 1012 4827; x_wconf 86' lang='lat' dir='ltr'>linibus</span> <span class='ocrx_word' id='word_1_274' title='bbox 1038 4779 1143 4851; x_wconf 92' lang='lat' dir='ltr'>usque</span> <span class='ocrx_word' id='word_1_275' title='bbox 1170 4756 1212 4827; x_wconf 88' lang='lat' dir='ltr'>ud</span> <span class='ocrx_word' id='word_1_276' title='bbox 1239 4755 1323 4829; x_wconf 87' lang='lat' dir='ltr'>fines</span> <span class='ocrx_word' id='word_1_277' title='bbox 1358 4753 1471 4845; x_wconf 76' lang='lat' dir='ltr'>orbis,</span> <span class='ocrx_word' id='word_1_278' title='bbox 1504 4778 1566 4851; x_wconf 94' lang='lat' dir='ltr'>pro</span> <span class='ocrx_word' id='word_1_279' title='bbox 1599 4758 1734 4830; x_wconf 88' lang='lat' dir='ltr'>infirmis</span> <span class='ocrx_word' id='word_1_280' title='bbox 1761 4764 1795 4827; x_wconf 92' lang='lat' dir='ltr'>et</span> <span class='ocrx_word' id='word_1_281' title='bbox 1829 4754 1967 4846; x_wconf 84' lang='lat' dir='ltr'>afflictis,</span> 
     </span>
     <span class='ocr_line' id='line_1_35' title="bbox 601 4868 1967 4968; baseline 0 -25"><span class='ocrx_word' id='word_1_282' title='bbox 601 4882 636 4944; x_wconf 92' lang='lat' dir='ltr'>et</span> <span class='ocrx_word' id='word_1_283' title='bbox 662 4870 833 4946; x_wconf 89' lang='lat' dir='ltr'>animabus</span> <span class='ocrx_word' id='word_1_284' title='bbox 859 4873 893 4943; x_wconf 95' lang='lat' dir='ltr'>in</span> <span class='ocrx_word' id='word_1_285' title='bbox 919 4874 1070 4965; x_wconf 82' lang='lat' dir='ltr'>augustia</span> <span class='ocrx_word' id='word_1_286' title='bbox 1098 4870 1252 4962; x_wconf 89' lang='lat' dir='ltr'>dejectis:</span> <span class='ocrx_word' id='word_1_287' title='bbox 1278 4894 1341 4967; x_wconf 92' lang='lat' dir='ltr'>pro</span> <span class='ocrx_word' id='word_1_288' title='bbox 1373 4869 1536 4968; x_wconf 85' lang='lat' dir='ltr'>patribus,</span> <span class='ocrx_word' id='word_1_289' title='bbox 1575 4871 1730 4947; x_wconf 82' lang='lat' dir='ltr'>frutribus</span> <span class='ocrx_word' id='word_1_290' title='bbox 1766 4880 1800 4943; x_wconf 89' lang='lat' dir='ltr'>et</span> <span class='ocrx_word' id='word_1_291' title='bbox 1832 4868 1967 4943; x_wconf 89' lang='lat' dir='ltr'>Docto-</span> 
     </span>
     <span class='ocr_line' id='line_1_36' title="bbox 599 4985 1966 5083; baseline 0.001 -24"><span class='ocrx_word' id='word_1_292' title='bbox 599 4985 691 5059; x_wconf 91' lang='lat' dir='ltr'>ribus</span> <span class='ocrx_word' id='word_1_293' title='bbox 717 4990 860 5061; x_wconf 90' lang='lat' dir='ltr'>nostris:</span> <span class='ocrx_word' id='word_1_294' title='bbox 886 5009 948 5083; x_wconf 92' lang='lat' dir='ltr'>pro</span> <span class='ocrx_word' id='word_1_295' title='bbox 975 4990 1142 5083; x_wconf 72' lang='lat' dir='ltr'>peccatis,</span> <span class='ocrx_word' id='word_1_296' title='bbox 1169 4990 1363 5083; x_wconf 87' lang='lat' dir='ltr'>insipientiis</span> <span class='ocrx_word' id='word_1_297' title='bbox 1390 4996 1424 5058; x_wconf 90' lang='lat' dir='ltr'>et</span> <span class='ocrx_word' id='word_1_298' title='bbox 1451 4986 1633 5062; x_wconf 86' lang='lat' dir='ltr'>defectibus</span> <span class='ocrx_word' id='word_1_299' title='bbox 1648 4990 1789 5061; x_wconf 90' lang='lat' dir='ltr'>omnium</span> <span class='ocrx_word' id='word_1_300' title='bbox 1807 4998 1966 5076; x_wconf 89' lang='lat' dir='ltr'>nostrum,</span> 
     </span>
     <span class='ocr_line' id='line_1_37' title="bbox 600 5101 1968 5200; baseline 0.004 -28"><span class='ocrx_word' id='word_1_301' title='bbox 600 5110 637 5173; x_wconf 89' lang='lat' dir='ltr'>et</span> <span class='ocrx_word' id='word_1_302' title='bbox 661 5125 723 5196; x_wconf 92' lang='lat' dir='ltr'>pro</span> <span class='ocrx_word' id='word_1_303' title='bbox 749 5102 899 5176; x_wconf 86' lang='lat' dir='ltr'>fidelibus</span> <span class='ocrx_word' id='word_1_304' title='bbox 927 5102 1088 5177; x_wconf 82' lang='lat' dir='ltr'>defunctis</span> <span class='ocrx_word' id='word_1_305' title='bbox 1117 5106 1172 5199; x_wconf 90' lang='lat' dir='ltr'>qui</span> <span class='ocrx_word' id='word_1_306' title='bbox 1197 5125 1218 5174; x_wconf 91' lang='lat' dir='ltr'>a</span> <span class='ocrx_word' id='word_1_307' title='bbox 1242 5103 1339 5177; x_wconf 88' lang='lat' dir='ltr'>nobis</span> <span class='ocrx_word' id='word_1_308' title='bbox 1367 5101 1534 5197; x_wconf 78' lang='lat' dir='ltr'>abierunt,</span> <span class='ocrx_word' id='word_1_309' title='bbox 1557 5102 1645 5175; x_wconf 91' lang='lat' dir='ltr'>cum</span> <span class='ocrx_word' id='word_1_310' title='bbox 1670 5101 1829 5177; x_wconf 91' lang='lat' dir='ltr'>odoribus</span> <span class='ocrx_word' id='word_1_311' title='bbox 1855 5105 1968 5200; x_wconf 90' lang='lat' dir='ltr'>impo-</span> 
     </span>
     <span class='ocr_line' id='line_1_38' title="bbox 599 5220 1032 5310; baseline 0.005 -19"><span class='ocrx_word' id='word_1_312' title='bbox 599 5220 692 5310; x_wconf 78' lang='lat' dir='ltr'>sitis,</span> <span class='ocrx_word' id='word_1_313' title='bbox 719 5242 852 5296; x_wconf 88' lang='lat' dir='ltr'>oramus</span> <span class='ocrx_word' id='word_1_314' title='bbox 878 5221 1032 5295; x_wconf 85' lang='lat' dir='ltr'>Domine.</span> 
     </span>
    </p>
   </div>
   <div class='ocr_carea' id='block_1_5' title="bbox 0 0 2584 6532">
    <p class='ocr_par' dir='ltr' id='par_1_13' title="bbox 0 0 2584 6532">
     <span class='ocr_line' id='line_1_39' title="bbox 0 0 2584 6532; baseline 0 0"><span class='ocrx_word' id='word_1_315' title='bbox 0 0 2584 6532; x_wconf 95' lang='lat' dir='ltr'> </span> 
     </span>
    </p>
   </div>
  </div>
 </body>
</html>
