5150 6534
904 909 910 922 ·
959 879 1005 956 nt
1035 878 1296 956 nrrnnortu
1326 879 1358 956 s.
1391 831 1647 956 susurrum
1890 875 1965 951 aar

600 1064 680 1128 etsi
702 1061 829 1126 allectus
851 1080 911 1126 uon
934 1063 1010 1126 alius
1033 1070 1090 1142 est,
1114 1081 1202 1144 quam
1223 1070 1256 1124 ut
1270 1062 1429 1146 significet,
1445 1060 1834 1144 designetqucsanguinem
1847 1059 1968 1140 Christi,

601 1163 660 1227 alia
682 1180 758 1226 voce
780 1163 824 1223 uti
846 1161 996 1226 debebant
1017 1161 1171 1245 liturgiae
1201 1168 1341 1239 autores,
1371 1178 1459 1242 quam
1487 1180 1524 1224 ea
1555 1179 1632 1242 quae
1662 1159 1783 1243 efficere
1810 1160 1969 1244 significat

601 1262 635 1326 st
661 1280 738 1325 aere
768 1262 894 1325 elicitur
921 1279 1036 1325 merum
1065 1278 1143 1341 aqua
1172 1262 1308 1336 mistum,
1337 1261 1461 1343 sanguis
1484 1259 1613 1340 Christi,
1642 1278 1717 1324 vere
1739 1278 1860 1342 quoque
1882 1261 1969 1341 panis

600 1360 725 1425 edicitur
748 1358 866 1439 Corpus
890 1361 1010 1424 Christi.
1055 1359 1158 1441 ltaque
1181 1358 1301 1421 dubium
1323 1377 1487 1439 superesse
1509 1359 1622 1421 nullum
1644 1366 1761 1440 potest,
1789 1362 1860 1441 quin
1882 1366 1969 1422 utra-

601 1479 661 1542 que
683 1478 755 1536 vox,
777 1457 917 1523 diversae
937 1459 1010 1523 licet
1032 1459 1157 1541 originis
1181 1467 1212 1521 et
1234 1456 1450 1542 etymologiae,
1473 1457 1580 1520 eodem
1604 1458 1772 1539 significatu
1793 1459 1968 1540 accipienda

600 1562 656 1624 sit:
678 1558 760 1642 quod
782 1562 870 1621 etiam
891 1561 1041 1623 variarum
1064 1558 1188 1621 aliarum
1210 1557 1413 1640 Liturgiarum
1436 1574 1603 1619 consensus
1626 1556 1819 1619 demonstrat.

674 1658 720 1719 ·ln
742 1657 874 1721 llomana
904 1658 1035 1721 editione
1064 1656 1160 1721 torma
1189 1655 1391 1719 lrrvocationis
1414 1657 1532 1739 integra
1555 1656 1663 1719 relicta
1685 1663 1747 1735 est,
1771 1673 1808 1719 eo
1832 1656 1970 1719 soluma

602 1754 765 1821 codicibus
778 1757 850 1820 hlss.
863 1757 1042 1830 discrimine,
1064 1755 1145 1838 quod
1160 1756 1331 1836 inutraque
1353 1754 1493 1835 periodo,
1515 1763 1574 1817 tarn
1588 1756 1617 1816 in
1640 1773 1676 1817 ea
1699 1773 1777 1836 quae
1800 1756 1837 1818 ad
1860 1775 1970 1837 panem

601 1863 731 1938 spectat,
754 1874 842 1939 quam
865 1856 896 1918 in
918 1855 1024 1933 altera,
1047 1871 1126 1936 quae
1153 1854 1190 1917 ad
1213 1854 1349 1932 calicem,
1372 1854 1505 1917 occurrit
1527 1871 1588 1916 vox
1610 1854 1715 1917 eadem
1737 1868 1824 1922 ΜΠ).
1857 1855 1907 1917 An
1929 1856 1970 1919 ita

600 1955 760 2019 habuerint
782 1952 914 2019 Codices
937 1952 1009 2019 blss.
1032 1954 1202 2035 exquibus
1225 1953 1316 2016 editio
1339 1953 1417 2016 lacta
1440 1961 1501 2031 est,
1528 1952 1631 2016 dicere
1652 1972 1715 2016 non
1736 1972 1912 2036 possumus:
1939 1956 1971 2018 id

601 2061 700 2117 autem
723 2053 811 2117 facile
833 2052 898 2133 luit,
921 2073 987 2117 cum
1011 2053 1080 2137 Syri
1100 2061 1228 2134 utraque
1250 2071 1327 2116 voce
1349 2051 1555 2114 indifferenter
1578 2052 1619 2113 uti
1641 2052 1767 2114 soleant.
1799 2051 1922 2116 'Verum
1944 2056 1971 2118 si

601 2153 723 2235 quidem
745 2153 948 2216 emendandae
969 2153 1090 2217 luerunt
1111 2153 1141 2213 in
1164 2151 1239 2215 locis
1262 2151 1328 2214 aliis
1340 2150 1540 2213 lnvocationis
1563 2150 1720 2229 formulae,
1741 2152 1772 2214 in
1794 2152 1861 2230 ista,
1884 2159 1918 2214 ut
1940 2153 1971 2215 in

600 2250 708 2316 Jacobi
737 2251 889 2334 liturgia,
917 2252 995 2314 idem
1025 2260 1091 2314 erat
1118 2251 1354 2314 observandum:
1383 2269 1451 2312 narn
1479 2258 1619 2314 constare
1648 2250 1705 2313 sibi
1733 2250 1844 2314 debent
1873 2253 1904 2316 in
1934 2271 1969 2314 re

602 2358 664 2413 tam
685 2352 773 2435 gravi
796 2369 958 2414 censorum
975 2351 1097 2433 judicia.
1129 2349 1257 2432 siquae
1281 2350 1311 2412 in
1334 2350 1449 2413 duabus
1472 2350 1530 2412 illis
1552 2350 1694 2431 Liturgiis
1717 2349 1826 2413 intacta
1849 2358 1971 2415 serrata

603 2458 661 2528 est,
685 2451 765 2513 omni
787 2452 903 2513 erroris
926 2451 1100 2532 suspicione
1123 2459 1221 2513 caret:
1245 2449 1400 2513 sollicitari
1413 2457 1444 2512 et
1457 2450 1603 2512 immutari
1625 2449 1703 2511 eliae
1725 2468 1787 2512 non
1810 2447 1971 2524 debebant,

603 2557 656 2612 aut
672 2557 810 2631 utraque,
832 2548 883 2611 illa
905 2567 980 2629 prae
1003 2550 1131 2612 caeteris
1147 2548 1277 2611 debebat
1290 2548 1453 2626 emendari,
1476 2567 1512 2611 ea
1534 2550 1601 2629 ipsa
1622 2550 1749 2626 ratione,
1773 2567 1851 2629 quae
1865 2551 1970 2629 ipsam,

603 2657 638 2712 ut
658 2647 821 2712 verisimile
843 2656 908 2726 est,
937 2667 954 2711 a
985 2666 1115 2711 censura
1145 2648 1294 2712 liberavit.
1337 2648 1412 2711 Nam
1435 2649 1486 2729 qui
1508 2666 1586 2710 voce
1609 2659 1673 2724 tart
1697 2666 1775 2728 quae
1797 2648 1905 2711 ποιεῖν
1926 2649 1973 2710 si-

603 2748 738 2833 gnificat,
759 2746 867 2811 odensi
888 2756 972 2810 sunt:
996 2748 1120 2810 alterurn
1142 2762 1214 2825 ΜΠ,
1237 2736 1406 2825 ἀναδεῖξαι
1429 2747 1508 2809 aliud
1530 2747 1679 2828 quidpiam
1700 2747 1863 2828 significari
1887 2746 1973 2829 judi-

602 2853 763 2926 caverunt,
797 2846 912 2909 scilicet
940 2848 1117 2927 decime,
1151 2849 1374 2920 denwmhcre,
1402 2854 1460 2910 etc.
1505 2846 1546 2909 At
1581 2848 1631 2927 qui
1667 2845 1885 2909 Eucharistiam
1910 2848 1973 2929 jam

604 2953 823 3025 consecratam,
847 2963 958 3028 corpus
973 2954 1004 3008 et
1021 2947 1198 3030 sanguinem
1210 2946 1321 3009 Christi
1336 2945 1497 3028 designare
1519 2945 1601 3022 dicit,
1625 2953 1708 3008 errat
1721 2945 1813 3029 louge
1829 2946 1974 3025 deterius,

604 3063 643 3109 eo
672 3045 723 3127 qui
751 3062 843 3126 super
873 3036 1151 3127 cinnamomum,
1181 3046 1284 3109 verbis
1315 3043 1426 3107 Christi
1455 3064 1472 3106 a
1495 3044 1661 3107 Sacerdote
1688 3045 1747 3107 rite
1768 3046 1973 3125 pronunciatis

604 3151 795 3222 consecrata,
819 3144 953 3207 invocari
974 3163 1067 3226 posse
1090 3145 1187 3207 credit
1202 3144 1343 3226 Spiritum
1366 3152 1511 3220 sanctum,
1533 3152 1567 3206 ut
1589 3142 1698 3224 illapsu
1721 3162 1777 3207 suo
1800 3146 1973 3226 mysterium

603 3244 695 3325 mena
717 3241 951 3306 sanctificatione
973 3244 1139 3307 confirmet.
1181 3244 1289 3325 Neque
1311 3244 1446 3306 invocari
1475 3250 1577 3323 potest
1596 3241 1724 3323 Spiritus
1753 3251 1892 3319 sanctus,
1924 3251 1975 3305 aut

602 3342 685 3410 illius
706 3341 817 3423 illapsu
837 3350 869 3404 et
891 3343 1119 3408 obumbratione
1141 3361 1218 3424 opus
1241 3351 1305 3420 est,
1327 3352 1362 3405 ut
1382 3343 1468 3424 panis
1491 3349 1522 3403 et
1544 3343 1646 3405 viuum
1668 3341 1839 3423 significent
1861 3361 1974 3423 corpus

605 3448 636 3505 et
658 3441 834 3524 sanguinem
858 3441 977 3505 Christi.
1021 3443 1096 3505 Nam
1118 3446 1246 3526 mystica
1275 3444 1350 3505 haec
1373 3441 1560 3505 adumbratio
1583 3442 1681 3504 statim
1703 3441 1741 3504 ab
1763 3442 1848 3504 initio
1870 3441 1975 3502 bitur-

606 3541 688 3622 giae‚
713 3541 800 3602 etiam
824 3540 853 3602 in
872 3543 1097 3623 praeparatoria
1113 3544 1241 3621 actione,
1266 3561 1324 3623 per
1346 3560 1455 3623 preces
1480 3548 1511 3603 et
1534 3541 1737 3603 caeremonias
1759 3542 1832 3603 satis
1855 3540 1975 3624 signifi-

606 3645 708 3700 catur:
731 3646 763 3700 ut
779 3656 844 3700 cum
858 3642 944 3721 panis
961 3641 999 3704 ad
1016 3640 1109 3703 altere
1132 3643 1268 3717 infertur,
1292 3650 1323 3705 et
1344 3642 1467 3705 dicitur:
1497 3641 1649 3721 Tanquam
1663 3640 1730 3703 ocis
1742 3642 1785 3702 ad
1795 3643 1976 3703 occisionem

606 3738 714 3799 doctus
743 3746 806 3799 est:
836 3746 866 3801 et
889 3740 925 3802 ad
949 3732 1089 3804 calicem:
1127 3742 1208 3803 Unus
1229 3742 1354 3802 militnm
1375 3742 1482 3802 lancea
1505 3742 1585 3802 lobes
1607 3742 1671 3819 qtae
1692 3742 1830 3820 operuit:
1859 3747 1889 3801 et
1918 3739 1976 3800 alia

606 3833 730 3914 similia,
752 3836 862 3900 dudum
891 3847 961 3903 ante
990 3857 1076 3921 quam
1099 3841 1337 3921 pronuncientur
1358 3839 1469 3904 Christi
1490 3839 1595 3903 verba.
1641 3838 1716 3901 Tota
1738 3840 1797 3901 imo
1819 3837 1974 3920 Liturgiae

605 3936 703 3998 series
727 3953 765 3998 eo
786 3946 914 4017 spectat,
936 3958 1003 4002 cum
1026 3940 1265 4021 repraesentatio
1287 3940 1326 4002 sit
1348 3940 1439 4002 totius
1461 3938 1606 4001 humanae
1628 3938 1722 4019 ipsius
1744 3940 1775 3999 in
1797 3937 1886 4000 terris
1909 3938 1975 4001 dis-

606 4036 801 4115 pensationis.

693 4133 837 4215 Reliquae
861 4136 945 4232 istius
975 4139 1129 4220 Liturgiae
1156 4146 1259 4219 partes
1287 4157 1328 4199 ex
1356 4135 1615 4200 observationibus
1646 4135 1684 4197 ad
1706 4134 1780 4198 alias
1803 4136 1875 4199 satis
1898 4153 1974 4215 per-

607 4231 732 4313 spicuae
755 4241 833 4296 sunt.
