<?xml version="1.0" encoding="UTF-8"?>
<!DOCTYPE html PUBLIC "-//W3C//DTD XHTML 1.0 Transitional//EN"
    "http://www.w3.org/TR/xhtml1/DTD/xhtml1-transitional.dtd">
<html xmlns="http://www.w3.org/1999/xhtml" xml:lang="en" lang="en">
 <head>
  <title>
</title>
<meta http-equiv="Content-Type" content="text/html;charset=utf-8" />
  <meta name='ocr-system' content='tesseract 3.04.00' />
  <meta name='ocr-capabilities' content='ocr_page ocr_carea ocr_par ocr_line ocrx_word'/>
</head>
<body>
  <div class='ocr_page' id='page_1' title='image "./liturgiarumorie00renagoog_0108.png"; bbox 0 0 5150 6534; ppageno 0'>
   <div class='ocr_carea' id='block_1_1' title="bbox 312 1382 531 1450">
    <p class='ocr_par' dir='ltr' id='par_1_1' title="bbox 312 1382 531 1450">
     <span class='ocr_line' id='line_1_1' title="bbox 312 1382 531 1450; baseline 0 -16"><span class='ocrx_word' id='word_1_1' title='bbox 312 1382 343 1434; x_wconf 84' lang='grc' dir='ltr'>Ρ.</span> <span class='ocrx_word' id='word_1_2' title='bbox 361 1382 422 1434; x_wconf 72' lang='grc'>208.</span> <span class='ocrx_word' id='word_1_3' title='bbox 441 1391 531 1450; x_wconf 75' lang='lat' dir='ltr'>etseq.</span> 
     </span>
    </p>
   </div>
   <div class='ocr_carea' id='block_1_2' title="bbox 330 1881 588 1944">
    <p class='ocr_par' dir='ltr' id='par_1_2' title="bbox 330 1881 588 1944">
     <span class='ocr_line' id='line_1_2' title="bbox 330 1881 588 1944; baseline 0.012 -12"><span class='ocrx_word' id='word_1_4' title='bbox 330 1881 460 1933; x_wconf 83' lang='lat' dir='ltr'>Jacohrtac</span> <span class='ocrx_word' id='word_1_5' title='bbox 484 1881 588 1944; x_wconf 85' lang='lat' dir='ltr'>addunt,</span> 
     </span>
    </p>
   </div>
   <div class='ocr_carea' id='block_1_3' title="bbox 297 1971 589 2106">
    <p class='ocr_par' dir='ltr' id='par_1_3' title="bbox 297 1971 589 2106">
     <span class='ocr_line' id='line_1_3' title="bbox 297 1971 589 2040; baseline 0.017 -23"><span class='ocrx_word' id='word_1_6' title='bbox 297 1971 340 2035; x_wconf 76' lang='lat' dir='ltr'>pari</span> <span class='ocrx_word' id='word_1_7' title='bbox 356 1971 491 2033; x_wconf 66' lang='lat' dir='ltr'>crucifixas</span> <span class='ocrx_word' id='word_1_8' title='bbox 501 1987 528 2022; x_wconf 78' lang='lat' dir='ltr'>cr</span> <span class='ocrx_word' id='word_1_9' title='bbox 541 1989 589 2040; x_wconf 80' lang='lat' dir='ltr'>pro</span> 
     </span>
     <span class='ocr_line' id='line_1_4' title="bbox 297 2055 372 2106; baseline 0 -2"><span class='ocrx_word' id='word_1_10' title='bbox 297 2055 372 2106; x_wconf 74' lang='lat' dir='ltr'>trahis.</span> 
     </span>
    </p>
   </div>
   <div class='ocr_carea' id='block_1_4' title="bbox 314 2841 591 3080">
    <p class='ocr_par' dir='ltr' id='par_1_4' title="bbox 314 2841 591 3080">
     <span class='ocr_line' id='line_1_5' title="bbox 314 2841 590 2915; baseline 0.033 -26"><span class='ocrx_word' id='word_1_11' title='bbox 314 2841 375 2891; x_wconf 71' lang='lat' dir='ltr'>tier.</span> <span class='ocrx_word' id='word_1_12' title='bbox 392 2843 495 2910; x_wconf 78' lang='lat' dir='ltr'>Dyrmrt.</span> <span class='ocrx_word' id='word_1_13' title='bbox 506 2864 532 2915; x_wconf 87' lang='lat' dir='ltr'>p.</span> <span class='ocrx_word' id='word_1_14' title='bbox 545 2845 590 2899; x_wconf 82' lang='lat'>93.</span> 
     </span>
     <span class='ocr_line' id='line_1_6' title="bbox 315 2927 591 2988; baseline 0.036 -11"><span class='ocrx_word' id='word_1_15' title='bbox 315 2927 377 2979; x_wconf 77' lang='lat' dir='ltr'>tttsr.</span> <span class='ocrx_word' id='word_1_16' title='bbox 412 2931 484 2982; x_wconf 80' lang='lat' dir='ltr'>Patr.</span> <span class='ocrx_word' id='word_1_17' title='bbox 516 2933 591 2988; x_wconf 68' lang='lat' dir='ltr'>Ata.</span> 
     </span>
     <span class='ocr_line' id='line_1_7' title="bbox 315 3015 421 3080; baseline 0.019 -16"><span class='ocrx_word' id='word_1_18' title='bbox 315 3034 340 3080; x_wconf 83' lang='lat' dir='ltr'>p.</span> <span class='ocrx_word' id='word_1_19' title='bbox 361 3015 421 3066; x_wconf 77' lang='grc'><em>135.</em></span> 
     </span>
    </p>
   </div>
   <div class='ocr_carea' id='block_1_5' title="bbox 283 3770 588 3925">
    <p class='ocr_par' dir='ltr' id='par_1_5' title="bbox 283 3770 588 3925">
     <span class='ocr_line' id='line_1_8' title="bbox 315 3770 588 3830; baseline 0.004 -10"><span class='ocrx_word' id='word_1_20' title='bbox 315 3771 370 3830; x_wconf 73' lang='lat' dir='ltr'>orm</span> <span class='ocrx_word' id='word_1_21' title='bbox 394 3773 493 3822; x_wconf 79' lang='lat' dir='ltr'>natione</span> <span class='ocrx_word' id='word_1_22' title='bbox 520 3770 588 3821; x_wconf 89' lang='lat' dir='ltr'>illam</span> 
     </span>
     <span class='ocr_line' id='line_1_9' title="bbox 283 3856 587 3925; baseline 0.01 -20"><span class='ocrx_word' id='word_1_23' title='bbox 283 3856 435 3908; x_wconf 90' lang='lat' dir='ltr'>additionem</span> <span class='ocrx_word' id='word_1_24' title='bbox 451 3857 587 3925; x_wconf 69' lang='lat' dir='ltr'>explicent.</span> 
     </span>
    </p>
   </div>
   <div class='ocr_carea' id='block_1_6' title="bbox 605 803 1597 882">
    <p class='ocr_par' dir='ltr' id='par_1_6' title="bbox 605 803 1597 882">
     <span class='ocr_line' id='line_1_10' title="bbox 605 803 1597 882; baseline 0.005 -6"><span class='ocrx_word' id='word_1_25' title='bbox 605 803 656 878; x_wconf 84' lang='lat'>70</span> <span class='ocrx_word' id='word_1_26' title='bbox 979 803 1597 882; x_wconf 74' lang='lat' dir='ltr'>assentationes</span> 
     </span>
    </p>
   </div>
   <div class='ocr_carea' id='block_1_7' title="bbox 600 987 1986 5324">
    <p class='ocr_par' dir='ltr' id='par_1_7' title="bbox 600 987 1980 1844">
     <span class='ocr_line' id='line_1_11' title="bbox 604 987 1980 1074; baseline 0 -22"><span class='ocrx_word' id='word_1_27' title='bbox 604 998 635 1052; x_wconf 90' lang='lat' dir='ltr'>et</span> <span class='ocrx_word' id='word_1_28' title='bbox 658 989 805 1074; x_wconf 82' lang='lat' dir='ltr'><strong>singulari</strong></span> <span class='ocrx_word' id='word_1_29' title='bbox 828 988 973 1069; x_wconf 80' lang='lat' dir='ltr'>Epistola,</span> <span class='ocrx_word' id='word_1_30' title='bbox 998 996 1027 1049; x_wconf 92' lang='lat' dir='ltr'>et</span> <span class='ocrx_word' id='word_1_31' title='bbox 1052 987 1101 1049; x_wconf 91' lang='lat' dir='ltr'>alii</span> <span class='ocrx_word' id='word_1_32' title='bbox 1124 988 1219 1066; x_wconf 89' lang='lat' dir='ltr'>molti,</span> <span class='ocrx_word' id='word_1_33' title='bbox 1243 1007 1369 1069; x_wconf 86' lang='lat' dir='ltr'>qtrornm</span> <span class='ocrx_word' id='word_1_34' title='bbox 1393 990 1559 1050; x_wconf 90' lang='lat' dir='ltr'>testimonia</span> <span class='ocrx_word' id='word_1_35' title='bbox 1580 989 1749 1072; x_wconf 83' lang='lat' dir='ltr'>eollegerat</span> <span class='ocrx_word' id='word_1_36' title='bbox 1771 992 1818 1054; x_wconf 86' lang='lat' dir='ltr'>vir</span> <span class='ocrx_word' id='word_1_37' title='bbox 1841 989 1980 1053; x_wconf 89' lang='lat' dir='ltr'>clarissi-</span> 
     </span>
     <span class='ocr_line' id='line_1_12' title="bbox 603 1087 1979 1168; baseline 0.001 -20"><span class='ocrx_word' id='word_1_38' title='bbox 603 1107 668 1150; x_wconf 90' lang='lat' dir='ltr'>mas</span> <span class='ocrx_word' id='word_1_39' title='bbox 692 1087 820 1151; x_wconf 80' lang='lat' dir='ltr'><strong>Carolus</strong></span> <span class='ocrx_word' id='word_1_40' title='bbox 843 1089 1011 1149; x_wconf 82' lang='lat' dir='ltr'>Fraxineus</span> <span class='ocrx_word' id='word_1_41' title='bbox 1035 1087 1185 1168; x_wconf 83' lang='lat' dir='ltr'>Congius:</span> <span class='ocrx_word' id='word_1_42' title='bbox 1216 1089 1303 1168; x_wconf 89' lang='lat' dir='ltr'>plura</span> <span class='ocrx_word' id='word_1_43' title='bbox 1334 1087 1445 1150; x_wconf 79' lang='lat' dir='ltr'>addidit</span> <span class='ocrx_word' id='word_1_44' title='bbox 1468 1107 1534 1151; x_wconf 86' lang='lat' dir='ltr'>eum</span> <span class='ocrx_word' id='word_1_45' title='bbox 1558 1090 1682 1152; x_wconf 89' lang='lat' dir='ltr'>eruditis</span> <span class='ocrx_word' id='word_1_46' title='bbox 1706 1090 1979 1153; x_wconf 85' lang='lat' dir='ltr'>Observationibus</span> 
     </span>
     <span class='ocr_line' id='line_1_13' title="bbox 602 1185 1978 1268; baseline 0.003 -20"><span class='ocrx_word' id='word_1_47' title='bbox 602 1186 636 1248; x_wconf 89' lang='lat' dir='ltr'>R.</span> <span class='ocrx_word' id='word_1_48' title='bbox 666 1189 698 1253; x_wconf 92' lang='lat' dir='ltr'>P.</span> <span class='ocrx_word' id='word_1_49' title='bbox 727 1187 855 1250; x_wconf 83' lang='lat' dir='ltr'>hlichael</span> <span class='ocrx_word' id='word_1_50' title='bbox 889 1185 1026 1266; x_wconf 87' lang='lat' dir='ltr'>Leqnien</span> <span class='ocrx_word' id='word_1_51' title='bbox 1056 1188 1085 1246; x_wconf 90' lang='lat' dir='ltr'>in</span> <span class='ocrx_word' id='word_1_52' title='bbox 1114 1196 1254 1249; x_wconf 90' lang='lat' dir='ltr'>accurata</span> <span class='ocrx_word' id='word_1_53' title='bbox 1290 1207 1415 1268; x_wconf 91' lang='lat' dir='ltr'>operum</span> <span class='ocrx_word' id='word_1_54' title='bbox 1452 1187 1577 1249; x_wconf 91' lang='lat' dir='ltr'>Joaonis</span> <span class='ocrx_word' id='word_1_55' title='bbox 1619 1189 1796 1251; x_wconf 89' lang='lat' dir='ltr'>Damasceni</span> <span class='ocrx_word' id='word_1_56' title='bbox 1832 1188 1978 1252; x_wconf 78' lang='lat' dir='ltr'>editione.</span> 
     </span>
     <span class='ocr_line' id='line_1_14' title="bbox 600 1284 1980 1367; baseline -0.001 -18"><span class='ocrx_word' id='word_1_57' title='bbox 600 1287 750 1349; x_wconf 79' lang='lat' dir='ltr'>Nonnulla</span> <span class='ocrx_word' id='word_1_58' title='bbox 777 1305 897 1367; x_wconf 81' lang='lat' dir='ltr'>quoqne</span> <span class='ocrx_word' id='word_1_59' title='bbox 919 1305 959 1346; x_wconf 83' lang='lat' dir='ltr'>ex</span> <span class='ocrx_word' id='word_1_60' title='bbox 982 1284 1185 1347; x_wconf 90' lang='lat' dir='ltr'>Orientalibus</span> <span class='ocrx_word' id='word_1_61' title='bbox 1209 1286 1295 1366; x_wconf 73' lang='lat' dir='ltr'>Syris</span> <span class='ocrx_word' id='word_1_62' title='bbox 1326 1304 1343 1347; x_wconf 89' lang='lat' dir='ltr'>a</span> <span class='ocrx_word' id='word_1_63' title='bbox 1372 1287 1459 1350; x_wconf 90' lang='lat' dir='ltr'>nobis</span> <span class='ocrx_word' id='word_1_64' title='bbox 1483 1286 1612 1364; x_wconf 83' lang='lat' dir='ltr'>allegata</span> <span class='ocrx_word' id='word_1_65' title='bbox 1642 1297 1728 1366; x_wconf 87' lang='lat' dir='ltr'>sunt,</span> <span class='ocrx_word' id='word_1_66' title='bbox 1760 1290 1790 1349; x_wconf 91' lang='lat' dir='ltr'>in</span> <span class='ocrx_word' id='word_1_67' title='bbox 1813 1287 1980 1350; x_wconf 86' lang='lat' dir='ltr'>Commen-</span> 
     </span>
     <span class='ocr_line' id='line_1_15' title="bbox 601 1384 1979 1468; baseline 0.001 -21"><span class='ocrx_word' id='word_1_68' title='bbox 601 1387 679 1448; x_wconf 90' lang='lat' dir='ltr'>tario</span> <span class='ocrx_word' id='word_1_69' title='bbox 702 1387 740 1448; x_wconf 92' lang='lat' dir='ltr'>ad</span> <span class='ocrx_word' id='word_1_70' title='bbox 762 1386 925 1468; x_wconf 83' lang='lat' dir='ltr'>Liturgiarn</span> <span class='ocrx_word' id='word_1_71' title='bbox 948 1384 1049 1446; x_wconf 92' lang='lat' dir='ltr'>Basilii</span> <span class='ocrx_word' id='word_1_72' title='bbox 1074 1385 1243 1465; x_wconf 77' lang='lat' dir='ltr'>Copticam,</span> <span class='ocrx_word' id='word_1_73' title='bbox 1274 1405 1352 1465; x_wconf 83' lang='lat' dir='ltr'>qtrae</span> <span class='ocrx_word' id='word_1_74' title='bbox 1383 1385 1430 1448; x_wconf 92' lang='lat' dir='ltr'>hic</span> <span class='ocrx_word' id='word_1_75' title='bbox 1459 1386 1593 1447; x_wconf 85' lang='lat' dir='ltr'>indicare</span> <span class='ocrx_word' id='word_1_76' title='bbox 1624 1387 1757 1450; x_wconf 83' lang='lat' dir='ltr'>sufficiet.</span> <span class='ocrx_word' id='word_1_77' title='bbox 1805 1387 1916 1450; x_wconf 89' lang='lat' dir='ltr'>Graeci</span> <span class='ocrx_word' id='word_1_78' title='bbox 1948 1393 1979 1448; x_wconf 85' lang='lat' dir='ltr'>el</span> 
     </span>
     <span class='ocr_line' id='line_1_16' title="bbox 603 1484 1978 1567; baseline 0 -20"><span class='ocrx_word' id='word_1_79' title='bbox 603 1485 775 1548; x_wconf 90' lang='lat' dir='ltr'>Orientales</span> <span class='ocrx_word' id='word_1_80' title='bbox 800 1504 858 1548; x_wconf 90' lang='lat' dir='ltr'>non</span> <span class='ocrx_word' id='word_1_81' title='bbox 888 1486 976 1546; x_wconf 82' lang='lat' dir='ltr'>niodo</span> <span class='ocrx_word' id='word_1_82' title='bbox 1007 1487 1035 1545; x_wconf 94' lang='lat' dir='ltr'>in</span> <span class='ocrx_word' id='word_1_83' title='bbox 1066 1484 1195 1564; x_wconf 89' lang='lat' dir='ltr'>pnhlleis</span> <span class='ocrx_word' id='word_1_84' title='bbox 1225 1485 1349 1560; x_wconf 87' lang='lat' dir='ltr'>Olllciis,</span> <span class='ocrx_word' id='word_1_85' title='bbox 1380 1485 1434 1548; x_wconf 86' lang='lat' dir='ltr'>sed</span> <span class='ocrx_word' id='word_1_86' title='bbox 1465 1487 1494 1545; x_wconf 92' lang='lat' dir='ltr'>in</span> <span class='ocrx_word' id='word_1_87' title='bbox 1524 1487 1649 1564; x_wconf 79' lang='lat' dir='ltr'>privatis</span> <span class='ocrx_word' id='word_1_88' title='bbox 1672 1487 1813 1565; x_wconf 89' lang='lat' dir='ltr'>precihus</span> <span class='ocrx_word' id='word_1_89' title='bbox 1837 1487 1978 1567; x_wconf 72' lang='lat' dir='ltr'>hymnum</span> 
     </span>
     <span class='ocr_line' id='line_1_17' title="bbox 600 1583 1977 1665; baseline 0 -19"><span class='ocrx_word' id='word_1_90' title='bbox 600 1586 683 1646; x_wconf 86' lang='lat' dir='ltr'>illurn</span> <span class='ocrx_word' id='word_1_91' title='bbox 696 1583 872 1665; x_wconf 82' lang='lat' dir='ltr'>frequenter</span> <span class='ocrx_word' id='word_1_92' title='bbox 894 1587 1031 1662; x_wconf 89' lang='lat' dir='ltr'>recitant,</span> <span class='ocrx_word' id='word_1_93' title='bbox 1055 1592 1086 1645; x_wconf 92' lang='lat' dir='ltr'>nt</span> <span class='ocrx_word' id='word_1_94' title='bbox 1109 1592 1190 1664; x_wconf 89' lang='lat' dir='ltr'>patet</span> <span class='ocrx_word' id='word_1_95' title='bbox 1213 1604 1253 1646; x_wconf 83' lang='lat' dir='ltr'>ex</span> <span class='ocrx_word' id='word_1_96' title='bbox 1276 1584 1460 1664; x_wconf 84' lang='lat' dir='ltr'>Horologiis‚</span> <span class='ocrx_word' id='word_1_97' title='bbox 1485 1602 1544 1644; x_wconf 81' lang='lat' dir='ltr'>aron</span> <span class='ocrx_word' id='word_1_98' title='bbox 1560 1584 1683 1646; x_wconf 90' lang='lat' dir='ltr'>Graccis</span> <span class='ocrx_word' id='word_1_99' title='bbox 1707 1583 1807 1664; x_wconf 88' lang='lat' dir='ltr'>modo,</span> <span class='ocrx_word' id='word_1_100' title='bbox 1823 1586 1879 1648; x_wconf 89' lang='lat' dir='ltr'>sed</span> <span class='ocrx_word' id='word_1_101' title='bbox 1894 1587 1977 1648; x_wconf 83' lang='lat' dir='ltr'>Ara-</span> 
     </span>
     <span class='ocr_line' id='line_1_18' title="bbox 601 1682 1978 1764; baseline 0.001 -20"><span class='ocrx_word' id='word_1_102' title='bbox 601 1684 677 1745; x_wconf 90' lang='lat' dir='ltr'>hlcis</span> <span class='ocrx_word' id='word_1_103' title='bbox 701 1683 738 1745; x_wconf 91' lang='lat' dir='ltr'>ad</span> <span class='ocrx_word' id='word_1_104' title='bbox 761 1701 846 1745; x_wconf 88' lang='lat' dir='ltr'>usum</span> <span class='ocrx_word' id='word_1_105' title='bbox 869 1682 1074 1746; x_wconf 85' lang='lat' dir='ltr'>hlelchitarnm</span> <span class='ocrx_word' id='word_1_106' title='bbox 1100 1683 1267 1760; x_wconf 73' lang='lat' dir='ltr'>conversis,</span> <span class='ocrx_word' id='word_1_107' title='bbox 1301 1691 1332 1745; x_wconf 95' lang='lat' dir='ltr'>ut</span> <span class='ocrx_word' id='word_1_108' title='bbox 1356 1684 1406 1745; x_wconf 92' lang='lat' dir='ltr'>illo</span> <span class='ocrx_word' id='word_1_109' title='bbox 1430 1683 1501 1744; x_wconf 89' lang='lat' dir='ltr'>Fani</span> <span class='ocrx_word' id='word_1_110' title='bbox 1530 1683 1610 1744; x_wconf 89' lang='lat' dir='ltr'>edito</span> <span class='ocrx_word' id='word_1_111' title='bbox 1634 1700 1711 1744; x_wconf 90' lang='lat' dir='ltr'>anno</span> <span class='ocrx_word' id='word_1_112' title='bbox 1735 1683 1871 1747; x_wconf 80' lang='lat' dir='ltr'>htuxtv.</span> <span class='ocrx_word' id='word_1_113' title='bbox 1895 1683 1978 1764; x_wconf 84' lang='lat' dir='ltr'>quod</span> 
     </span>
     <span class='ocr_line' id='line_1_19' title="bbox 602 1782 873 1844; baseline 0 0"><span class='ocrx_word' id='word_1_114' title='bbox 602 1783 674 1844; x_wconf 76' lang='lat' dir='ltr'>diss·</span> <span class='ocrx_word' id='word_1_115' title='bbox 698 1782 793 1844; x_wconf 90' lang='lat' dir='ltr'>simile</span> <span class='ocrx_word' id='word_1_116' title='bbox 816 1789 873 1844; x_wconf 89' lang='lat' dir='ltr'>est.</span> 
     </span>
    </p>

    <p class='ocr_par' dir='ltr' id='par_1_8' title="bbox 601 1881 1983 3732">
     <span class='ocr_line' id='line_1_20' title="bbox 688 1881 1977 1961; baseline 0.001 -18"><span class='ocrx_word' id='word_1_117' title='bbox 688 1881 849 1944; x_wconf 89' lang='lat' dir='ltr'>lllelchilae</span> <span class='ocrx_word' id='word_1_118' title='bbox 871 1899 964 1961; x_wconf 90' lang='lat' dir='ltr'>porro</span> <span class='ocrx_word' id='word_1_119' title='bbox 978 1900 1034 1943; x_wconf 86' lang='lat' dir='ltr'>seu</span> <span class='ocrx_word' id='word_1_120' title='bbox 1050 1881 1217 1944; x_wconf 85' lang='lat' dir='ltr'>Ortlrodoxi</span> <span class='ocrx_word' id='word_1_121' title='bbox 1233 1881 1341 1944; x_wconf 88' lang='lat' dir='ltr'>Graeci</span> <span class='ocrx_word' id='word_1_122' title='bbox 1364 1891 1393 1944; x_wconf 88' lang='lat' dir='ltr'>et</span> <span class='ocrx_word' id='word_1_123' title='bbox 1412 1882 1519 1958; x_wconf 90' lang='lat' dir='ltr'>Latini,</span> <span class='ocrx_word' id='word_1_124' title='bbox 1542 1881 1623 1942; x_wconf 93' lang='lat' dir='ltr'>illum</span> <span class='ocrx_word' id='word_1_125' title='bbox 1646 1881 1820 1960; x_wconf 87' lang='lat' dir='ltr'>simpliciter</span> <span class='ocrx_word' id='word_1_126' title='bbox 1834 1883 1977 1944; x_wconf 88' lang='lat' dir='ltr'>recitant:</span> 
     </span>
     <span class='ocr_line' id='line_1_21' title="bbox 604 1980 1977 2060; baseline 0.001 -17"><span class='ocrx_word' id='word_1_127' title='bbox 604 1983 735 2043; x_wconf 75' lang='lat' dir='ltr'>Seruatus</span> <span class='ocrx_word' id='word_1_128' title='bbox 757 1981 850 2056; x_wconf 81' lang='lat' dir='ltr'>Dens,</span> <span class='ocrx_word' id='word_1_129' title='bbox 872 1980 1003 2041; x_wconf 80' lang='lat' dir='ltr'>Serretes</span> <span class='ocrx_word' id='word_1_130' title='bbox 1022 1981 1125 2058; x_wconf 77' lang='lat' dir='ltr'>sortia,</span> <span class='ocrx_word' id='word_1_131' title='bbox 1148 1981 1280 2043; x_wconf 75' lang='lat' dir='ltr'>Sentetes</span> <span class='ocrx_word' id='word_1_132' title='bbox 1301 1983 1481 2044; x_wconf 77' lang='lat' dir='ltr'>inanior-talis</span> <span class='ocrx_word' id='word_1_133' title='bbox 1502 1983 1647 2042; x_wconf 82' lang='lat' dir='ltr'>rniaerere</span> <span class='ocrx_word' id='word_1_134' title='bbox 1668 1982 1765 2044; x_wconf 82' lang='lat' dir='ltr'>nohis.</span> <span class='ocrx_word' id='word_1_135' title='bbox 1810 1981 1977 2060; x_wconf 75' lang='lat' dir='ltr'>tacebitne,</span> 
     </span>
     <span class='ocr_line' id='line_1_22' title="bbox 602 2079 1977 2160; baseline 0 -17"><span class='ocrx_word' id='word_1_136' title='bbox 602 2091 663 2143; x_wconf 92' lang='lat' dir='ltr'>tam</span> <span class='ocrx_word' id='word_1_137' title='bbox 693 2080 831 2160; x_wconf 86' lang='lat' dir='ltr'>Coptitae</span> <span class='ocrx_word' id='word_1_138' title='bbox 854 2097 941 2159; x_wconf 79' lang='lat' dir='ltr'>quarm</span> <span class='ocrx_word' id='word_1_139' title='bbox 970 2079 1040 2159; x_wconf 82' lang='lat' dir='ltr'>Syri</span> <span class='ocrx_word' id='word_1_140' title='bbox 1067 2079 1196 2157; x_wconf 88' lang='lat' dir='ltr'>addunt,</span> <span class='ocrx_word' id='word_1_141' title='bbox 1227 2081 1288 2155; x_wconf 78' lang='lat' dir='ltr'>(iai</span> <span class='ocrx_word' id='word_1_142' title='bbox 1317 2083 1481 2159; x_wconf 77' lang='lat' dir='ltr'>errreifiaars</span> <span class='ocrx_word' id='word_1_143' title='bbox 1509 2101 1542 2140; x_wconf 82' lang='lat' dir='ltr'>es</span> <span class='ocrx_word' id='word_1_144' title='bbox 1568 2098 1626 2159; x_wconf 89' lang='lat' dir='ltr'>pro</span> <span class='ocrx_word' id='word_1_145' title='bbox 1656 2081 1760 2158; x_wconf 79' lang='lat' dir='ltr'>arabia,</span> <span class='ocrx_word' id='word_1_146' title='bbox 1790 2079 1977 2143; x_wconf 85' lang='lat' dir='ltr'>Orthodoxis</span> 
     </span>
     <span class='ocr_line' id='line_1_23' title="bbox 602 2178 1978 2259; baseline 0 -17"><span class='ocrx_word' id='word_1_147' title='bbox 602 2180 852 2255; x_wconf 82' lang='lat' dir='ltr'>reclamantibus,</span> <span class='ocrx_word' id='word_1_148' title='bbox 882 2195 942 2238; x_wconf 92' lang='lat' dir='ltr'>non</span> <span class='ocrx_word' id='word_1_149' title='bbox 970 2178 1066 2240; x_wconf 80' lang='lat' dir='ltr'>otiatus</span> <span class='ocrx_word' id='word_1_150' title='bbox 1097 2197 1184 2257; x_wconf 77' lang='lat' dir='ltr'>apuam</span> <span class='ocrx_word' id='word_1_151' title='bbox 1208 2178 1394 2242; x_wconf 81' lang='lat' dir='ltr'>Nestorianis</span> <span class='ocrx_word' id='word_1_152' title='bbox 1423 2181 1600 2259; x_wconf 83' lang='lat' dir='ltr'>inquorum</span> <span class='ocrx_word' id='word_1_153' title='bbox 1625 2179 1709 2240; x_wconf 89' lang='lat' dir='ltr'>libris</span> <span class='ocrx_word' id='word_1_154' title='bbox 1732 2181 1798 2240; x_wconf 89' lang='lat' dir='ltr'>sine</span> <span class='ocrx_word' id='word_1_155' title='bbox 1822 2179 1978 2242; x_wconf 85' lang='lat' dir='ltr'>additione</span> 
     </span>
     <span class='ocr_line' id='line_1_24' title="bbox 603 2276 1979 2362; baseline -0.001 -21"><span class='ocrx_word' id='word_1_156' title='bbox 603 2280 730 2362; x_wconf 87' lang='lat' dir='ltr'>legitur:</span> <span class='ocrx_word' id='word_1_157' title='bbox 760 2287 792 2339; x_wconf 91' lang='lat' dir='ltr'>ut</span> <span class='ocrx_word' id='word_1_158' title='bbox 814 2280 903 2339; x_wconf 88' lang='lat' dir='ltr'>etiam</span> <span class='ocrx_word' id='word_1_159' title='bbox 927 2285 1053 2338; x_wconf 88' lang='lat' dir='ltr'>testatur</span> <span class='ocrx_word' id='word_1_160' title='bbox 1075 2276 1185 2338; x_wconf 77' lang='lat' dir='ltr'>almrns</span> <span class='ocrx_word' id='word_1_161' title='bbox 1208 2278 1338 2339; x_wconf 88' lang='lat' dir='ltr'>hlathaei</span> <span class='ocrx_word' id='word_1_162' title='bbox 1362 2278 1453 2355; x_wconf 80' lang='lat' dir='ltr'>illins,</span> <span class='ocrx_word' id='word_1_163' title='bbox 1477 2278 1562 2358; x_wconf 89' lang='lat' dir='ltr'>cujus</span> <span class='ocrx_word' id='word_1_164' title='bbox 1587 2279 1789 2341; x_wconf 91' lang='lat' dir='ltr'>testimonium</span> <span class='ocrx_word' id='word_1_165' title='bbox 1814 2278 1883 2340; x_wconf 92' lang='lat' dir='ltr'>laco</span> <span class='ocrx_word' id='word_1_166' title='bbox 1906 2296 1979 2341; x_wconf 87' lang='lat' dir='ltr'>mox</span> 
     </span>
     <span class='ocr_line' id='line_1_25' title="bbox 602 2375 1979 2457; baseline -0.002 -16"><span class='ocrx_word' id='word_1_167' title='bbox 602 2379 694 2441; x_wconf 88' lang='lat' dir='ltr'>citato</span> <span class='ocrx_word' id='word_1_168' title='bbox 718 2377 881 2441; x_wconf 82' lang='lat' dir='ltr'>retulimus</span> <span class='ocrx_word' id='word_1_169' title='bbox 927 2376 954 2439; x_wconf 91' lang='lat' dir='ltr'>ls</span> <span class='ocrx_word' id='word_1_170' title='bbox 978 2395 1070 2457; x_wconf 91' lang='lat' dir='ltr'>porro</span> <span class='ocrx_word' id='word_1_171' title='bbox 1096 2396 1135 2437; x_wconf 84' lang='lat' dir='ltr'>ex</span> <span class='ocrx_word' id='word_1_172' title='bbox 1158 2377 1281 2438; x_wconf 92' lang='lat' dir='ltr'>historia</span> <span class='ocrx_word' id='word_1_173' title='bbox 1296 2375 1387 2438; x_wconf 89' lang='lat' dir='ltr'>liaris</span> <span class='ocrx_word' id='word_1_174' title='bbox 1412 2377 1462 2438; x_wconf 91' lang='lat' dir='ltr'>lilii</span> <span class='ocrx_word' id='word_1_175' title='bbox 1480 2375 1657 2454; x_wconf 89' lang='lat' dir='ltr'>Salomonis,</span> <span class='ocrx_word' id='word_1_176' title='bbox 1681 2395 1741 2438; x_wconf 91' lang='lat' dir='ltr'>non</span> <span class='ocrx_word' id='word_1_177' title='bbox 1757 2378 1877 2439; x_wconf 88' lang='lat' dir='ltr'>Petram</span> <span class='ocrx_word' id='word_1_178' title='bbox 1893 2375 1979 2438; x_wconf 91' lang='lat' dir='ltr'>Gna-</span> 
     </span>
     <span class='ocr_line' id='line_1_26' title="bbox 601 2474 1978 2558; baseline -0.001 -21"><span class='ocrx_word' id='word_1_179' title='bbox 601 2477 723 2558; x_wconf 90' lang='lat' dir='ltr'>pheum,</span> <span class='ocrx_word' id='word_1_180' title='bbox 746 2478 802 2539; x_wconf 91' lang='lat' dir='ltr'>sed</span> <span class='ocrx_word' id='word_1_181' title='bbox 812 2477 993 2557; x_wconf 89' lang='lat' dir='ltr'>Episcopum</span> <span class='ocrx_word' id='word_1_182' title='bbox 1017 2474 1245 2556; x_wconf 79' lang='lat' dir='ltr'>hlcnhigcnsem</span> <span class='ocrx_word' id='word_1_183' title='bbox 1268 2477 1333 2537; x_wconf 82' lang='lat' dir='ltr'>sire</span> <span class='ocrx_word' id='word_1_184' title='bbox 1348 2475 1612 2556; x_wconf 81' lang='lat' dir='ltr'>hierapolitanum,</span> <span class='ocrx_word' id='word_1_185' title='bbox 1636 2475 1754 2538; x_wconf 84' lang='lat' dir='ltr'>scilicet</span> <span class='ocrx_word' id='word_1_186' title='bbox 1768 2476 1978 2552; x_wconf 81' lang='lat' dir='ltr'>Philoxenum,</span> 
     </span>
     <span class='ocr_line' id='line_1_27' title="bbox 603 2574 1979 2652; baseline -0.001 -14"><span class='ocrx_word' id='word_1_187' title='bbox 603 2585 738 2639; x_wconf 88' lang='lat' dir='ltr'>autorem</span> <span class='ocrx_word' id='word_1_188' title='bbox 762 2577 847 2639; x_wconf 91' lang='lat' dir='ltr'>istius</span> <span class='ocrx_word' id='word_1_189' title='bbox 871 2576 1029 2638; x_wconf 77' lang='lat' dir='ltr'>additionis</span> <span class='ocrx_word' id='word_1_190' title='bbox 1054 2575 1147 2636; x_wconf 85' lang='lat' dir='ltr'>laissa</span> <span class='ocrx_word' id='word_1_191' title='bbox 1170 2577 1290 2652; x_wconf 84' lang='lat' dir='ltr'>scribit,</span> <span class='ocrx_word' id='word_1_192' title='bbox 1314 2595 1354 2638; x_wconf 83' lang='lat' dir='ltr'>ex</span> <span class='ocrx_word' id='word_1_193' title='bbox 1376 2592 1497 2636; x_wconf 90' lang='lat' dir='ltr'>snorum</span> <span class='ocrx_word' id='word_1_194' title='bbox 1522 2575 1690 2636; x_wconf 88' lang='lat' dir='ltr'>traditione.</span> <span class='ocrx_word' id='word_1_195' title='bbox 1734 2574 1794 2636; x_wconf 76' lang='lat' dir='ltr'>atti</span> <span class='ocrx_word' id='word_1_196' title='bbox 1817 2574 1979 2638; x_wconf 90' lang='lat' dir='ltr'>additionis</span> 
     </span>
     <span class='ocr_line' id='line_1_28' title="bbox 602 2673 1979 2755; baseline 0 -17"><span class='ocrx_word' id='word_1_197' title='bbox 602 2683 737 2738; x_wconf 90' lang='lat' dir='ltr'>autorem</span> <span class='ocrx_word' id='word_1_198' title='bbox 753 2677 873 2738; x_wconf 91' lang='lat' dir='ltr'>Petrum</span> <span class='ocrx_word' id='word_1_199' title='bbox 887 2675 1063 2755; x_wconf 89' lang='lat' dir='ltr'>Gnapheum</span> <span class='ocrx_word' id='word_1_200' title='bbox 1079 2675 1173 2736; x_wconf 89' lang='lat' dir='ltr'>luisse</span> <span class='ocrx_word' id='word_1_201' title='bbox 1188 2676 1299 2751; x_wconf 90' lang='lat' dir='ltr'>dieunt,</span> <span class='ocrx_word' id='word_1_202' title='bbox 1324 2674 1530 2736; x_wconf 81' lang='lat' dir='ltr'>Antiochenae</span> <span class='ocrx_word' id='word_1_203' title='bbox 1546 2673 1627 2736; x_wconf 89' lang='lat' dir='ltr'>sedis</span> <span class='ocrx_word' id='word_1_204' title='bbox 1640 2676 1824 2752; x_wconf 84' lang='lat' dir='ltr'>invasorem,</span> <span class='ocrx_word' id='word_1_205' title='bbox 1848 2692 1979 2754; x_wconf 86' lang='lat' dir='ltr'>eamque</span> 
     </span>
     <span class='ocr_line' id='line_1_29' title="bbox 602 2773 1980 2853; baseline -0.002 -15"><span class='ocrx_word' id='word_1_206' title='bbox 602 2776 709 2838; x_wconf 80' lang='lat' dir='ltr'>cellatis</span> <span class='ocrx_word' id='word_1_207' title='bbox 733 2777 795 2837; x_wconf 88' lang='lat' dir='ltr'>suis</span> <span class='ocrx_word' id='word_1_208' title='bbox 819 2775 1014 2835; x_wconf 85' lang='lat' dir='ltr'>corrirrmasse</span> <span class='ocrx_word' id='word_1_209' title='bbox 1037 2774 1228 2835; x_wconf 76' lang='lat' dir='ltr'>Anastasium</span> <span class='ocrx_word' id='word_1_210' title='bbox 1251 2774 1466 2853; x_wconf 88' lang='lat' dir='ltr'>imperatorem</span> <span class='ocrx_word' id='word_1_211' title='bbox 1489 2773 1707 2853; x_wconf 72' lang='lat' dir='ltr'>hlonoplrpsilis</span> <span class='ocrx_word' id='word_1_212' title='bbox 1731 2773 1980 2853; x_wconf 87' lang='lat' dir='ltr'>addictissimum,</span> 
     </span>
     <span class='ocr_line' id='line_1_30' title="bbox 603 2873 1980 2955; baseline -0.001 -20"><span class='ocrx_word' id='word_1_213' title='bbox 603 2883 635 2936; x_wconf 93' lang='lat' dir='ltr'>nt</span> <span class='ocrx_word' id='word_1_214' title='bbox 658 2875 768 2955; x_wconf 84' lang='lat' dir='ltr'>legitur</span> <span class='ocrx_word' id='word_1_215' title='bbox 786 2875 864 2954; x_wconf 91' lang='lat' dir='ltr'>apud</span> <span class='ocrx_word' id='word_1_216' title='bbox 881 2873 1120 2952; x_wconf 79' lang='lat' dir='ltr'>Alurllaraginrn,</span> <span class='ocrx_word' id='word_1_217' title='bbox 1135 2874 1188 2934; x_wconf 88' lang='lat' dir='ltr'>sed</span> <span class='ocrx_word' id='word_1_218' title='bbox 1205 2873 1352 2934; x_wconf 91' lang='lat' dir='ltr'>seditione.</span> <span class='ocrx_word' id='word_1_219' title='bbox 1370 2873 1471 2952; x_wconf 78' lang='lat' dir='ltr'>prtptnli</span> <span class='ocrx_word' id='word_1_220' title='bbox 1486 2880 1664 2934; x_wconf 89' lang='lat' dir='ltr'>commotum</span> <span class='ocrx_word' id='word_1_221' title='bbox 1680 2873 1840 2936; x_wconf 80' lang='lat' dir='ltr'>destitisse.</span> <span class='ocrx_word' id='word_1_222' title='bbox 1864 2875 1980 2942; x_wconf 76' lang='lat' dir='ltr'>Veram</span> 
     </span>
     <span class='ocr_line' id='line_1_31' title="bbox 603 2971 1982 3055; baseline 0 -20"><span class='ocrx_word' id='word_1_223' title='bbox 603 2993 681 3055; x_wconf 78' lang='lat' dir='ltr'>qtrarc</span> <span class='ocrx_word' id='word_1_224' title='bbox 704 2973 821 3035; x_wconf 86' lang='lat' dir='ltr'>illoram</span> <span class='ocrx_word' id='word_1_225' title='bbox 847 2981 1012 3052; x_wconf 83' lang='lat' dir='ltr'>letttportttn</span> <span class='ocrx_word' id='word_1_226' title='bbox 1036 2972 1188 3034; x_wconf 91' lang='lat' dir='ltr'>historiam</span> <span class='ocrx_word' id='word_1_227' title='bbox 1212 2979 1361 3052; x_wconf 87' lang='lat' dir='ltr'>spectant,</span> <span class='ocrx_word' id='word_1_228' title='bbox 1385 2992 1401 3033; x_wconf 93' lang='lat' dir='ltr'>a</span> <span class='ocrx_word' id='word_1_229' title='bbox 1425 2971 1548 3033; x_wconf 88' lang='lat' dir='ltr'>Graecis</span> <span class='ocrx_word' id='word_1_230' title='bbox 1572 2973 1682 3050; x_wconf 76' lang='lat' dir='ltr'>penius,</span> <span class='ocrx_word' id='word_1_231' title='bbox 1707 2991 1793 3050; x_wconf 90' lang='lat' dir='ltr'>quam</span> <span class='ocrx_word' id='word_1_232' title='bbox 1816 2971 1853 3034; x_wconf 90' lang='lat' dir='ltr'>ab</span> <span class='ocrx_word' id='word_1_233' title='bbox 1875 2971 1982 3035; x_wconf 82' lang='lat' dir='ltr'>Aulo-</span> 
     </span>
     <span class='ocr_line' id='line_1_32' title="bbox 602 3070 1979 3153; baseline 0 -18"><span class='ocrx_word' id='word_1_234' title='bbox 602 3075 686 3135; x_wconf 87' lang='lat' dir='ltr'>rihus</span> <span class='ocrx_word' id='word_1_235' title='bbox 710 3075 759 3153; x_wconf 90' lang='lat' dir='ltr'>qui</span> <span class='ocrx_word' id='word_1_236' title='bbox 783 3072 913 3133; x_wconf 78' lang='lat' dir='ltr'>Arabico</span> <span class='ocrx_word' id='word_1_237' title='bbox 937 3079 985 3132; x_wconf 80' lang='lat' dir='ltr'>aad</span> <span class='ocrx_word' id='word_1_238' title='bbox 1010 3072 1132 3152; x_wconf 72' lang='lat' dir='ltr'>Syriaco</span> <span class='ocrx_word' id='word_1_239' title='bbox 1160 3073 1346 3151; x_wconf 90' lang='lat' dir='ltr'>scripserant</span> <span class='ocrx_word' id='word_1_240' title='bbox 1374 3070 1505 3150; x_wconf 79' lang='lat' dir='ltr'>ptctcrrda</span> <span class='ocrx_word' id='word_1_241' title='bbox 1534 3078 1620 3132; x_wconf 93' lang='lat' dir='ltr'>sunl:</span> <span class='ocrx_word' id='word_1_242' title='bbox 1652 3089 1749 3150; x_wconf 86' lang='lat' dir='ltr'>neque</span> <span class='ocrx_word' id='word_1_243' title='bbox 1778 3071 1875 3132; x_wconf 88' lang='lat' dir='ltr'>lrandi</span> <span class='ocrx_word' id='word_1_244' title='bbox 1906 3089 1979 3135; x_wconf 86' lang='lat' dir='ltr'>esse</span> 
     </span>
     <span class='ocr_line' id='line_1_33' title="bbox 603 3169 1983 3251; baseline -0.001 -17"><span class='ocrx_word' id='word_1_245' title='bbox 603 3173 714 3234; x_wconf 89' lang='lat' dir='ltr'>dehent</span> <span class='ocrx_word' id='word_1_246' title='bbox 734 3175 838 3233; x_wconf 90' lang='lat' dir='ltr'>inanes</span> <span class='ocrx_word' id='word_1_247' title='bbox 855 3172 1049 3251; x_wconf 90' lang='lat' dir='ltr'>quorumdam</span> <span class='ocrx_word' id='word_1_248' title='bbox 1073 3172 1215 3232; x_wconf 85' lang='lat' dir='ltr'>librorum</span> <span class='ocrx_word' id='word_1_249' title='bbox 1240 3171 1277 3232; x_wconf 91' lang='lat' dir='ltr'>dc</span> <span class='ocrx_word' id='word_1_250' title='bbox 1298 3170 1512 3232; x_wconf 79' lang='lat' dir='ltr'>Ecclesiastico</span> <span class='ocrx_word' id='word_1_251' title='bbox 1534 3169 1658 3230; x_wconf 91' lang='lat' dir='ltr'>historia</span> <span class='ocrx_word' id='word_1_252' title='bbox 1683 3169 1766 3246; x_wconf 90' lang='lat' dir='ltr'>tituli,</span> <span class='ocrx_word' id='word_1_253' title='bbox 1785 3171 1871 3250; x_wconf 87' lang='lat' dir='ltr'>quasi</span> <span class='ocrx_word' id='word_1_254' title='bbox 1887 3169 1983 3250; x_wconf 86' lang='lat' dir='ltr'>quid-</span> 
     </span>
     <span class='ocr_line' id='line_1_34' title="bbox 603 3269 1979 3354; baseline -0.001 -20"><span class='ocrx_word' id='word_1_255' title='bbox 603 3273 827 3354; x_wconf 86' lang='lat' dir='ltr'>quarnGraceis</span> <span class='ocrx_word' id='word_1_256' title='bbox 850 3279 899 3332; x_wconf 90' lang='lat' dir='ltr'>ant</span> <span class='ocrx_word' id='word_1_257' title='bbox 915 3271 1028 3332; x_wconf 88' lang='lat' dir='ltr'>Latinis</span> <span class='ocrx_word' id='word_1_258' title='bbox 1052 3271 1235 3352; x_wconf 87' lang='lat' dir='ltr'>incognitum</span> <span class='ocrx_word' id='word_1_259' title='bbox 1259 3271 1372 3332; x_wconf 80' lang='lat' dir='ltr'>docem</span> <span class='ocrx_word' id='word_1_260' title='bbox 1394 3287 1451 3329; x_wconf 93' lang='lat' dir='ltr'>nos</span> <span class='ocrx_word' id='word_1_261' title='bbox 1475 3269 1608 3349; x_wconf 85' lang='lat' dir='ltr'>possint:</span> <span class='ocrx_word' id='word_1_262' title='bbox 1632 3287 1699 3330; x_wconf 90' lang='lat' dir='ltr'>enm</span> <span class='ocrx_word' id='word_1_263' title='bbox 1722 3277 1788 3330; x_wconf 92' lang='lat' dir='ltr'>acta</span> <span class='ocrx_word' id='word_1_264' title='bbox 1812 3279 1842 3332; x_wconf 91' lang='lat' dir='ltr'>et</span> <span class='ocrx_word' id='word_1_265' title='bbox 1858 3271 1979 3332; x_wconf 86' lang='lat' dir='ltr'>instru-</span> 
     </span>
     <span class='ocr_line' id='line_1_35' title="bbox 602 3367 1980 3450; baseline -0.002 -15"><span class='ocrx_word' id='word_1_266' title='bbox 602 3383 700 3436; x_wconf 90' lang='lat' dir='ltr'>menta</span> <span class='ocrx_word' id='word_1_267' title='bbox 716 3372 849 3434; x_wconf 80' lang='lat' dir='ltr'>Arabiae</span> <span class='ocrx_word' id='word_1_268' title='bbox 865 3378 913 3433; x_wconf 91' lang='lat' dir='ltr'>ant</span> <span class='ocrx_word' id='word_1_269' title='bbox 927 3371 1064 3450; x_wconf 71' lang='lat' dir='ltr'>Syriaco,</span> <span class='ocrx_word' id='word_1_270' title='bbox 1089 3379 1211 3449; x_wconf 88' lang='lat' dir='ltr'>praeter</span> <span class='ocrx_word' id='word_1_271' title='bbox 1223 3371 1412 3448; x_wconf 85' lang='lat' dir='ltr'>paneissirna,</span> <span class='ocrx_word' id='word_1_272' title='bbox 1430 3370 1481 3430; x_wconf 85' lang='lat' dir='ltr'>rix</span> <span class='ocrx_word' id='word_1_273' title='bbox 1495 3368 1554 3430; x_wconf 91' lang='lat' dir='ltr'>ulla</span> <span class='ocrx_word' id='word_1_274' title='bbox 1568 3376 1680 3430; x_wconf 82' lang='lat' dir='ltr'>extent.</span> <span class='ocrx_word' id='word_1_275' title='bbox 1704 3367 1807 3448; x_wconf 87' lang='lat' dir='ltr'>ltaque</span> <span class='ocrx_word' id='word_1_276' title='bbox 1818 3368 1980 3432; x_wconf 89' lang='lat' dir='ltr'>Jacobitae</span> 
     </span>
     <span class='ocr_line' id='line_1_36' title="bbox 601 3467 1982 3554; baseline -0.002 -21"><span class='ocrx_word' id='word_1_277' title='bbox 601 3471 761 3554; x_wconf 74' lang='lat' dir='ltr'>Aegyplii,</span> <span class='ocrx_word' id='word_1_278' title='bbox 793 3489 851 3530; x_wconf 92' lang='lat' dir='ltr'>non</span> <span class='ocrx_word' id='word_1_279' title='bbox 875 3472 970 3530; x_wconf 80' lang='lat' dir='ltr'>inlitus</span> <span class='ocrx_word' id='word_1_280' title='bbox 994 3487 1081 3549; x_wconf 77' lang='lat' dir='ltr'>apuam</span> <span class='ocrx_word' id='word_1_281' title='bbox 1105 3470 1189 3548; x_wconf 74' lang='lat' dir='ltr'>Syri,</span> <span class='ocrx_word' id='word_1_282' title='bbox 1214 3470 1237 3529; x_wconf 85' lang='grc' dir='ltr'><strong>Τ</strong></span> <span class='ocrx_word' id='word_1_283' title='bbox 1240 3469 1381 3548; x_wconf 79' lang='lat' dir='ltr'>risagium</span> <span class='ocrx_word' id='word_1_284' title='bbox 1406 3469 1559 3549; x_wconf 76' lang='lat' dir='ltr'>hymnum,</span> <span class='ocrx_word' id='word_1_285' title='bbox 1585 3474 1616 3528; x_wconf 86' lang='lat' dir='ltr'>ut</span> <span class='ocrx_word' id='word_1_286' title='bbox 1642 3467 1719 3547; x_wconf 87' lang='lat' dir='ltr'>apud</span> <span class='ocrx_word' id='word_1_287' title='bbox 1744 3484 1799 3529; x_wconf 85' lang='lat' dir='ltr'>eos</span> <span class='ocrx_word' id='word_1_288' title='bbox 1821 3470 1982 3548; x_wconf 79' lang='lat' dir='ltr'>recitatur,</span> 
     </span>
     <span class='ocr_line' id='line_1_37' title="bbox 601 3565 1982 3647; baseline 0.001 -16"><span class='ocrx_word' id='word_1_289' title='bbox 601 3570 783 3631; x_wconf 85' lang='lat' dir='ltr'>additionem</span> <span class='ocrx_word' id='word_1_290' title='bbox 813 3569 890 3628; x_wconf 91' lang='lat' dir='ltr'>illius</span> <span class='ocrx_word' id='word_1_291' title='bbox 919 3568 1099 3647; x_wconf 86' lang='lat' dir='ltr'>particulae,</span> <span class='ocrx_word' id='word_1_292' title='bbox 1130 3571 1182 3647; x_wconf 74' lang='lat' dir='ltr'>prii</span> <span class='ocrx_word' id='word_1_293' title='bbox 1203 3569 1368 3646; x_wconf 77' lang='lat' dir='ltr'>crncifiras</span> <span class='ocrx_word' id='word_1_294' title='bbox 1390 3588 1423 3628; x_wconf 85' lang='lat' dir='ltr'>es</span> <span class='ocrx_word' id='word_1_295' title='bbox 1442 3588 1498 3646; x_wconf 88' lang='lat' dir='ltr'>pro</span> <span class='ocrx_word' id='word_1_296' title='bbox 1521 3567 1624 3641; x_wconf 80' lang='lat' dir='ltr'>arabis,</span> <span class='ocrx_word' id='word_1_297' title='bbox 1658 3565 1694 3626; x_wconf 88' lang='lat' dir='ltr'>ab</span> <span class='ocrx_word' id='word_1_298' title='bbox 1723 3567 1806 3628; x_wconf 86' lang='lat' dir='ltr'>initio</span> <span class='ocrx_word' id='word_1_299' title='bbox 1835 3566 1982 3632; x_wconf 84' lang='lat' dir='ltr'>habuisse</span> 
     </span>
     <span class='ocr_line' id='line_1_38' title="bbox 603 3668 782 3732; baseline 0.017 -3"><span class='ocrx_word' id='word_1_300' title='bbox 603 3668 782 3732; x_wconf 86' lang='lat' dir='ltr'>existimant.</span> 
     </span>
    </p>

    <p class='ocr_par' dir='ltr' id='par_1_9' title="bbox 602 3764 1986 5324">
     <span class='ocr_line' id='line_1_39' title="bbox 689 3764 1981 3847; baseline 0.002 -19"><span class='ocrx_word' id='word_1_301' title='bbox 689 3767 859 3828; x_wconf 76' lang='lat' dir='ltr'>Accusatus</span> <span class='ocrx_word' id='word_1_302' title='bbox 883 3773 929 3827; x_wconf 83' lang='lat' dir='ltr'>est.</span> <span class='ocrx_word' id='word_1_303' title='bbox 953 3764 1066 3826; x_wconf 87' lang='lat' dir='ltr'>ideireo</span> <span class='ocrx_word' id='word_1_304' title='bbox 1083 3764 1119 3825; x_wconf 91' lang='lat' dir='ltr'>ah</span> <span class='ocrx_word' id='word_1_305' title='bbox 1135 3765 1320 3828; x_wconf 82' lang='lat' dir='ltr'>Orthodoxis</span> <span class='ocrx_word' id='word_1_306' title='bbox 1332 3767 1436 3828; x_wconf 88' lang='lat' dir='ltr'>l&#39;ctrus</span> <span class='ocrx_word' id='word_1_307' title='bbox 1454 3766 1617 3846; x_wconf 89' lang='lat' dir='ltr'>Gnapheas</span> <span class='ocrx_word' id='word_1_308' title='bbox 1642 3775 1781 3847; x_wconf 86' lang='lat' dir='ltr'>tanquam</span> <span class='ocrx_word' id='word_1_309' title='bbox 1804 3766 1981 3846; x_wconf 83' lang='lat' dir='ltr'>passionem</span> 
     </span>
     <span class='ocr_line' id='line_1_40' title="bbox 602 3864 1981 3944; baseline 0.001 -18"><span class='ocrx_word' id='word_1_310' title='bbox 602 3867 631 3926; x_wconf 92' lang='lat' dir='ltr'>in</span> <span class='ocrx_word' id='word_1_311' title='bbox 656 3865 771 3928; x_wconf 82' lang='lat' dir='ltr'>divinas</span> <span class='ocrx_word' id='word_1_312' title='bbox 802 3865 954 3926; x_wconf 70' lang='lat' dir='ltr'>&#39;ieiunitatis</span> <span class='ocrx_word' id='word_1_313' title='bbox 978 3882 1125 3944; x_wconf 90' lang='lat' dir='ltr'>personas</span> <span class='ocrx_word' id='word_1_314' title='bbox 1148 3864 1320 3943; x_wconf 82' lang='lat' dir='ltr'>induceret,</span> <span class='ocrx_word' id='word_1_315' title='bbox 1352 3873 1382 3925; x_wconf 90' lang='lat' dir='ltr'>et</span> <span class='ocrx_word' id='word_1_316' title='bbox 1405 3885 1470 3926; x_wconf 85' lang='lat' dir='ltr'>earn</span> <span class='ocrx_word' id='word_1_317' title='bbox 1494 3867 1715 3928; x_wconf 88' lang='lat' dir='ltr'>accusationem</span> <span class='ocrx_word' id='word_1_318' title='bbox 1736 3865 1806 3928; x_wconf 92' lang='lat' dir='ltr'>olim</span> <span class='ocrx_word' id='word_1_319' title='bbox 1822 3865 1981 3930; x_wconf 88' lang='lat' dir='ltr'>aGraecis</span> 
     </span>
     <span class='ocr_line' id='line_1_41' title="bbox 603 3963 1982 4046; baseline 0.001 -20"><span class='ocrx_word' id='word_1_320' title='bbox 603 3975 786 4046; x_wconf 85' lang='lat' dir='ltr'>susceptam,</span> <span class='ocrx_word' id='word_1_321' title='bbox 811 3964 880 4044; x_wconf 81' lang='lat' dir='ltr'>Syri</span> <span class='ocrx_word' id='word_1_322' title='bbox 903 3963 1083 4042; x_wconf 88' lang='lat' dir='ltr'>etCoptitac</span> <span class='ocrx_word' id='word_1_323' title='bbox 1105 3983 1170 4025; x_wconf 92' lang='lat' dir='ltr'>cum</span> <span class='ocrx_word' id='word_1_324' title='bbox 1195 3965 1289 4026; x_wconf 87' lang='lat' dir='ltr'>adse</span> <span class='ocrx_word' id='word_1_325' title='bbox 1314 3966 1491 4045; x_wconf 81' lang='lat' dir='ltr'>pertineret,</span> <span class='ocrx_word' id='word_1_326' title='bbox 1516 3965 1671 4044; x_wconf 88' lang='lat' dir='ltr'>depellere</span> <span class='ocrx_word' id='word_1_327' title='bbox 1695 3981 1755 4026; x_wconf 92' lang='lat' dir='ltr'>non</span> <span class='ocrx_word' id='word_1_328' title='bbox 1779 3966 1844 4026; x_wconf 91' lang='lat' dir='ltr'>unis</span> <span class='ocrx_word' id='word_1_329' title='bbox 1868 3965 1982 4046; x_wconf 89' lang='lat' dir='ltr'>apolo-</span> 
     </span>
     <span class='ocr_line' id='line_1_42' title="bbox 603 4063 1980 4146; baseline 0.002 -21"><span class='ocrx_word' id='word_1_330' title='bbox 603 4066 661 4146; x_wconf 84' lang='lat' dir='ltr'>glis</span> <span class='ocrx_word' id='word_1_331' title='bbox 685 4066 785 4127; x_wconf 91' lang='lat' dir='ltr'>conati</span> <span class='ocrx_word' id='word_1_332' title='bbox 807 4073 884 4127; x_wconf 79' lang='lat' dir='ltr'>sura.</span> <span class='ocrx_word' id='word_1_333' title='bbox 930 4064 1086 4142; x_wconf 84' lang='lat' dir='ltr'>l‘raeeipni</span> <span class='ocrx_word' id='word_1_334' title='bbox 1116 4065 1193 4124; x_wconf 93' lang='lat' dir='ltr'>inter</span> <span class='ocrx_word' id='word_1_335' title='bbox 1222 4063 1317 4144; x_wconf 77' lang='lat' dir='ltr'>Syros</span> <span class='ocrx_word' id='word_1_336' title='bbox 1350 4064 1405 4125; x_wconf 89' lang='lat' dir='ltr'>hoc</span> <span class='ocrx_word' id='word_1_337' title='bbox 1437 4065 1578 4145; x_wconf 74' lang='lat' dir='ltr'>aggressi</span> <span class='ocrx_word' id='word_1_338' title='bbox 1608 4071 1676 4124; x_wconf 90' lang='lat' dir='ltr'>sunt</span> <span class='ocrx_word' id='word_1_339' title='bbox 1698 4063 1745 4125; x_wconf 89' lang='lat' dir='ltr'>lsa</span> <span class='ocrx_word' id='word_1_340' title='bbox 1770 4065 1847 4126; x_wconf 87' lang='lat' dir='ltr'>lilius</span> <span class='ocrx_word' id='word_1_341' title='bbox 1870 4065 1980 4144; x_wconf 86' lang='lat' dir='ltr'>Zaraa,</span> 
     </span>
     <span class='ocr_line' id='line_1_43' title="bbox 602 4161 1980 4243; baseline 0.003 -19"><span class='ocrx_word' id='word_1_342' title='bbox 602 4163 672 4225; x_wconf 80' lang='lat' dir='ltr'>Abu</span> <span class='ocrx_word' id='word_1_343' title='bbox 694 4163 779 4225; x_wconf 87' lang='lat' dir='ltr'>Ralla</span> <span class='ocrx_word' id='word_1_344' title='bbox 804 4163 999 4241; x_wconf 76' lang='lat' dir='ltr'>Trrhritcnsis,</span> <span class='ocrx_word' id='word_1_345' title='bbox 1027 4163 1116 4224; x_wconf 87' lang='lat' dir='ltr'>l&#39;ahia</span> <span class='ocrx_word' id='word_1_346' title='bbox 1140 4163 1216 4225; x_wconf 88' lang='lat' dir='ltr'>iilius</span> <span class='ocrx_word' id='word_1_347' title='bbox 1238 4162 1308 4239; x_wconf 71' lang='lat' dir='ltr'>heti,</span> <span class='ocrx_word' id='word_1_348' title='bbox 1332 4173 1361 4224; x_wconf 94' lang='lat' dir='ltr'>et</span> <span class='ocrx_word' id='word_1_349' title='bbox 1384 4163 1545 4241; x_wconf 77' lang='lat' dir='ltr'>Dionysius</span> <span class='ocrx_word' id='word_1_350' title='bbox 1569 4161 1731 4242; x_wconf 90' lang='lat' dir='ltr'>Barsalihi,</span> <span class='ocrx_word' id='word_1_351' title='bbox 1755 4172 1878 4243; x_wconf 89' lang='lat' dir='ltr'>praeter</span> <span class='ocrx_word' id='word_1_352' title='bbox 1900 4164 1980 4228; x_wconf 90' lang='lat' dir='ltr'>alios</span> 
     </span>
     <span class='ocr_line' id='line_1_44' title="bbox 604 4262 1981 4343; baseline 0.003 -21"><span class='ocrx_word' id='word_1_353' title='bbox 604 4265 653 4341; x_wconf 90' lang='lat' dir='ltr'>qui</span> <span class='ocrx_word' id='word_1_354' title='bbox 677 4263 744 4324; x_wconf 93' lang='lat' dir='ltr'>data</span> <span class='ocrx_word' id='word_1_355' title='bbox 769 4264 931 4324; x_wconf 70' lang='lat' dir='ltr'>trecasinae</span> <span class='ocrx_word' id='word_1_356' title='bbox 954 4264 991 4325; x_wconf 88' lang='lat' dir='ltr'>de</span> <span class='ocrx_word' id='word_1_357' title='bbox 1016 4263 1123 4325; x_wconf 89' lang='lat' dir='ltr'>eodem</span> <span class='ocrx_word' id='word_1_358' title='bbox 1147 4271 1325 4343; x_wconf 89' lang='lat' dir='ltr'>argumento</span> <span class='ocrx_word' id='word_1_359' title='bbox 1349 4264 1546 4341; x_wconf 85' lang='lat' dir='ltr'>scripserunt.</span> <span class='ocrx_word' id='word_1_360' title='bbox 1591 4262 1713 4324; x_wconf 89' lang='lat' dir='ltr'>lllorunr</span> <span class='ocrx_word' id='word_1_361' title='bbox 1738 4263 1906 4326; x_wconf 87' lang='lat' dir='ltr'>testimonia</span> <span class='ocrx_word' id='word_1_362' title='bbox 1926 4279 1981 4326; x_wconf 90' lang='lat' dir='ltr'>re-</span> 
     </span>
     <span class='ocr_line' id='line_1_45' title="bbox 602 4360 1979 4442; baseline 0.001 -19"><span class='ocrx_word' id='word_1_363' title='bbox 602 4361 723 4423; x_wconf 88' lang='lat' dir='ltr'>tulimus</span> <span class='ocrx_word' id='word_1_364' title='bbox 754 4365 782 4422; x_wconf 96' lang='lat' dir='ltr'>in</span> <span class='ocrx_word' id='word_1_365' title='bbox 814 4360 1034 4424; x_wconf 86' lang='lat' dir='ltr'>Cornnrcnlario</span> <span class='ocrx_word' id='word_1_366' title='bbox 1065 4361 1102 4422; x_wconf 94' lang='lat' dir='ltr'>ad</span> <span class='ocrx_word' id='word_1_367' title='bbox 1133 4361 1275 4442; x_wconf 88' lang='lat' dir='ltr'>Coptieas</span> <span class='ocrx_word' id='word_1_368' title='bbox 1304 4363 1464 4442; x_wconf 82' lang='lat' dir='ltr'>liturgias.</span> <span class='ocrx_word' id='word_1_369' title='bbox 1510 4361 1646 4424; x_wconf 87' lang='lat' dir='ltr'>Omnium</span> <span class='ocrx_word' id='word_1_370' title='bbox 1674 4381 1749 4424; x_wconf 80' lang='lat' dir='ltr'>vero</span> <span class='ocrx_word' id='word_1_371' title='bbox 1771 4361 1979 4426; x_wconf 79' lang='lat' dir='ltr'>tarantarum</span> 
     </span>
     <span class='ocr_line' id='line_1_46' title="bbox 603 4461 1979 4542; baseline -0.001 -18"><span class='ocrx_word' id='word_1_372' title='bbox 603 4463 751 4524; x_wconf 87' lang='lat' dir='ltr'>sententia</span> <span class='ocrx_word' id='word_1_373' title='bbox 774 4479 833 4522; x_wconf 85' lang='lat' dir='ltr'>utra</span> <span class='ocrx_word' id='word_1_374' title='bbox 855 4472 917 4524; x_wconf 89' lang='lat' dir='ltr'>est:</span> <span class='ocrx_word' id='word_1_375' title='bbox 942 4463 1034 4523; x_wconf 84' lang='lat' dir='ltr'>rerha</span> <span class='ocrx_word' id='word_1_376' title='bbox 1056 4461 1245 4542; x_wconf 81' lang='lat' dir='ltr'>Doxologiac</span> <span class='ocrx_word' id='word_1_377' title='bbox 1269 4463 1346 4525; x_wconf 90' lang='lat' dir='ltr'>illins</span> <span class='ocrx_word' id='word_1_378' title='bbox 1362 4481 1423 4523; x_wconf 78' lang='lat' dir='ltr'>nrtn</span> <span class='ocrx_word' id='word_1_379' title='bbox 1446 4462 1482 4523; x_wconf 90' lang='lat' dir='ltr'>ad</span> <span class='ocrx_word' id='word_1_380' title='bbox 1495 4462 1678 4540; x_wconf 86' lang='lat' dir='ltr'>Trinitatem,</span> <span class='ocrx_word' id='word_1_381' title='bbox 1703 4462 1757 4524; x_wconf 88' lang='lat' dir='ltr'>sed</span> <span class='ocrx_word' id='word_1_382' title='bbox 1771 4462 1808 4524; x_wconf 89' lang='lat' dir='ltr'>ad</span> <span class='ocrx_word' id='word_1_383' title='bbox 1825 4461 1979 4525; x_wconf 87' lang='lat' dir='ltr'>Christum</span> 
     </span>
     <span class='ocr_line' id='line_1_47' title="bbox 604 4561 1981 4643; baseline 0.001 -20"><span class='ocrx_word' id='word_1_384' title='bbox 604 4561 730 4639; x_wconf 88' lang='lat' dir='ltr'>reierri,</span> <span class='ocrx_word' id='word_1_385' title='bbox 762 4562 842 4640; x_wconf 86' lang='lat' dir='ltr'>qnod</span> <span class='ocrx_word' id='word_1_386' title='bbox 865 4563 1028 4641; x_wconf 89' lang='lat' dir='ltr'>perspicue</span> <span class='ocrx_word' id='word_1_387' title='bbox 1051 4563 1220 4642; x_wconf 80' lang='lat' dir='ltr'>significant</span> <span class='ocrx_word' id='word_1_388' title='bbox 1242 4563 1377 4643; x_wconf 88' lang='lat' dir='ltr'>ejusdem</span> <span class='ocrx_word' id='word_1_389' title='bbox 1400 4563 1500 4642; x_wconf 73' lang='lat' dir='ltr'>hpnmi</span> <span class='ocrx_word' id='word_1_390' title='bbox 1523 4562 1726 4641; x_wconf 85' lang='lat' dir='ltr'>paraphrases</span> <span class='ocrx_word' id='word_1_391' title='bbox 1750 4563 1869 4640; x_wconf 81' lang='lat' dir='ltr'>uariae,</span> <span class='ocrx_word' id='word_1_392' title='bbox 1899 4577 1981 4640; x_wconf 88' lang='lat' dir='ltr'>quac</span> 
     </span>
     <span class='ocr_line' id='line_1_48' title="bbox 607 4659 1982 4741; baseline 0 -19"><span class='ocrx_word' id='word_1_393' title='bbox 607 4663 635 4722; x_wconf 90' lang='lat' dir='ltr'>in</span> <span class='ocrx_word' id='word_1_394' title='bbox 660 4660 742 4722; x_wconf 91' lang='lat' dir='ltr'>libris</span> <span class='ocrx_word' id='word_1_395' title='bbox 759 4659 982 4722; x_wconf 88' lang='lat' dir='ltr'>Ecclesiaslieis</span> <span class='ocrx_word' id='word_1_396' title='bbox 1006 4661 1207 4741; x_wconf 89' lang='lat' dir='ltr'>reperiuntur,</span> <span class='ocrx_word' id='word_1_397' title='bbox 1229 4670 1432 4740; x_wconf 88' lang='lat' dir='ltr'>praetereas,</span> <span class='ocrx_word' id='word_1_398' title='bbox 1456 4680 1530 4740; x_wconf 80' lang='lat' dir='ltr'>qtaas</span> <span class='ocrx_word' id='word_1_399' title='bbox 1547 4660 1681 4722; x_wconf 84' lang='lat' dir='ltr'>reserant</span> <span class='ocrx_word' id='word_1_400' title='bbox 1693 4660 1761 4723; x_wconf 82' lang='lat' dir='ltr'>Abu</span> <span class='ocrx_word' id='word_1_401' title='bbox 1774 4661 1870 4738; x_wconf 87' lang='lat' dir='ltr'>Ralla,</span> <span class='ocrx_word' id='word_1_402' title='bbox 1884 4659 1982 4722; x_wconf 83' lang='lat' dir='ltr'>Yahia</span> 
     </span>
     <span class='ocr_line' id='line_1_49' title="bbox 606 4743 1983 4841; baseline -0.001 -19"><span class='ocrx_word' id='word_1_403' title='bbox 606 4769 637 4822; x_wconf 92' lang='lat' dir='ltr'>et</span> <span class='ocrx_word' id='word_1_404' title='bbox 666 4760 715 4821; x_wconf 92' lang='lat' dir='ltr'>alii</span> <span class='ocrx_word' id='word_1_405' title='bbox 739 4759 896 4841; x_wconf 86' lang='lat' dir='ltr'>Theologi.</span> <span class='ocrx_word' id='word_1_406' title='bbox 940 4759 1023 4820; x_wconf 84' lang='lat' dir='ltr'>lllurn</span> <span class='ocrx_word' id='word_1_407' title='bbox 1053 4771 1088 4820; x_wconf 83' lang='lat' dir='ltr'>e&#39;a</span> <span class='ocrx_word' id='word_1_408' title='bbox 1117 4761 1234 4821; x_wconf 87' lang='lat' dir='ltr'>ratione</span> <span class='ocrx_word' id='word_1_409' title='bbox 1263 4760 1508 4836; x_wconf 82' lang='lat' dir='ltr'>eleternrinatmn,</span> <span class='ocrx_word' id='word_1_410' title='bbox 1540 4778 1631 4838; x_wconf 79' lang='lat' dir='ltr'>prosse</span> <span class='ocrx_word' id='word_1_411' title='bbox 1662 4758 1804 4836; x_wconf 90' lang='lat' dir='ltr'>tolerari,</span> <span class='ocrx_word' id='word_1_412' title='bbox 1830 4743 1983 4839; x_wconf 83' lang='lat' dir='ltr'>judicarit</span> 
     </span>
     <span class='ocr_line' id='line_1_50' title="bbox 605 4855 1984 4941; baseline -0.001 -20"><span class='ocrx_word' id='word_1_413' title='bbox 605 4860 803 4940; x_wconf 86' lang='lat' dir='ltr'>Ephraernins</span> <span class='ocrx_word' id='word_1_414' title='bbox 818 4858 1062 4920; x_wconf 84' lang='lat' dir='ltr'>(lrtlrodorortnn</span> <span class='ocrx_word' id='word_1_415' title='bbox 1076 4858 1246 4920; x_wconf 85' lang='lat' dir='ltr'>Patriarelra</span> <span class='ocrx_word' id='word_1_416' title='bbox 1260 4859 1476 4936; x_wconf 71' lang='lat' dir='ltr'>Antioc-henas,</span> <span class='ocrx_word' id='word_1_417' title='bbox 1501 4863 1585 4940; x_wconf 88' lang='lat' dir='ltr'>enjus</span> <span class='ocrx_word' id='word_1_418' title='bbox 1610 4861 1711 4938; x_wconf 91' lang='lat' dir='ltr'>operis</span> <span class='ocrx_word' id='word_1_419' title='bbox 1735 4866 1880 4941; x_wconf 85' lang='lat' dir='ltr'>excerpta</span> <span class='ocrx_word' id='word_1_420' title='bbox 1896 4855 1984 4920; x_wconf 79' lang='lat' dir='ltr'>Pno-</span> 
     </span>
     <span class='ocr_line' id='line_1_51' title="bbox 608 4956 1985 5041; baseline 0.001 -21"><span class='ocrx_word' id='word_1_421' title='bbox 608 4961 665 5020; x_wconf 92' lang='lat' dir='ltr'>tius</span> <span class='ocrx_word' id='word_1_422' title='bbox 688 4961 834 5035; x_wconf 72' lang='lat' dir='ltr'>servarit,</span> <span class='ocrx_word' id='word_1_423' title='bbox 859 4978 915 5020; x_wconf 88' lang='lat' dir='ltr'>nee</span> <span class='ocrx_word' id='word_1_424' title='bbox 939 4958 996 5019; x_wconf 92' lang='lat' dir='ltr'>alia</span> <span class='ocrx_word' id='word_1_425' title='bbox 1013 4957 1288 5020; x_wconf 84' lang='lat' dir='ltr'>uidetursententia</span> <span class='ocrx_word' id='word_1_426' title='bbox 1302 4959 1395 5021; x_wconf 87' lang='lat' dir='ltr'>inisse</span> <span class='ocrx_word' id='word_1_427' title='bbox 1415 4959 1534 5041; x_wconf 79' lang='lat' dir='ltr'>Eulogii</span> <span class='ocrx_word' id='word_1_428' title='bbox 1558 4958 1767 5036; x_wconf 78' lang='lat' dir='ltr'>Alexandrini,</span> <span class='ocrx_word' id='word_1_429' title='bbox 1792 4967 1821 5020; x_wconf 87' lang='lat' dir='ltr'>ct</span> <span class='ocrx_word' id='word_1_430' title='bbox 1852 4956 1985 5022; x_wconf 81' lang='lat' dir='ltr'>aliorum</span> 
     </span>
     <span class='ocr_line' id='line_1_52' title="bbox 606 5055 1985 5142; baseline -0.003 -22"><span class='ocrx_word' id='word_1_431' title='bbox 606 5063 655 5140; x_wconf 89' lang='lat' dir='ltr'>qui</span> <span class='ocrx_word' id='word_1_432' title='bbox 681 5060 718 5122; x_wconf 85' lang='lat' dir='ltr'>do</span> <span class='ocrx_word' id='word_1_433' title='bbox 741 5061 799 5123; x_wconf 91' lang='lat' dir='ltr'>hoe</span> <span class='ocrx_word' id='word_1_434' title='bbox 823 5067 1000 5142; x_wconf 75' lang='lat' dir='ltr'>argrnnealo</span> <span class='ocrx_word' id='word_1_435' title='bbox 1025 5061 1227 5139; x_wconf 85' lang='lat' dir='ltr'>seripserunt,</span> <span class='ocrx_word' id='word_1_436' title='bbox 1252 5058 1332 5138; x_wconf 87' lang='lat' dir='ltr'>quod</span> <span class='ocrx_word' id='word_1_437' title='bbox 1356 5060 1424 5120; x_wconf 91' lang='lat' dir='ltr'>alihi</span> <span class='ocrx_word' id='word_1_438' title='bbox 1449 5067 1606 5120; x_wconf 83' lang='lat' dir='ltr'>tractatam</span> <span class='ocrx_word' id='word_1_439' title='bbox 1630 5067 1685 5122; x_wconf 87' lang='lat' dir='ltr'>est.</span> <span class='ocrx_word' id='word_1_440' title='bbox 1732 5059 1843 5122; x_wconf 83' lang='lat' dir='ltr'>Sufficit</span> <span class='ocrx_word' id='word_1_441' title='bbox 1866 5055 1985 5117; x_wconf 88' lang='lat' dir='ltr'>obser-</span> 
     </span>
     <span class='ocr_line' id='line_1_53' title="bbox 604 5155 1986 5241; baseline -0.001 -22"><span class='ocrx_word' id='word_1_442' title='bbox 604 5179 694 5221; x_wconf 84' lang='lat' dir='ltr'>rassc</span> <span class='ocrx_word' id='word_1_443' title='bbox 716 5159 868 5222; x_wconf 83' lang='lat' dir='ltr'>taeohitas</span> <span class='ocrx_word' id='word_1_444' title='bbox 892 5159 1002 5241; x_wconf 71' lang='lat' dir='ltr'>Syrm,</span> <span class='ocrx_word' id='word_1_445' title='bbox 1027 5167 1058 5220; x_wconf 93' lang='lat' dir='ltr'>ut</span> <span class='ocrx_word' id='word_1_446' title='bbox 1087 5161 1176 5222; x_wconf 88' lang='lat' dir='ltr'>eliam</span> <span class='ocrx_word' id='word_1_447' title='bbox 1200 5159 1350 5239; x_wconf 85' lang='lat' dir='ltr'>Coptitas,</span> <span class='ocrx_word' id='word_1_448' title='bbox 1375 5159 1574 5240; x_wconf 82' lang='lat' dir='ltr'>lloxologianr</span> <span class='ocrx_word' id='word_1_449' title='bbox 1598 5159 1744 5241; x_wconf 84' lang='lat' dir='ltr'>integram</span> <span class='ocrx_word' id='word_1_450' title='bbox 1768 5157 1804 5219; x_wconf 93' lang='lat' dir='ltr'>ad</span> <span class='ocrx_word' id='word_1_451' title='bbox 1829 5155 1986 5219; x_wconf 85' lang='lat' dir='ltr'>Christum</span> 
     </span>
     <span class='ocr_line' id='line_1_54' title="bbox 604 5258 732 5324; baseline 0.039 -6"><span class='ocrx_word' id='word_1_452' title='bbox 604 5258 732 5324; x_wconf 82' lang='lat' dir='ltr'>reierre.</span> 
     </span>
    </p>
   </div>
   <div class='ocr_carea' id='block_1_8' title="bbox 0 0 2584 6532">
    <p class='ocr_par' dir='ltr' id='par_1_10' title="bbox 0 0 2584 6532">
     <span class='ocr_line' id='line_1_55' title="bbox 0 0 2584 6532; baseline 0 0"><span class='ocrx_word' id='word_1_453' title='bbox 0 0 2584 6532; x_wconf 95' lang='lat' dir='ltr'> </span> 
     </span>
    </p>
   </div>
  </div>
 </body>
</html>
