5150 6534
757 821 832 895 616
1327 824 1557 901 NOTAE

750 1006 816 1069 aliis
840 1005 876 1067 ad
899 1007 1015 1069 Indicas
1038 1006 1192 1070 Ecclesias
1216 1009 1389 1071 translatam
1413 1009 1507 1071 luisse
1531 1018 1707 1092 argumento
1731 1018 1778 1074 est
1799 1011 1961 1092 prohibitio
1992 1014 2022 1074 in
2043 1015 2126 1096 Syn-

749 1105 808 1167 odo
830 1105 1040 1186 Diamperensi
1069 1106 1163 1183 iacta,
1191 1127 1230 1170 ne
1260 1110 1326 1188 quis
1351 1109 1400 1170 illa
1423 1117 1575 1172 uteretur:
1605 1118 1637 1172 ut
1660 1129 1758 1190 neque
1782 1110 1876 1173 altera
1900 1130 1976 1192 qnae
2000 1113 2126 1178 Diodori

749 1222 860 1265 nomen
882 1205 1084 1284 praelerebat.
1130 1207 1217 1268 istius
1240 1225 1315 1269 vere
1339 1208 1419 1269 nulla
1442 1209 1522 1289 apud
1551 1209 1750 1271 Nestorianos
1778 1211 1921 1271 memoria
1952 1219 2011 1272 est:
2043 1212 2124 1275 unde

670 1293 674 1299 ’
749 1304 898 1383 suspicari
920 1305 990 1367 lieet
1013 1305 1157 1385 deceptos
1181 1307 1308 1367 numinis
1332 1307 1521 1369 similitudine
1545 1324 1691 1369 censores
1714 1308 1819 1385 fuisse,
1843 1308 2017 1372 eumlacilis
2031 1311 2125 1374 luerit

749 1403 837 1464 unius
860 1405 987 1465 nominis
1011 1407 1040 1466 in
1064 1405 1190 1466 alterum
1215 1408 1435 1483 transmutatio,
1458 1409 1638 1486 praesertim
1660 1408 1690 1467 iu
1714 1408 1837 1488 Syriaca
1862 1409 2022 1489 scriptura,
2045 1429 2124 1490 quae

749 1509 782 1563 ut
804 1502 935 1564 Arabica
958 1504 1083 1566 Graccis
1106 1504 1274 1566 nominihus
1299 1506 1503 1585 exprimendis
1526 1525 1630 1586 parum
1662 1507 1817 1568 commoda
1848 1514 1910 1583 est,
1941 1526 1998 1570 nec
2028 1512 2125 1590 magis

752 1619 840 1681 quam
864 1602 979 1665 Graeca
1003 1602 1052 1665 ubi
1076 1603 1247 1665 Orientales
1270 1622 1363 1666 voces
1387 1605 1601 1685 exprimendae
1623 1612 1701 1667 sunt.
1737 1606 1917 1687 Agnoscunt
1939 1607 2124 1686 Nestoriani,

754 1708 784 1761 ct
815 1701 894 1762 inter
924 1711 1045 1765 sanctos
1081 1721 1153 1764 suos
1183 1702 1393 1782 Doctoresque
1422 1713 1579 1765 numerant
1609 1703 1774 1767 Diodorum
1805 1706 2002 1784 Tarsensem,
2037 1710 2124 1788 eujus

749 1801 921 1863 memoriam
945 1804 974 1863 in
997 1802 1075 1864 festo
1098 1804 1284 1864 Graecorum
1308 1802 1432 1864 Petram
1455 1802 1625 1865 celebrant:
1655 1813 1684 1864 ot
1712 1804 1878 1884 liturgiam
1908 1805 1973 1884 ejus
2002 1809 2125 1869 nomine

749 1902 858 1963 nullam
883 1903 1002 1966 habent.
1049 1901 1238 1963 Theodorum
1261 1903 1388 1962 maxime
1412 1910 1594 1963 venerantur
1618 1912 1648 1963 et
1666 1904 1863 1982 interpretem
1885 1921 1942 1983 per
1964 1906 2125 1968 excellen-

751 2002 819 2062 tiam
844 2009 973 2078 vocant,
1004 2001 1073 2081 qnia
1101 2000 1201 2062 multis
1225 2002 1255 2061 in
1278 2018 1381 2063 sacras
1403 2001 1518 2063 litteras
1542 2004 1760 2064 eonrmentariis
1784 2002 1940 2081 inclaruit,
1972 2006 2023 2083 qui
2052 2006 2124 2068 licet

749 2102 786 2162 ah
810 2120 846 2164 eo
869 2102 989 2164 homine
1011 2099 1141 2180 proiecti
1166 2100 1252 2180 cujus
1276 2100 1351 2162 sides
1375 2108 1515 2181 corrupta
1539 2109 1605 2162 erat
1628 2101 1819 2182 opinionibus
1848 2101 1923 2178 illis,
1954 2121 2028 2181 quas
2052 2105 2125 2167 Ne-

749 2203 860 2262 storius
890 2200 1068 2282 publicavit,
1098 2200 1170 2279 ipsis
1202 2200 1387 2262 Orthodoxis
1419 2219 1479 2263 mm
1509 2200 1719 2263 contemnendi
1741 2201 1799 2261 visi
1822 2208 1905 2277 sunt,
1937 2201 2013 2264 adeo
2036 2212 2067 2264 ut
2092 2207 2124 2266 in

750 2300 869 2362 Catenis
899 2299 1019 2382 graecis
1049 2298 1140 2359 multa
1172 2298 1288 2361 illerum
1320 2298 1485 2382 fragmenta
1516 2308 1686 2362 occurrant.
1740 2299 1887 2361 Discimus
1920 2319 1959 2361 ex
1988 2299 2123 2363 Liberali

747 2398 922 2478 Breviario,
952 2398 1043 2460 multa
1073 2407 1131 2460 tam
1154 2399 1403 2462 Nestorianerum
1433 2416 1520 2479 quam
1542 2398 1744 2461 Jacobitarum
1774 2400 1887 2478 scripta
1911 2401 1940 2460 in
1964 2400 2122 2461 Sectarum

746 2497 865 2561 illarum
894 2498 1065 2580 primordiis
1097 2498 1239 2560 translata
1268 2498 1362 2560 luisse
1391 2500 1420 2560 in
1443 2516 1629 2561 communem
1653 2499 1798 2579 Syrorum
1821 2499 1979 2560 Persarum
2003 2507 2033 2559 et
2057 2500 2122 2561 Ar-

747 2616 903 2660 menorum
927 2598 1069 2679 linguam.
1115 2597 1268 2660 Theodori
1291 2616 1384 2678 opera
1408 2599 1533 2678 Syriaco
1557 2598 1698 2658 translata
1722 2597 1816 2658 fuisse
1840 2598 2039 2659 certissimum
2062 2607 2148 2678 est‚.

748 2715 815 2759 cum
838 2698 867 2759 id
890 2706 1017 2760 testetm
1032 2695 1220 2775 hebedjesu:
1245 2704 1275 2758 ct
1299 2697 1407 2759 dudum
1431 2706 1488 2774 est,
1512 2717 1579 2758 cum
1591 2696 1740 2758 Arabicae
1764 2696 1938 2758 eorumdem
1959 2698 2120 2759 versiones

746 2795 846 2858 sactae
868 2806 937 2860 sunt
960 2818 1000 2860 cx
1023 2797 1167 2878 Syriacis.
1211 2797 1272 2858 lmo
1295 2816 1311 2857 a
1334 2797 1478 2859 lucebitis
1501 2796 1663 2859 reformata
1692 2804 1738 2858 est
1761 2796 1809 2858 illa
1833 2798 1934 2858 versio
1958 2797 2122 2858 Commen-

747 2897 890 2958 tariorum
920 2898 951 2959 in
978 2895 1158 2976 Evangelia;
1188 2895 1312 2977 rejectis
1343 2896 1400 2957 illis
1431 2912 1508 2977 quae
1538 2895 1574 2956 ad
1598 2895 1807 2957 Nestorionam
1832 2896 1971 2958 haeresin
1993 2904 2121 2977 specta-

746 2994 829 3069 bant,
851 3004 883 3057 ut
906 3015 923 3057 a
945 2997 1007 3058 suis
1030 2995 1199 3058 hominibus
1222 2997 1287 3057 sine
1312 2995 1494 3058 ellendiculo
1518 2995 1579 3077 legi
1602 3002 1738 3075 possent,
1766 2995 1846 3073 quod
1869 3003 1997 3056 testatur
2018 2994 2121 3056 Abul-

745 3092 852 3158 bircat.
877 3095 949 3157 Tale
963 3095 1118 3175 exemplar
1131 3103 1187 3173 cst,
1210 3095 1267 3156 nisi
1292 3095 1486 3157 vehementer
1508 3093 1647 3170 fallimur,
1671 3092 1751 3172 quod
1775 3101 1856 3154 extat
1876 3096 1905 3154 in
1919 3094 2121 3174 Seguicriana

746 3193 945 3273 Bibliotheca,
975 3213 1043 3256 nam
1065 3195 1095 3256 in
1118 3194 1168 3256 illo
1192 3195 1273 3275 qued
1296 3194 1485 3276 dogmatibus
1508 3193 1696 3256 Nestorianis
1720 3192 1819 3255 laveat
1842 3195 1973 3255 occurrit
1997 3196 2119 3256 onmmo

747 3294 831 3358 nihil.

832 3391 878 3454 De
901 3392 1060 3455 Theodoro
1082 3392 1297 3473 hlopsuesteno
1319 3400 1444 3473 praeter
1467 3412 1502 3455 ea
1526 3410 1602 3472 quac
1626 3391 1768 3473 leguntur
1797 3391 1875 3470 apud
1905 3398 2027 3453 autores
2050 3392 2117 3453 Ec-

746 3491 944 3569 clesiasticos,
968 3491 1091 3555 eruditis
1114 3493 1278 3568 notissima,
1303 3493 1376 3553 mira
1398 3500 1520 3554 narrant
1533 3490 1701 3566 Jacobitae,
1725 3498 1755 3552 ct
1770 3491 1850 3551 inter
1865 3488 1940 3551 alios
1953 3490 2117 3570 Dionysius

745 3589 891 3653 Barsalibi
913 3593 944 3652 in
966 3592 1112 3671 opusculo
1136 3592 1283 3654 adversus
1307 3591 1520 3669 Nestorianos‚
1549 3591 1634 3671 quasi
1658 3609 1675 3651 a
1696 3588 1821 3651 ludaeis
1845 3591 2013 3667 institutus,
2039 3609 2120 3653 cen·

744 3692 854 3770 junctis
878 3690 1010 3752 consiliis
1033 3707 1131 3753 novae
1155 3691 1321 3751 haereseos
1345 3690 1524 3754 architectus
1548 3689 1654 3751 luerit:
1678 3688 1721 3749 Ea
1743 3690 1876 3749 narratio
1900 3708 1939 3749 ex
1962 3689 2030 3749 zelo
2042 3689 2120 3750 reli-

745 3790 845 3869 giouis
874 3799 958 3866 nata,
991 3789 1112 3868 probari
1141 3797 1242 3851 tamen
1270 3807 1331 3850 non
1361 3797 1478 3869 potest,
1508 3807 1607 3871 neque
1640 3806 1707 3848 cum
1739 3787 1929 3849 historiarum
1953 3790 2119 3850 certiorum

746 3891 925 3950 testimoniis
949 3889 1114 3950 censentit:
1145 3896 1235 3969 atque
1259 3887 1336 3950 adeo
1360 3906 1376 3948 a
1399 3890 1486 3951 nobis
1509 3889 1668 3952 omittitur:
1698 3904 1793 3966 pauca
1822 3894 1934 3949 tantum
1963 3906 2019 3948 sue
2048 3887 2119 3949 loco

747 4006 787 4048 cx
808 3988 858 4049 illa
881 3987 1086 4051 delibavimus

833 4087 908 4149 Cum
930 4108 1005 4150 vero
1029 4087 1246 4169 praescribitur
1268 4088 1300 4147 in
1322 4086 1453 4162 rubrica,
1477 4083 1626 4146 celebrari
1649 4104 1715 4146 eam
1737 4085 1901 4167 Liturpiam
1925 4104 1942 4147 a
1962 4085 2119 4148 Doririnica

746 4187 841 4267 prima
860 4186 1107 4249 Armunciationis
1126 4204 1182 4248 seu
1196 4173 1454 4268 Eileyyeltopod,
1476 4185 1555 4246 idem
1577 4193 1624 4246 est
1647 4204 1682 4246 ac
1705 4186 1730 4246 si
1753 4185 1858 4245 Latino
1881 4186 1939 4246 ritu
1962 4184 2119 4246 diceretur

745 4285 899 4348 Dominica
930 4288 1025 4368 prima
1055 4286 1230 4348 Adventus:
1261 4287 1301 4346 ita
1332 4293 1364 4346 ιιι
1386 4285 1558 4347 celebretur
1581 4283 1653 4344 solis
1678 4282 1782 4345 diebus
1805 4283 1980 4346 Dominicis.
2027 4285 2118 4346 Plura

745 4386 876 4465 petenda
899 4394 1040 4448 notantur
1069 4406 1109 4448 ex
1136 4385 1271 4466 Liturgia
1292 4384 1526 4465 Apostolorum,
1557 4384 1625 4463 quia
1660 4382 1709 4444 illa
1738 4383 1920 4462 reliquarum
1951 4390 1998 4445 est
2028 4385 2117 4463 quasi

746 4482 865 4547 Canon:
888 4494 920 4547 ut
942 4486 1021 4565 apud
1045 4485 1180 4565 Coptitas
1202 4477 1421 4564 Basiliiz'apud
1445 4483 1540 4564 Syros
1561 4481 1715 4544 Jacobitas
1737 4483 1852 4545 lacobi.

1162 4746 1196 4816 2.
1238 4745 1379 4816 Sursum
1405 4748 1441 4814 in
1469 4743 1625 4830 excels-te,
1654 4748 1717 4814 etc.

846 4938 1019 5014 Sincucmm
1048 4949 1105 5012 hoc
1128 4955 1159 5011 et
1181 4948 1369 5010 Nestorianis
1392 4948 1545 5027 proprium
1568 4955 1631 5025 cst,
1660 4954 1692 5007 ut
1715 4945 1808 5008 verba
1832 4965 1909 5025 quac
1930 4946 2115 5008 Praelationi

744 5056 972 5133 praemittuntur
994 5053 1229 5134 paraphrastice,
1253 5051 1448 5133 pluribusque
1472 5068 1559 5130 quam
1583 5051 1735 5130 primaeva
1751 5049 1925 5129 simplicitas
1948 5049 2115 5112 tradiderat

745 5154 846 5215 verbis
870 5155 1037 5214 enuncient.
1060 5155 1106 5215 De
1128 5152 1178 5215 illa
1199 5152 1431 5231 interpolatione
1454 5150 1525 5211 nihil
1546 5150 1633 5212 nobis
1657 5148 1813 5211 dicendum
1837 5149 1977 5210 occurrit.
2001 5149 2032 5209 ln
2056 5168 2114 5210 se-

748 5251 844 5314 cunda
872 5253 1058 5328 hortatione,
1088 5271 1149 5315 non
1176 5261 1209 5314 ut
1232 5253 1261 5314 in
1283 5252 1378 5331 prima
1407 5250 1535 5331 simplex
1564 5257 1611 5311 est
1638 5248 1848 5332 paraphrasis:
1878 5247 1932 5309 sed
1961 5250 2114 5311 sententia

748 5352 878 5418 diversa.
924 5352 998 5417 Cum
1027 5354 1106 5416 enim
1135 5353 1212 5415 aliae
1238 5351 1395 5415 Ecclesiae
1424 5350 1568 5429 dixerint,
1598 5350 1725 5411 Gratias
1747 5368 1874 5429 mamas
1895 5347 2024 5411 Dentino
2046 5346 2115 5409 Dee
