5150 6534
580 798 607 873 s
959 797 1580 923 onnooonnun1s

685 987 869 1060 Sacerdos.
921 987 1016 1061 Deus
1040 986 1173 1059 laudem
1198 997 1288 1061 tuam
1315 989 1492 1083 suscipiat,
1518 998 1553 1060 et
1568 987 1796 1064 laetificetcor
1809 991 1954 1064 audien-

581 1104 662 1174 tium
687 1113 742 1195 te,
768 1106 802 1175 in
828 1125 936 1196 regno
963 1102 1134 1176 coelomm
1160 1105 1194 1174 ia
1221 1101 1367 1176 saecula.

684 1219 873 1291 Diaconos.
925 1217 1089 1308 Alleluia,
1115 1217 1254 1291 alleluia.

685 1335 870 1408 Sacerdos.
921 1333 1096 1408 Immolatc
1120 1333 1167 1405 illi
1193 1334 1377 1425 sacrificia,
1404 1335 1521 1417 oberte
1547 1336 1757 1428 oblationes,
1784 1339 1956 1413 ascendite

580 1454 616 1523 in
641 1455 725 1523 atria
750 1451 904 1540 Domini,
930 1460 965 1522 et
990 1449 1130 1523 adorate
1157 1472 1234 1522 aum
1258 1454 1294 1523 in
1320 1451 1444 1547 templo
1477 1463 1595 1525 sancto
1628 1456 1721 1546 ejus,
1756 1454 1956 1530 confitemini

581 1577 616 1641 et
641 1567 828 1641 benedicite
854 1569 979 1640 nomini
1005 1568 1098 1659 ejus,
1125 1590 1146 1639 a
1173 1590 1238 1663 quo
1264 1571 1335 1640 vita
1362 1566 1522 1640 tribuitur.
1574 1567 1730 1643 Alleluia.

684 1684 873 1755 Dianoeas.
925 1685 1017 1758 Anto
1042 1681 1265 1774 Evangelium
1293 1681 1481 1757 Salvatoris
1506 1689 1635 1774 nostri,
1661 1689 1716 1780 qui
1743 1691 1956 1762 annunciavit

580 1804 684 1874 vitam
710 1798 882 1873 animabus
908 1802 1058 1889 nostris,
1084 1821 1160 1871 cum
1186 1797 1346 1872 odoribus
1372 1802 1553 1896 impositis,
1579 1802 1844 1875 misericordiam
1867 1813 1957 1879 tuam

580 1916 725 1992 Domina
752 1916 979 2013 deprecamur.
1293 1918 1299 1930 ‘

684 2033 861 2105 Sacerdos
883 2036 986 2103 mittit
1010 2031 1087 2103 lbos
1111 2034 1148 2101 la
1174 2030 1377 2103 thuribulam
1402 2037 1438 2103 et
1463 2032 1557 2105 dicit.

684 2149 832 2223 Benedic
856 2132 1010 2222 Domine.
1061 2147 1168 2243 llyrie
1195 2147 1343 2236 eleison,
1368 2147 1475 2243 Kyrie
1501 2148 1650 2238 eleison,
1680 2150 1788 2246 Kyrie
1814 2150 1954 2225 eleison.
2000 2205 2003 2211 .

580 2266 790 2356 Adoremus,
814 2265 987 2338 laudemus
1014 2274 1049 2335 et
1073 2262 1303 2354 celebremus,
1330 2262 1535 2353 exaltemus,
1562 2263 1762 2339 extollamus
1789 2275 1824 2338 et
1838 2264 1952 2339 bene-

581 2381 728 2455 dicamus
760 2404 884 2454 nomen
919 2379 1123 2453 adorandum
1157 2389 1191 2451 et
1222 2377 1422 2451 laudandum
1453 2380 1583 2470 Patris,
1618 2380 1712 2471 Filii,
1744 2391 1778 2453 et
1808 2381 1951 2479 Spiritus

581 2503 688 2574 sancti
712 2501 804 2590 vivi,
830 2500 925 2590 cujus
951 2519 1015 2569 una
1041 2505 1094 2569 est
1111 2505 1279 2593 potestas,
1305 2516 1371 2567 una
1387 2497 1567 2588 majestas,
1593 2519 1658 2568 una
1671 2497 1843 2571 voluntas:
1869 2520 1955 2573 unus

580 2614 697 2705 Deus,
730 2637 852 2702 verus,
884 2612 1078 2686 benedictus
1085 2664 1097 2701 ‚
1131 2611 1310 2700 excelsus,
1350 2609 1537 2684 indivisus:
1572 2615 1637 2708 ipsi
1673 2617 1716 2687 sit
1750 2614 1881 2706 gloria,
1921 2626 1956 2688 et

581 2753 684 2827 super
707 2753 772 2804 nos
798 2728 1048 2803 misericordiae
1074 2731 1167 2820 ejus,
1199 2748 1287 2798 nunc
1313 2735 1348 2797 et
1373 2746 1509 2822 semper
1534 2739 1567 2800 et
1593 2733 1628 2801 in
1659 2730 1794 2802 saecula
1827 2753 1955 2804 saecu-

579 2846 711 2937 lorum,
736 2847 856 2920 Amen.
907 2846 1053 2919 Domine
1078 2843 1172 2917 Deus
1198 2844 1409 2940 omnipotens
1435 2846 1490 2938 qui
1517 2845 1698 2918 secundum
1720 2846 1866 2919 divinam
1881 2869 1955 2920 vo-

579 2963 737 3036 luntatem
765 2966 875 3035 omnia
899 2964 1011 3054 regis3
1045 2962 1154 3048 omnia
1189 2964 1277 3033 enim
1309 2958 1369 3032 tibi
1395 2957 1525 3033 subdita
1553 2973 1643 3035 sunt:
1679 2963 1829 3036 concede
1854 2961 1955 3037 nobis

579 3080 725 3154 Domine
749 3082 842 3153 Deus
868 3079 1135 3177 propitiationem
1161 3076 1357 3150 delictorum
1377 3079 1424 3149 'et
1455 3080 1688 3152 remissionem
1718 3090 1954 3176 peccatorum:

581 3197 678 3270 aufer
704 3217 724 3269 a
749 3195 848 3270 nobis
875 3195 986 3269 dolum
1011 3204 1047 3267 at
1070 3192 1255 3284 invidiam,
1287 3202 1323 3265 et
1347 3191 1473 3289 Spiritu
1505 3203 1561 3265 tuo
1589 3204 1706 3266 sancto
1732 3217 1796 3268 nos
1823 3198 1955 3268 sancti-

580 3314 665 3406 fica,
690 3322 738 3386 ut
753 3312 843 3406 digni
870 3311 1039 3386 auditores
1067 3321 1103 3383 et
1126 3308 1274 3383 iacturas
1301 3311 1404 3382 simus
1431 3308 1612 3400 Evangelii
1639 3308 1761 3383 Christi
1788 3314 1859 3383 tui:
1893 3333 1956 3407 per

583 3450 680 3523 quem
707 3439 743 3500 et
767 3452 842 3502 cum
869 3451 935 3523 quo
961 3437 997 3499 te
1023 3426 1122 3498 decet
1146 3424 1219 3497 laus
1246 3434 1281 3496 et
1306 3423 1434 3516 gloria,
1461 3423 1556 3497 simul
1578 3448 1653 3497 cum
1669 3426 1776 3499 suffitu
1790 3425 1855 3499 boc
1874 3426 1956 3499 lbu-

581 3546 646 3631 ris,
674 3553 751 3614 ante
775 3543 953 3615 lectionem
978 3539 1159 3634 Evangelii
1183 3542 1229 3611 tui
1255 3538 1421 3613 salutaris.
1478 3538 1624 3613 Domine
1655 3550 1690 3614 et
1714 3542 1809 3616 Deus
1839 3552 1956 3626 noster

582 3656 642 3729 tibi
667 3658 776 3751 gloria
801 3661 836 3730 in
862 3657 1007 3731 saecula.
1866 3748 1868 3750 ‚

685 3773 874 3848 Diaconos.
927 3772 1088 3848 Accedite
1114 3771 1158 3845 ad
1183 3792 1239 3843 me
1262 3769 1396 3860 iratres,
1423 3780 1533 3844 tacete
1559 3783 1594 3845 et
1615 3773 1798 3847 auscultata
1820 3796 1955 3847 annun-

584 3890 759 3964 ciationem
785 3891 976 3966 Salvatoris
1001 3891 1124 3979 nostri,
1151 3911 1197 3961 ax
1222 3886 1413 3981 Evangelio
1441 3897 1560 3963 sancto
1587 3890 1677 3986 quod
1703 3888 1803 3964 vobis
1824 3889 1954 3983 legitur.

685 4007 870 4081 Sacerdos.
923 4008 999 4083 Pax
1024 4005 1209 4080 vobiscum.

685 4124 848 4219 Populos.
899 4122 945 4196 Et
970 4146 1045 4196 cum
1070 4122 1195 4219 Spiritu
1220 4129 1289 4193 tuo.

685 4238 870 4314 Sacerdos.
921 4240 979 4313 Ex
1003 4236 1191 4331 Evangelio
1227 4244 1366 4324 sancto,
1397 4235 1533 4308 Domini
1566 4238 1673 4310 nostri
1705 4236 1788 4310 lesu
1822 4234 1954 4325 Christi,
1996 4243 1999 4248 ’

581 4354 648 4427 Dei
671 4360 777 4429 nostri
801 4360 895 4447 veri,
921 4356 1170 4453 praedicatione
1195 4352 1305 4440 taem,
1332 4375 1353 4423 a
1378 4349 1420 4423 N.
1447 4351 1615 4448 Apostolo
1642 4361 1677 4423 et
1701 4374 1871 4448 praecone
1893 4356 1954 4424 vi-

582 4479 638 4542 tae
665 4483 842 4563 aeternae,
869 4475 1156 4546 annunciationem
1180 4471 1273 4542 vitae
1299 4477 1334 4539 et
1359 4466 1474 4539 salutis
1500 4467 1650 4539 audimus
1682 4489 1745 4564 pro
1780 4465 1953 4543 animabus

583 4590 717 4663 nostris.

688 4704 875 4776 Diaconos.
928 4704 1046 4779 Estote
1071 4707 1106 4777 in
1132 4700 1280 4787 silentio,
1305 4697 1505 4788 Auditores,
1537 4701 1602 4773 boo
1635 4708 1687 4773 est
1719 4704 1806 4772 enirn
1832 4700 1955 4773 Ilvan-

584 4820 709 4914 gelium
734 4833 884 4897 sanctum
911 4821 999 4916 quod
1023 4822 1154 4914 legittn.
1206 4818 1344 4890 Fratres
1369 4822 1436 4891 mei
1454 4816 1629 4905 festinate,
1656 4815 1786 4904 audite,
1812 4823 1847 4887 et
1864 4836 1954 4886 con-

585 4936 718 5011 fitemini
744 4937 885 5012 verbum
911 4938 977 5010 Dei
1001 4940 1084 5010 vivi.
1203 5002 1204 5005 ,

689 5055 873 5127 Sacerdos.
925 5055 1030 5147 Igitur
1062 5057 1098 5126 in
1132 5062 1284 5149 tompore
1320 5052 1587 5127 conversationis
1618 5052 1654 5120 in
1691 5057 1782 5119 terra
1821 5046 1956 5121 Domini

585 5170 650 5243 Dei
675 5180 711 5242 et
735 5171 921 5245 Salvatoris
947 5173 1054 5245 nostri
1079 5170 1162 5243 lesu
1188 5168 1329 5261 Christi,
1356 5170 1440 5244 dixit
1464 5164 1644 5263 Discipulis
1670 5166 1756 5254 suis,
1786 5174 1849 5238 etc.

689 5288 849 5383 Populos.
901 5287 1049 5361 Benedic
1073 5288 1182 5361 Pater.
