<?xml version="1.0" encoding="UTF-8"?>
<!DOCTYPE html PUBLIC "-//W3C//DTD XHTML 1.0 Transitional//EN"
    "http://www.w3.org/TR/xhtml1/DTD/xhtml1-transitional.dtd">
<html xmlns="http://www.w3.org/1999/xhtml" xml:lang="en" lang="en">
 <head>
  <title>
</title>
<meta http-equiv="Content-Type" content="text/html;charset=utf-8" />
  <meta name='ocr-system' content='tesseract 3.04.00' />
  <meta name='ocr-capabilities' content='ocr_page ocr_carea ocr_par ocr_line ocrx_word'/>
</head>
<body>
  <div class='ocr_page' id='page_1' title='image "./liturgiarumorie00renagoog_0424.png"; bbox 0 0 5150 6534; ppageno 0'>
   <div class='ocr_carea' id='block_1_1' title="bbox 596 837 1456 932">
    <p class='ocr_par' dir='ltr' id='par_1_1' title="bbox 596 837 1456 932">
     <span class='ocr_line' id='line_1_1' title="bbox 596 837 1456 932; baseline 0 0"><span class='ocrx_word' id='word_1_1' title='bbox 596 858 670 932; x_wconf 84' lang='lat' dir='ltr'>sao</span> <span class='ocrx_word' id='word_1_2' title='bbox 1097 837 1456 932; x_wconf 68' lang='lat' dir='ltr'>rr‘runnrn</span> 
     </span>
    </p>
   </div>
   <div class='ocr_carea' id='block_1_2' title="bbox 592 1040 1993 5426">
    <p class='ocr_par' dir='ltr' id='par_1_2' title="bbox 593 1040 1973 1602">
     <span class='ocr_line' id='line_1_2' title="bbox 698 1040 1972 1130; baseline 0 -17"><span class='ocrx_word' id='word_1_3' title='bbox 698 1042 1157 1115; x_wconf 81' lang='lat' dir='ltr'>Sacerdoeelecanseocem.</span> <span class='ocrx_word' id='word_1_4' title='bbox 1188 1040 1326 1114; x_wconf 83' lang='lat' dir='ltr'>Auxilia</span> <span class='ocrx_word' id='word_1_5' title='bbox 1351 1042 1432 1114; x_wconf 91' lang='lat' dir='ltr'>nulli</span> <span class='ocrx_word' id='word_1_6' title='bbox 1457 1041 1643 1115; x_wconf 81' lang='lat' dir='ltr'>confusioni</span> <span class='ocrx_word' id='word_1_7' title='bbox 1659 1043 1821 1130; x_wconf 78' lang='lat' dir='ltr'>obnoxia,</span> <span class='ocrx_word' id='word_1_8' title='bbox 1849 1041 1972 1115; x_wconf 80' lang='lat' dir='ltr'>confer</span> 
     </span>
     <span class='ocr_line' id='line_1_3' title="bbox 593 1156 1972 1253; baseline 0.001 -23"><span class='ocrx_word' id='word_1_9' title='bbox 593 1161 735 1231; x_wconf 86' lang='lat' dir='ltr'>Domine</span> <span class='ocrx_word' id='word_1_10' title='bbox 762 1163 794 1230; x_wconf 93' lang='lat' dir='ltr'>in</span> <span class='ocrx_word' id='word_1_11' title='bbox 822 1181 884 1231; x_wconf 91' lang='lat' dir='ltr'>cos</span> <span class='ocrx_word' id='word_1_12' title='bbox 912 1180 1027 1230; x_wconf 85' lang='lat' dir='ltr'>ornnes</span> <span class='ocrx_word' id='word_1_13' title='bbox 1056 1160 1109 1252; x_wconf 94' lang='lat' dir='ltr'>qui</span> <span class='ocrx_word' id='word_1_14' title='bbox 1137 1156 1314 1249; x_wconf 83' lang='lat' dir='ltr'><strong>diligenter</strong></span> <span class='ocrx_word' id='word_1_15' title='bbox 1345 1169 1505 1253; x_wconf 78' lang='lat' dir='ltr'><strong>praesunt</strong></span> <span class='ocrx_word' id='word_1_16' title='bbox 1536 1158 1698 1251; x_wconf 80' lang='lat' dir='ltr'>gregibus</span> <span class='ocrx_word' id='word_1_17' title='bbox 1731 1162 1795 1231; x_wconf 91' lang='lat' dir='ltr'>tuis</span> <span class='ocrx_word' id='word_1_18' title='bbox 1828 1162 1972 1246; x_wconf 85' lang='lat' dir='ltr'>sanctis,</span> 
     </span>
     <span class='ocr_line' id='line_1_4' title="bbox 595 1272 1973 1370; baseline 0.001 -26"><span class='ocrx_word' id='word_1_19' title='bbox 595 1278 687 1344; x_wconf 93' lang='lat' dir='ltr'>etin</span> <span class='ocrx_word' id='word_1_20' title='bbox 715 1274 881 1347; x_wconf 89' lang='lat' dir='ltr'>uberrima</span> <span class='ocrx_word' id='word_1_21' title='bbox 914 1273 1087 1370; x_wconf 90' lang='lat' dir='ltr'>voluptate</span> <span class='ocrx_word' id='word_1_22' title='bbox 1113 1272 1291 1365; x_wconf 83' lang='lat' dir='ltr'><strong>Evangelii</strong></span> <span class='ocrx_word' id='word_1_23' title='bbox 1327 1277 1486 1366; x_wconf 90' lang='lat' dir='ltr'>unigeniti</span> <span class='ocrx_word' id='word_1_24' title='bbox 1512 1274 1586 1346; x_wconf 86' lang='lat' dir='ltr'>Filii</span> <span class='ocrx_word' id='word_1_25' title='bbox 1620 1277 1684 1364; x_wconf 88' lang='lat' dir='ltr'>tui,</span> <span class='ocrx_word' id='word_1_26' title='bbox 1715 1274 1793 1348; x_wconf 89' lang='lat' dir='ltr'>illos</span> <span class='ocrx_word' id='word_1_27' title='bbox 1825 1283 1973 1370; x_wconf 82' lang='lat' dir='ltr'>pascunt</span> 
     </span>
     <span class='ocr_line' id='line_1_5' title="bbox 594 1387 1970 1482; baseline 0.003 -22"><span class='ocrx_word' id='word_1_28' title='bbox 594 1401 628 1460; x_wconf 88' lang='lat' dir='ltr'>et</span> <span class='ocrx_word' id='word_1_29' title='bbox 654 1402 790 1482; x_wconf 89' lang='lat' dir='ltr'>regunt:</span> <span class='ocrx_word' id='word_1_30' title='bbox 819 1401 853 1461; x_wconf 88' lang='lat' dir='ltr'>et</span> <span class='ocrx_word' id='word_1_31' title='bbox 879 1413 953 1461; x_wconf 85' lang='lat' dir='ltr'>curn</span> <span class='ocrx_word' id='word_1_32' title='bbox 979 1390 1043 1460; x_wconf 93' lang='lat' dir='ltr'>illis</span> <span class='ocrx_word' id='word_1_33' title='bbox 1070 1387 1210 1480; x_wconf 84' lang='lat' dir='ltr'>gloriam</span> <span class='ocrx_word' id='word_1_34' title='bbox 1237 1389 1421 1462; x_wconf 81' lang='lat' dir='ltr'>referemus</span> <span class='ocrx_word' id='word_1_35' title='bbox 1448 1389 1507 1462; x_wconf 92' lang='lat' dir='ltr'>tibi</span> <span class='ocrx_word' id='word_1_36' title='bbox 1534 1401 1569 1462; x_wconf 88' lang='lat' dir='ltr'>ot</span> <span class='ocrx_word' id='word_1_37' title='bbox 1594 1393 1762 1482; x_wconf 89' lang='lat' dir='ltr'>unigenito</span> <span class='ocrx_word' id='word_1_38' title='bbox 1782 1389 1872 1462; x_wconf 87' lang='lat' dir='ltr'>Filio</span> <span class='ocrx_word' id='word_1_39' title='bbox 1899 1399 1970 1482; x_wconf 86' lang='lat' dir='ltr'>tuo,</span> 
     </span>
     <span class='ocr_line' id='line_1_6' title="bbox 595 1507 1915 1602; baseline 0.002 -26"><span class='ocrx_word' id='word_1_40' title='bbox 595 1516 628 1576; x_wconf 93' lang='lat' dir='ltr'>et</span> <span class='ocrx_word' id='word_1_41' title='bbox 654 1507 791 1602; x_wconf 93' lang='lat' dir='ltr'>Spiritui</span> <span class='ocrx_word' id='word_1_42' title='bbox 818 1516 934 1578; x_wconf 91' lang='lat' dir='ltr'>sancto</span> <span class='ocrx_word' id='word_1_43' title='bbox 962 1516 1029 1577; x_wconf 88' lang='lat' dir='ltr'>tuo.</span> <span class='ocrx_word' id='word_1_44' title='bbox 1909 1527 1915 1532; x_wconf 86' lang='lat'>·</span> 
     </span>
    </p>

    <p class='ocr_par' dir='ltr' id='par_1_3' title="bbox 699 1622 1031 1716">
     <span class='ocr_line' id='line_1_7' title="bbox 699 1622 1031 1716; baseline -0.003 -24"><span class='ocrx_word' id='word_1_45' title='bbox 699 1622 859 1716; x_wconf 83' lang='lat' dir='ltr'>Pop-alno.</span> <span class='ocrx_word' id='word_1_46' title='bbox 913 1624 1031 1694; x_wconf 85' lang='lat' dir='ltr'>Amen.</span> 
     </span>
    </p>

    <p class='ocr_par' dir='ltr' id='par_1_4' title="bbox 594 1737 1971 2297">
     <span class='ocr_line' id='line_1_8' title="bbox 699 1737 1969 1826; baseline 0.001 -19"><span class='ocrx_word' id='word_1_47' title='bbox 699 1737 874 1809; x_wconf 81' lang='lat' dir='ltr'><em>Sacerdos</em></span> <span class='ocrx_word' id='word_1_48' title='bbox 908 1739 1098 1808; x_wconf 81' lang='lat' dir='ltr'>inclinatus.</span> <span class='ocrx_word' id='word_1_49' title='bbox 1162 1737 1411 1810; x_wconf 84' lang='lat' dir='ltr'>Convenienter</span> <span class='ocrx_word' id='word_1_50' title='bbox 1448 1745 1613 1809; x_wconf 87' lang='lat' dir='ltr'>momento</span> <span class='ocrx_word' id='word_1_51' title='bbox 1649 1738 1811 1826; x_wconf 88' lang='lat' dir='ltr'>Domine,</span> <span class='ocrx_word' id='word_1_52' title='bbox 1851 1757 1969 1808; x_wconf 86' lang='lat' dir='ltr'>eornm</span> 
     </span>
     <span class='ocr_line' id='line_1_9' title="bbox 595 1851 1970 1950; baseline -0.001 -26"><span class='ocrx_word' id='word_1_53' title='bbox 595 1858 649 1948; x_wconf 92' lang='lat' dir='ltr'>qui</span> <span class='ocrx_word' id='word_1_54' title='bbox 677 1859 944 1950; x_wconf 72' lang='lat' dir='ltr'>persecutionem</span> <span class='ocrx_word' id='word_1_55' title='bbox 970 1858 1135 1949; x_wconf 92' lang='lat' dir='ltr'>patiuntur</span> <span class='ocrx_word' id='word_1_56' title='bbox 1161 1876 1223 1947; x_wconf 90' lang='lat' dir='ltr'>pro</span> <span class='ocrx_word' id='word_1_57' title='bbox 1251 1857 1384 1924; x_wconf 91' lang='lat' dir='ltr'>nomine</span> <span class='ocrx_word' id='word_1_58' title='bbox 1411 1862 1467 1923; x_wconf 92' lang='lat' dir='ltr'>tuo</span> <span class='ocrx_word' id='word_1_59' title='bbox 1502 1863 1629 1925; x_wconf 90' lang='lat' dir='ltr'>sancto.</span> <span class='ocrx_word' id='word_1_60' title='bbox 1681 1851 1792 1924; x_wconf 83' lang='lat' dir='ltr'>Etiam</span> <span class='ocrx_word' id='word_1_61' title='bbox 1825 1855 1970 1948; x_wconf 87' lang='lat' dir='ltr'>praeci-</span> 
     </span>
     <span class='ocr_line' id='line_1_10' title="bbox 594 1968 1971 2066; baseline 0 -25"><span class='ocrx_word' id='word_1_62' title='bbox 594 1994 660 2066; x_wconf 93' lang='lat' dir='ltr'>pue</span> <span class='ocrx_word' id='word_1_63' title='bbox 695 1980 728 2040; x_wconf 89' lang='lat' dir='ltr'>et</span> <span class='ocrx_word' id='word_1_64' title='bbox 759 1970 972 2061; x_wconf 79' lang='lat' dir='ltr'>singulariter</span> <span class='ocrx_word' id='word_1_65' title='bbox 1005 1979 1170 2040; x_wconf 88' lang='lat' dir='ltr'>memento</span> <span class='ocrx_word' id='word_1_66' title='bbox 1204 1972 1319 2040; x_wconf 92' lang='lat' dir='ltr'>matris</span> <span class='ocrx_word' id='word_1_67' title='bbox 1352 1968 1454 2055; x_wconf 86' lang='lat' dir='ltr'>illius,</span> <span class='ocrx_word' id='word_1_68' title='bbox 1491 1991 1577 2064; x_wconf 89' lang='lat' dir='ltr'>quae</span> <span class='ocrx_word' id='word_1_69' title='bbox 1611 1972 1714 2041; x_wconf 83' lang='lat' dir='ltr'>uitam</span> <span class='ocrx_word' id='word_1_70' title='bbox 1750 1974 1901 2064; x_wconf 82' lang='lat' dir='ltr'>peperit,</span> <span class='ocrx_word' id='word_1_71' title='bbox 1934 1979 1971 2042; x_wconf 86' lang='lat' dir='ltr'>et</span> 
     </span>
     <span class='ocr_line' id='line_1_11' title="bbox 596 2083 1970 2180; baseline -0.001 -23"><span class='ocrx_word' id='word_1_72' title='bbox 596 2088 772 2158; x_wconf 88' lang='lat' dir='ltr'>Dominum</span> <span class='ocrx_word' id='word_1_73' title='bbox 801 2098 1006 2158; x_wconf 90' lang='lat' dir='ltr'>sanctorum:</span> <span class='ocrx_word' id='word_1_74' title='bbox 1040 2087 1308 2180; x_wconf 89' lang='lat' dir='ltr'>reliquorumque</span> <span class='ocrx_word' id='word_1_75' title='bbox 1335 2088 1478 2156; x_wconf 92' lang='lat' dir='ltr'>omnium</span> <span class='ocrx_word' id='word_1_76' title='bbox 1506 2089 1562 2179; x_wconf 90' lang='lat' dir='ltr'>qui</span> <span class='ocrx_word' id='word_1_77' title='bbox 1589 2088 1621 2156; x_wconf 92' lang='lat' dir='ltr'>in</span> <span class='ocrx_word' id='word_1_78' title='bbox 1648 2083 1786 2177; x_wconf 90' lang='lat' dir='ltr'>singulis</span> <span class='ocrx_word' id='word_1_79' title='bbox 1812 2107 1970 2177; x_wconf 88' lang='lat' dir='ltr'>genera-</span> 
     </span>
     <span class='ocr_line' id='line_1_12' title="bbox 596 2203 1168 2297; baseline -0.002 -24"><span class='ocrx_word' id='word_1_80' title='bbox 596 2204 736 2276; x_wconf 73' lang='lat' dir='ltr'>tionibus</span> <span class='ocrx_word' id='word_1_81' title='bbox 765 2203 959 2297; x_wconf 90' lang='lat' dir='ltr'>placuerunt</span> <span class='ocrx_word' id='word_1_82' title='bbox 985 2226 1099 2274; x_wconf 93' lang='lat' dir='ltr'>coram</span> <span class='ocrx_word' id='word_1_83' title='bbox 1126 2213 1168 2272; x_wconf 90' lang='lat' dir='ltr'>tc.</span> 
     </span>
    </p>

    <p class='ocr_par' dir='ltr' id='par_1_5' title="bbox 593 2316 1969 2876">
     <span class='ocr_line' id='line_1_13' title="bbox 697 2316 1969 2411; baseline 0.001 -23"><span class='ocrx_word' id='word_1_84' title='bbox 697 2318 873 2389; x_wconf 79' lang='lat' dir='ltr'>Sacerdos</span> <span class='ocrx_word' id='word_1_85' title='bbox 900 2318 1037 2389; x_wconf 84' lang='lat' dir='ltr'>cle-ceno</span> <span class='ocrx_word' id='word_1_86' title='bbox 1059 2340 1183 2388; x_wconf 85' lang='lat' dir='ltr'>eorem.</span> <span class='ocrx_word' id='word_1_87' title='bbox 1228 2316 1365 2388; x_wconf 84' lang='lat' dir='ltr'>Placeat</span> <span class='ocrx_word' id='word_1_88' title='bbox 1390 2316 1449 2388; x_wconf 94' lang='lat' dir='ltr'>tibi</span> <span class='ocrx_word' id='word_1_89' title='bbox 1476 2317 1619 2387; x_wconf 89' lang='lat' dir='ltr'>Domine</span> <span class='ocrx_word' id='word_1_90' title='bbox 1645 2327 1681 2387; x_wconf 90' lang='lat' dir='ltr'>ut</span> <span class='ocrx_word' id='word_1_91' title='bbox 1705 2338 1769 2411; x_wconf 91' lang='lat' dir='ltr'>per</span> <span class='ocrx_word' id='word_1_92' title='bbox 1793 2320 1969 2389; x_wconf 74' lang='lat' dir='ltr'>irat-arces-</span> 
     </span>
     <span class='ocr_line' id='line_1_14' title="bbox 595 2432 1968 2527; baseline -0.002 -21"><span class='ocrx_word' id='word_1_93' title='bbox 595 2438 708 2507; x_wconf 86' lang='lat' dir='ltr'>siones</span> <span class='ocrx_word' id='word_1_94' title='bbox 736 2432 927 2505; x_wconf 92' lang='lat' dir='ltr'>dilectorum</span> <span class='ocrx_word' id='word_1_95' title='bbox 954 2444 1095 2520; x_wconf 89' lang='lat' dir='ltr'>tuorum,</span> <span class='ocrx_word' id='word_1_96' title='bbox 1123 2435 1188 2504; x_wconf 90' lang='lat' dir='ltr'>cito</span> <span class='ocrx_word' id='word_1_97' title='bbox 1217 2433 1337 2504; x_wconf 89' lang='lat' dir='ltr'>salvati</span> <span class='ocrx_word' id='word_1_98' title='bbox 1367 2455 1586 2527; x_wconf 89' lang='lat' dir='ltr'>appareamus</span> <span class='ocrx_word' id='word_1_99' title='bbox 1613 2454 1728 2504; x_wconf 90' lang='lat' dir='ltr'>coram</span> <span class='ocrx_word' id='word_1_100' title='bbox 1756 2442 1801 2521; x_wconf 91' lang='lat' dir='ltr'>te,</span> <span class='ocrx_word' id='word_1_101' title='bbox 1833 2442 1868 2503; x_wconf 89' lang='lat' dir='ltr'>et</span> <span class='ocrx_word' id='word_1_102' title='bbox 1894 2455 1968 2504; x_wconf 83' lang='lat' dir='ltr'>uo-</span> 
     </span>
     <span class='ocr_line' id='line_1_15' title="bbox 593 2546 1969 2645; baseline -0.001 -24"><span class='ocrx_word' id='word_1_103' title='bbox 593 2551 718 2645; x_wconf 88' lang='lat' dir='ltr'>luptate</span> <span class='ocrx_word' id='word_1_104' title='bbox 746 2572 810 2642; x_wconf 93' lang='lat' dir='ltr'>qua</span> <span class='ocrx_word' id='word_1_105' title='bbox 837 2546 999 2638; x_wconf 75' lang='lat' dir='ltr'>iniuntur,</span> <span class='ocrx_word' id='word_1_106' title='bbox 1027 2571 1178 2643; x_wconf 92' lang='lat' dir='ltr'>quaeque</span> <span class='ocrx_word' id='word_1_107' title='bbox 1204 2548 1301 2620; x_wconf 86' lang='lat' dir='ltr'>finem</span> <span class='ocrx_word' id='word_1_108' title='bbox 1329 2570 1397 2619; x_wconf 93' lang='lat' dir='ltr'>non</span> <span class='ocrx_word' id='word_1_109' title='bbox 1425 2546 1534 2635; x_wconf 87' lang='lat' dir='ltr'>habet,</span> <span class='ocrx_word' id='word_1_110' title='bbox 1561 2548 1652 2640; x_wconf 87' lang='lat' dir='ltr'>digni</span> <span class='ocrx_word' id='word_1_111' title='bbox 1680 2548 1876 2620; x_wconf 85' lang='lat' dir='ltr'>efficiamur:</span> <span class='ocrx_word' id='word_1_112' title='bbox 1904 2572 1969 2645; x_wconf 88' lang='lat' dir='ltr'>per</span> 
     </span>
     <span class='ocr_line' id='line_1_16' title="bbox 593 2662 1969 2758; baseline 0.001 -23"><span class='ocrx_word' id='word_1_113' title='bbox 593 2669 736 2757; x_wconf 88' lang='lat' dir='ltr'>gratiam</span> <span class='ocrx_word' id='word_1_114' title='bbox 764 2676 798 2736; x_wconf 87' lang='lat' dir='ltr'>ct</span> <span class='ocrx_word' id='word_1_115' title='bbox 823 2666 1084 2738; x_wconf 90' lang='lat' dir='ltr'>misericordiam</span> <span class='ocrx_word' id='word_1_116' title='bbox 1112 2687 1327 2758; x_wconf 88' lang='lat' dir='ltr'>amoremque</span> <span class='ocrx_word' id='word_1_117' title='bbox 1353 2686 1437 2756; x_wconf 89' lang='lat' dir='ltr'>erga</span> <span class='ocrx_word' id='word_1_118' title='bbox 1463 2662 1611 2735; x_wconf 90' lang='lat' dir='ltr'>homines</span> <span class='ocrx_word' id='word_1_119' title='bbox 1637 2668 1797 2757; x_wconf 92' lang='lat' dir='ltr'>unigeniti</span> <span class='ocrx_word' id='word_1_120' title='bbox 1811 2663 1889 2737; x_wconf 82' lang='lat' dir='ltr'>Fibi</span> <span class='ocrx_word' id='word_1_121' title='bbox 1906 2668 1969 2737; x_wconf 91' lang='lat' dir='ltr'>tui:</span> 
     </span>
     <span class='ocr_line' id='line_1_17' title="bbox 593 2779 1846 2876; baseline 0 -25"><span class='ocrx_word' id='word_1_122' title='bbox 593 2804 655 2876; x_wconf 88' lang='lat' dir='ltr'>per</span> <span class='ocrx_word' id='word_1_123' title='bbox 682 2805 780 2875; x_wconf 91' lang='lat' dir='ltr'>quem</span> <span class='ocrx_word' id='word_1_124' title='bbox 807 2792 940 2854; x_wconf 91' lang='lat' dir='ltr'>etcum</span> <span class='ocrx_word' id='word_1_125' title='bbox 969 2804 1034 2876; x_wconf 95' lang='lat' dir='ltr'>quo</span> <span class='ocrx_word' id='word_1_126' title='bbox 1062 2792 1095 2853; x_wconf 88' lang='lat' dir='ltr'>te</span> <span class='ocrx_word' id='word_1_127' title='bbox 1122 2780 1219 2852; x_wconf 90' lang='lat' dir='ltr'>decet</span> <span class='ocrx_word' id='word_1_128' title='bbox 1245 2779 1354 2872; x_wconf 91' lang='lat' dir='ltr'>gloria</span> <span class='ocrx_word' id='word_1_129' title='bbox 1381 2803 1454 2852; x_wconf 87' lang='lat' dir='ltr'>curn</span> <span class='ocrx_word' id='word_1_130' title='bbox 1482 2779 1606 2876; x_wconf 86' lang='lat' dir='ltr'>Spiritu</span> <span class='ocrx_word' id='word_1_131' title='bbox 1634 2790 1690 2851; x_wconf 94' lang='lat' dir='ltr'>tuo</span> <span class='ocrx_word' id='word_1_132' title='bbox 1718 2793 1846 2856; x_wconf 88' lang='lat' dir='ltr'>sancto.</span> 
     </span>
    </p>

    <p class='ocr_par' dir='ltr' id='par_1_6' title="bbox 700 2897 1034 2991">
     <span class='ocr_line' id='line_1_18' title="bbox 700 2897 1034 2991; baseline 0.003 -25"><span class='ocrx_word' id='word_1_133' title='bbox 700 2897 861 2991; x_wconf 80' lang='lat' dir='ltr'>Populea.</span> <span class='ocrx_word' id='word_1_134' title='bbox 914 2899 1034 2971; x_wconf 84' lang='lat' dir='ltr'>Arnen.</span> 
     </span>
    </p>

    <p class='ocr_par' dir='ltr' id='par_1_7' title="bbox 593 3012 1968 3340">
     <span class='ocr_line' id='line_1_19' title="bbox 699 3012 1968 3109; baseline 0.003 -27"><span class='ocrx_word' id='word_1_135' title='bbox 699 3012 873 3085; x_wconf 83' lang='lat' dir='ltr'>Sacerdos</span> <span class='ocrx_word' id='word_1_136' title='bbox 900 3013 1090 3084; x_wconf 81' lang='lat' dir='ltr'>inclinatus.</span> <span class='ocrx_word' id='word_1_137' title='bbox 1136 3013 1278 3109; x_wconf 90' lang='lat' dir='ltr'>Suscipe</span> <span class='ocrx_word' id='word_1_138' title='bbox 1306 3016 1337 3083; x_wconf 94' lang='lat' dir='ltr'>in</span> <span class='ocrx_word' id='word_1_139' title='bbox 1365 3016 1558 3086; x_wconf 88' lang='lat' dir='ltr'>memoriam</span> <span class='ocrx_word' id='word_1_140' title='bbox 1584 3022 1674 3085; x_wconf 90' lang='lat' dir='ltr'>tuam</span> <span class='ocrx_word' id='word_1_141' title='bbox 1689 3014 1834 3087; x_wconf 89' lang='lat' dir='ltr'>Domine</span> <span class='ocrx_word' id='word_1_142' title='bbox 1847 3016 1968 3087; x_wconf 83' lang='lat' dir='ltr'>Patres</span> 
     </span>
     <span class='ocr_line' id='line_1_20' title="bbox 593 3129 1968 3226; baseline 0.003 -27"><span class='ocrx_word' id='word_1_143' title='bbox 593 3129 730 3216; x_wconf 85' lang='lat' dir='ltr'>beatos,</span> <span class='ocrx_word' id='word_1_144' title='bbox 759 3133 879 3224; x_wconf 89' lang='lat' dir='ltr'>quique</span> <span class='ocrx_word' id='word_1_145' title='bbox 906 3132 1064 3226; x_wconf 66' lang='lat' dir='ltr'>mysteria</span> <span class='ocrx_word' id='word_1_146' title='bbox 1092 3129 1284 3217; x_wconf 91' lang='lat' dir='ltr'>docuerunt,</span> <span class='ocrx_word' id='word_1_147' title='bbox 1310 3129 1497 3202; x_wconf 87' lang='lat' dir='ltr'>Ecclesiam</span> <span class='ocrx_word' id='word_1_148' title='bbox 1524 3139 1612 3200; x_wconf 92' lang='lat' dir='ltr'>tuam</span> <span class='ocrx_word' id='word_1_149' title='bbox 1639 3139 1807 3218; x_wconf 83' lang='lat' dir='ltr'>sauctam3</span> <span class='ocrx_word' id='word_1_150' title='bbox 1837 3151 1968 3216; x_wconf 83' lang='lat' dir='ltr'>eorum,</span> 
     </span>
     <span class='ocr_line' id='line_1_21' title="bbox 595 3243 1848 3340; baseline 0.002 -25"><span class='ocrx_word' id='word_1_151' title='bbox 595 3249 650 3338; x_wconf 88' lang='lat' dir='ltr'>qui</span> <span class='ocrx_word' id='word_1_152' title='bbox 678 3244 719 3316; x_wconf 91' lang='lat' dir='ltr'>ab</span> <span class='ocrx_word' id='word_1_153' title='bbox 749 3248 888 3339; x_wconf 89' lang='lat' dir='ltr'>antiquis</span> <span class='ocrx_word' id='word_1_154' title='bbox 915 3244 1120 3340; x_wconf 89' lang='lat' dir='ltr'>temporibus</span> <span class='ocrx_word' id='word_1_155' title='bbox 1148 3245 1205 3318; x_wconf 92' lang='lat' dir='ltr'>tibi</span> <span class='ocrx_word' id='word_1_156' title='bbox 1232 3249 1298 3317; x_wconf 92' lang='lat' dir='ltr'>noti</span> <span class='ocrx_word' id='word_1_157' title='bbox 1326 3256 1410 3332; x_wconf 92' lang='lat' dir='ltr'>sunt,</span> <span class='ocrx_word' id='word_1_158' title='bbox 1439 3244 1481 3316; x_wconf 91' lang='lat' dir='ltr'>ad</span> <span class='ocrx_word' id='word_1_159' title='bbox 1507 3243 1591 3315; x_wconf 90' lang='lat' dir='ltr'>banc</span> <span class='ocrx_word' id='word_1_160' title='bbox 1616 3267 1723 3340; x_wconf 90' lang='lat' dir='ltr'>usque</span> <span class='ocrx_word' id='word_1_161' title='bbox 1749 3244 1848 3319; x_wconf 91' lang='lat' dir='ltr'>diem.</span> 
     </span>
    </p>

    <p class='ocr_par' dir='ltr' id='par_1_8' title="bbox 594 3359 1993 4034">
     <span class='ocr_line' id='line_1_22' title="bbox 698 3359 1969 3458; baseline 0 -26"><span class='ocrx_word' id='word_1_162' title='bbox 698 3363 849 3433; x_wconf 80' lang='lat' dir='ltr'>Eteonos</span> <span class='ocrx_word' id='word_1_163' title='bbox 872 3385 997 3432; x_wconf 86' lang='lat' dir='ltr'>nocem.</span> <span class='ocrx_word' id='word_1_164' title='bbox 1050 3362 1234 3458; x_wconf 90' lang='lat' dir='ltr'>Praecipue</span> <span class='ocrx_word' id='word_1_165' title='bbox 1262 3359 1372 3434; x_wconf 89' lang='lat' dir='ltr'>stabili</span> <span class='ocrx_word' id='word_1_166' title='bbox 1399 3371 1433 3432; x_wconf 89' lang='lat' dir='ltr'>et</span> <span class='ocrx_word' id='word_1_167' title='bbox 1459 3361 1627 3449; x_wconf 86' lang='lat' dir='ltr'>confirma,</span> <span class='ocrx_word' id='word_1_168' title='bbox 1654 3362 1807 3449; x_wconf 81' lang='lat' dir='ltr'>Domine,</span> <span class='ocrx_word' id='word_1_169' title='bbox 1836 3359 1969 3434; x_wconf 84' lang='lat' dir='ltr'>Eccle-</span> 
     </span>
     <span class='ocr_line' id='line_1_23' title="bbox 595 3476 1969 3573; baseline 0.003 -27"><span class='ocrx_word' id='word_1_170' title='bbox 595 3481 677 3547; x_wconf 91' lang='lat' dir='ltr'>siam</span> <span class='ocrx_word' id='word_1_171' title='bbox 706 3487 792 3548; x_wconf 92' lang='lat' dir='ltr'>tuam</span> <span class='ocrx_word' id='word_1_172' title='bbox 820 3488 969 3549; x_wconf 86' lang='lat' dir='ltr'>sanctam</span> <span class='ocrx_word' id='word_1_173' title='bbox 996 3501 1058 3573; x_wconf 93' lang='lat' dir='ltr'>per</span> <span class='ocrx_word' id='word_1_174' title='bbox 1084 3481 1329 3550; x_wconf 86' lang='lat' dir='ltr'>invocationem</span> <span class='ocrx_word' id='word_1_175' title='bbox 1347 3477 1488 3573; x_wconf 88' lang='lat' dir='ltr'>Spiritus</span> <span class='ocrx_word' id='word_1_176' title='bbox 1510 3479 1554 3548; x_wconf 94' lang='lat' dir='ltr'>tui</span> <span class='ocrx_word' id='word_1_177' title='bbox 1575 3479 1692 3564; x_wconf 85' lang='lat' dir='ltr'>sancti,</span> <span class='ocrx_word' id='word_1_178' title='bbox 1720 3487 1753 3547; x_wconf 90' lang='lat' dir='ltr'>et</span> <span class='ocrx_word' id='word_1_179' title='bbox 1773 3476 1969 3569; x_wconf 89' lang='lat' dir='ltr'>dirigentis:</span> 
     </span>
     <span class='ocr_line' id='line_1_24' title="bbox 595 3593 1970 3689; baseline 0.001 -27"><span class='ocrx_word' id='word_1_180' title='bbox 595 3603 694 3687; x_wconf 89' lang='lat' dir='ltr'>atque</span> <span class='ocrx_word' id='word_1_181' title='bbox 721 3597 900 3665; x_wconf 82' lang='lat' dir='ltr'>universim</span> <span class='ocrx_word' id='word_1_182' title='bbox 929 3616 1011 3664; x_wconf 90' lang='lat' dir='ltr'>orna</span> <span class='ocrx_word' id='word_1_183' title='bbox 1040 3616 1113 3664; x_wconf 93' lang='lat' dir='ltr'>eam</span> <span class='ocrx_word' id='word_1_184' title='bbox 1141 3604 1175 3664; x_wconf 90' lang='lat' dir='ltr'>et</span> <span class='ocrx_word' id='word_1_185' title='bbox 1200 3598 1413 3689; x_wconf 85' lang='lat' dir='ltr'>conspicuam</span> <span class='ocrx_word' id='word_1_186' title='bbox 1441 3594 1551 3682; x_wconf 85' lang='lat' dir='ltr'>elice,</span> <span class='ocrx_word' id='word_1_187' title='bbox 1586 3616 1649 3688; x_wconf 91' lang='lat' dir='ltr'>per</span> <span class='ocrx_word' id='word_1_188' title='bbox 1675 3593 1861 3665; x_wconf 86' lang='lat' dir='ltr'>doctrinam</span> <span class='ocrx_word' id='word_1_189' title='bbox 1889 3598 1970 3664; x_wconf 93' lang='lat' dir='ltr'>sin-</span> 
     </span>
     <span class='ocr_line' id='line_1_25' title="bbox 595 3707 1993 3804; baseline 0.002 -27"><span class='ocrx_word' id='word_1_190' title='bbox 595 3732 707 3778; x_wconf 81' lang='lat' dir='ltr'>ceram</span> <span class='ocrx_word' id='word_1_191' title='bbox 736 3709 928 3781; x_wconf 90' lang='lat' dir='ltr'>dilectorum</span> <span class='ocrx_word' id='word_1_192' title='bbox 958 3721 1102 3781; x_wconf 91' lang='lat' dir='ltr'>tuorum:</span> <span class='ocrx_word' id='word_1_193' title='bbox 1131 3713 1205 3804; x_wconf 92' lang='lat' dir='ltr'>quia</span> <span class='ocrx_word' id='word_1_194' title='bbox 1234 3719 1266 3781; x_wconf 92' lang='lat' dir='ltr'>tu</span> <span class='ocrx_word' id='word_1_195' title='bbox 1294 3709 1481 3792; x_wconf 80' lang='lat' dir='ltr'>munificus,</span> <span class='ocrx_word' id='word_1_196' title='bbox 1510 3718 1543 3780; x_wconf 91' lang='lat' dir='ltr'>et</span> <span class='ocrx_word' id='word_1_197' title='bbox 1571 3709 1732 3780; x_wconf 92' lang='lat' dir='ltr'>donorum</span> <span class='ocrx_word' id='word_1_198' title='bbox 1759 3707 1993 3780; x_wconf 84' lang='lat' dir='ltr'>liberalissi-·</span> 
     </span>
     <span class='ocr_line' id='line_1_26' title="bbox 594 3823 1972 3918; baseline 0.005 -26"><span class='ocrx_word' id='word_1_199' title='bbox 594 3847 667 3894; x_wconf 91' lang='lat' dir='ltr'>rnus</span> <span class='ocrx_word' id='word_1_200' title='bbox 695 3847 745 3912; x_wconf 92' lang='lat' dir='ltr'>es,</span> <span class='ocrx_word' id='word_1_201' title='bbox 773 3825 896 3918; x_wconf 90' lang='lat' dir='ltr'>tibique</span> <span class='ocrx_word' id='word_1_202' title='bbox 923 3824 1064 3917; x_wconf 92' lang='lat' dir='ltr'>gloriam</span> <span class='ocrx_word' id='word_1_203' title='bbox 1091 3835 1123 3895; x_wconf 90' lang='lat' dir='ltr'>et</span> <span class='ocrx_word' id='word_1_204' title='bbox 1149 3825 1279 3897; x_wconf 87' lang='lat' dir='ltr'>laudern</span> <span class='ocrx_word' id='word_1_205' title='bbox 1315 3825 1489 3896; x_wconf 84' lang='lat' dir='ltr'>referimus</span> <span class='ocrx_word' id='word_1_206' title='bbox 1523 3835 1555 3895; x_wconf 92' lang='lat' dir='ltr'>et</span> <span class='ocrx_word' id='word_1_207' title='bbox 1588 3828 1758 3916; x_wconf 90' lang='lat' dir='ltr'>unigenito</span> <span class='ocrx_word' id='word_1_208' title='bbox 1784 3823 1871 3897; x_wconf 88' lang='lat' dir='ltr'>Filio</span> <span class='ocrx_word' id='word_1_209' title='bbox 1912 3836 1972 3900; x_wconf 90' lang='lat' dir='ltr'>tuo</span> 
     </span>
     <span class='ocr_line' id='line_1_27' title="bbox 595 3925 1147 4034; baseline 0.009 -26"><span class='ocrx_word' id='word_1_210' title='bbox 595 3949 628 4008; x_wconf 91' lang='lat' dir='ltr'>et</span> <span class='ocrx_word' id='word_1_211' title='bbox 655 3940 789 4034; x_wconf 89' lang='lat' dir='ltr'>Spiritui</span> <span class='ocrx_word' id='word_1_212' title='bbox 816 3952 871 4012; x_wconf 90' lang='lat' dir='ltr'>tuo</span> <span class='ocrx_word' id='word_1_213' title='bbox 899 3950 1025 4013; x_wconf 90' lang='lat' dir='ltr'>sancto.</span> <span class='ocrx_word' id='word_1_214' title='bbox 1069 3959 1072 3964; x_wconf 86' lang='grc'><em>·</em></span> <span class='ocrx_word' id='word_1_215' title='bbox 1144 3925 1147 3931; x_wconf 53' lang='grc'><strong>’</strong></span> 
     </span>
    </p>

    <p class='ocr_par' dir='ltr' id='par_1_9' title="bbox 700 4054 1031 4147">
     <span class='ocr_line' id='line_1_28' title="bbox 700 4054 1031 4147; baseline 0.009 -24"><span class='ocrx_word' id='word_1_216' title='bbox 700 4054 858 4147; x_wconf 85' lang='lat' dir='ltr'>Popnlua.</span> <span class='ocrx_word' id='word_1_217' title='bbox 911 4057 1031 4127; x_wconf 86' lang='lat' dir='ltr'>Arnen.</span> 
     </span>
    </p>

    <p class='ocr_par' dir='ltr' id='par_1_10' title="bbox 593 4151 1973 4708">
     <span class='ocr_line' id='line_1_29' title="bbox 698 4151 1971 4254; baseline 0.006 -15"><span class='ocrx_word' id='word_1_218' title='bbox 698 4151 872 4243; x_wconf 77' lang='lat' dir='ltr'>Sacerdos</span> <span class='ocrx_word' id='word_1_219' title='bbox 896 4173 1086 4242; x_wconf 80' lang='lat' dir='ltr'>irretientes.</span> <span class='ocrx_word' id='word_1_220' title='bbox 1125 4173 1304 4244; x_wconf 89' lang='lat' dir='ltr'>Praeclare</span> <span class='ocrx_word' id='word_1_221' title='bbox 1327 4183 1359 4242; x_wconf 92' lang='lat' dir='ltr'>et</span> <span class='ocrx_word' id='word_1_222' title='bbox 1381 4171 1670 4254; x_wconf 87' lang='lat' dir='ltr'>abundantissime,</span> <span class='ocrx_word' id='word_1_223' title='bbox 1694 4181 1860 4244; x_wconf 87' lang='lat' dir='ltr'>momento</span> <span class='ocrx_word' id='word_1_224' title='bbox 1884 4175 1971 4247; x_wconf 90' lang='lat' dir='ltr'>Do-</span> 
     </span>
     <span class='ocr_line' id='line_1_30' title="bbox 595 4288 1973 4384; baseline 0.004 -27"><span class='ocrx_word' id='word_1_225' title='bbox 595 4289 684 4357; x_wconf 92' lang='lat' dir='ltr'>mine</span> <span class='ocrx_word' id='word_1_226' title='bbox 707 4290 888 4357; x_wconf 92' lang='lat' dir='ltr'>animarum</span> <span class='ocrx_word' id='word_1_227' title='bbox 912 4299 945 4359; x_wconf 91' lang='lat' dir='ltr'>et</span> <span class='ocrx_word' id='word_1_228' title='bbox 967 4290 1137 4383; x_wconf 92' lang='lat' dir='ltr'>spirituum</span> <span class='ocrx_word' id='word_1_229' title='bbox 1160 4298 1303 4384; x_wconf 84' lang='lat' dir='ltr'>patrum,</span> <span class='ocrx_word' id='word_1_230' title='bbox 1326 4288 1475 4375; x_wconf 80' lang='lat' dir='ltr'>fratrum,</span> <span class='ocrx_word' id='word_1_231' title='bbox 1498 4290 1798 4381; x_wconf 90' lang='lat' dir='ltr'>magistrorumque</span> <span class='ocrx_word' id='word_1_232' title='bbox 1822 4299 1973 4362; x_wconf 92' lang='lat' dir='ltr'>nostro-</span> 
     </span>
     <span class='ocr_line' id='line_1_31' title="bbox 594 4402 1972 4498; baseline 0.005 -27"><span class='ocrx_word' id='word_1_233' title='bbox 594 4425 679 4489; x_wconf 88' lang='lat' dir='ltr'>rum,</span> <span class='ocrx_word' id='word_1_234' title='bbox 704 4414 737 4474; x_wconf 91' lang='lat' dir='ltr'>et</span> <span class='ocrx_word' id='word_1_235' title='bbox 761 4426 875 4474; x_wconf 89' lang='lat' dir='ltr'>eorum</span> <span class='ocrx_word' id='word_1_236' title='bbox 892 4407 1034 4475; x_wconf 89' lang='lat' dir='ltr'>omnium</span> <span class='ocrx_word' id='word_1_237' title='bbox 1052 4408 1107 4498; x_wconf 89' lang='lat' dir='ltr'>qni</span> <span class='ocrx_word' id='word_1_238' title='bbox 1122 4408 1154 4474; x_wconf 95' lang='lat' dir='ltr'>in</span> <span class='ocrx_word' id='word_1_239' title='bbox 1169 4403 1383 4476; x_wconf 82' lang='lat' dir='ltr'>confessione</span> <span class='ocrx_word' id='word_1_240' title='bbox 1410 4403 1604 4476; x_wconf 84' lang='lat' dir='ltr'>Ortbodoxa</span> <span class='ocrx_word' id='word_1_241' title='bbox 1620 4427 1666 4474; x_wconf 82' lang='lat' dir='ltr'>ex</span> <span class='ocrx_word' id='word_1_242' title='bbox 1681 4402 1744 4473; x_wconf 91' lang='lat' dir='ltr'>boc</span> <span class='ocrx_word' id='word_1_243' title='bbox 1771 4402 1896 4476; x_wconf 90' lang='lat' dir='ltr'>mundo</span> <span class='ocrx_word' id='word_1_244' title='bbox 1927 4405 1972 4477; x_wconf 88' lang='lat' dir='ltr'>ad</span> 
     </span>
     <span class='ocr_line' id='line_1_32' title="bbox 595 4517 1971 4616; baseline 0.001 -26"><span class='ocrx_word' id='word_1_245' title='bbox 595 4529 628 4590; x_wconf 93' lang='lat' dir='ltr'>to</span> <span class='ocrx_word' id='word_1_246' title='bbox 654 4517 796 4614; x_wconf 89' lang='lat' dir='ltr'>proiecti</span> <span class='ocrx_word' id='word_1_247' title='bbox 824 4519 988 4609; x_wconf 88' lang='lat' dir='ltr'>obierunt,</span> <span class='ocrx_word' id='word_1_248' title='bbox 1016 4532 1048 4591; x_wconf 93' lang='lat' dir='ltr'>et</span> <span class='ocrx_word' id='word_1_249' title='bbox 1076 4520 1139 4591; x_wconf 91' lang='lat' dir='ltr'>illis</span> <span class='ocrx_word' id='word_1_250' title='bbox 1165 4522 1313 4614; x_wconf 89' lang='lat' dir='ltr'>requiem</span> <span class='ocrx_word' id='word_1_251' title='bbox 1340 4530 1486 4614; x_wconf 89' lang='lat' dir='ltr'>praesta,</span> <span class='ocrx_word' id='word_1_252' title='bbox 1514 4529 1548 4590; x_wconf 92' lang='lat' dir='ltr'>ut</span> <span class='ocrx_word' id='word_1_253' title='bbox 1581 4524 1619 4591; x_wconf 93' lang='lat' dir='ltr'>iis</span> <span class='ocrx_word' id='word_1_254' title='bbox 1646 4521 1762 4607; x_wconf 90' lang='lat' dir='ltr'>etiam,</span> <span class='ocrx_word' id='word_1_255' title='bbox 1790 4540 1855 4613; x_wconf 94' lang='lat' dir='ltr'>pro</span> <span class='ocrx_word' id='word_1_256' title='bbox 1886 4524 1971 4616; x_wconf 93' lang='lat' dir='ltr'>qui-</span> 
     </span>
     <span class='ocr_line' id='line_1_33' title="bbox 593 4632 1229 4708; baseline 0.002 -4"><span class='ocrx_word' id='word_1_257' title='bbox 593 4633 655 4704; x_wconf 92' lang='lat' dir='ltr'>bus</span> <span class='ocrx_word' id='word_1_258' title='bbox 683 4632 747 4704; x_wconf 89' lang='lat' dir='ltr'>boc</span> <span class='ocrx_word' id='word_1_259' title='bbox 774 4637 967 4707; x_wconf 86' lang='lat' dir='ltr'>sacrificium</span> <span class='ocrx_word' id='word_1_260' title='bbox 996 4635 1140 4708; x_wconf 91' lang='lat' dir='ltr'>oblatum</span> <span class='ocrx_word' id='word_1_261' title='bbox 1169 4646 1229 4707; x_wconf 89' lang='lat' dir='ltr'>est.</span> 
     </span>
    </p>

    <p class='ocr_par' dir='ltr' id='par_1_11' title="bbox 592 4749 1972 5426">
     <span class='ocr_line' id='line_1_34' title="bbox 698 4749 1971 4834; baseline 0.005 -17"><span class='ocrx_word' id='word_1_262' title='bbox 698 4749 848 4821; x_wconf 75' lang='lat' dir='ltr'>Elec-cns</span> <span class='ocrx_word' id='word_1_263' title='bbox 874 4774 998 4821; x_wconf 76' lang='lat' dir='ltr'>coccae.</span> <span class='ocrx_word' id='word_1_264' title='bbox 1032 4752 1218 4824; x_wconf 87' lang='lat' dir='ltr'>Efficaciter</span> <span class='ocrx_word' id='word_1_265' title='bbox 1245 4762 1410 4822; x_wconf 91' lang='lat' dir='ltr'>memento</span> <span class='ocrx_word' id='word_1_266' title='bbox 1438 4750 1565 4822; x_wconf 91' lang='lat' dir='ltr'>illorum</span> <span class='ocrx_word' id='word_1_267' title='bbox 1593 4751 1746 4834; x_wconf 81' lang='lat' dir='ltr'>Domine,</span> <span class='ocrx_word' id='word_1_268' title='bbox 1773 4758 1808 4820; x_wconf 87' lang='lat' dir='ltr'>et</span> <span class='ocrx_word' id='word_1_269' title='bbox 1834 4753 1971 4823; x_wconf 90' lang='lat' dir='ltr'>animas</span> 
     </span>
     <span class='ocr_line' id='line_1_35' title="bbox 594 4863 1971 4962; baseline 0.005 -29"><span class='ocrx_word' id='word_1_270' title='bbox 594 4887 707 4935; x_wconf 86' lang='lat' dir='ltr'>eorum</span> <span class='ocrx_word' id='word_1_271' title='bbox 736 4865 865 4937; x_wconf 90' lang='lat' dir='ltr'>colloca</span> <span class='ocrx_word' id='word_1_272' title='bbox 893 4870 925 4936; x_wconf 93' lang='lat' dir='ltr'>in</span> <span class='ocrx_word' id='word_1_273' title='bbox 954 4865 1145 4939; x_wconf 89' lang='lat' dir='ltr'>habitaculis</span> <span class='ocrx_word' id='word_1_274' title='bbox 1174 4871 1318 4939; x_wconf 91' lang='lat' dir='ltr'>aeternis</span> <span class='ocrx_word' id='word_1_275' title='bbox 1345 4867 1438 4954; x_wconf 91' lang='lat' dir='ltr'>lucis,</span> <span class='ocrx_word' id='word_1_276' title='bbox 1467 4878 1500 4938; x_wconf 89' lang='lat' dir='ltr'>et</span> <span class='ocrx_word' id='word_1_277' title='bbox 1527 4865 1611 4936; x_wconf 89' lang='lat' dir='ltr'>ilbus</span> <span class='ocrx_word' id='word_1_278' title='bbox 1636 4863 1847 4935; x_wconf 86' lang='lat' dir='ltr'>beatitudinis</span> <span class='ocrx_word' id='word_1_279' title='bbox 1877 4890 1971 4962; x_wconf 87' lang='lat' dir='ltr'>quac</span> 
     </span>
     <span class='ocr_line' id='line_1_36' title="bbox 592 4979 1972 5080; baseline 0.005 -31"><span class='ocrx_word' id='word_1_280' title='bbox 592 5004 653 5074; x_wconf 89' lang='lat' dir='ltr'>per</span> <span class='ocrx_word' id='word_1_281' title='bbox 680 4981 939 5053; x_wconf 89' lang='lat' dir='ltr'>misericordiam</span> <span class='ocrx_word' id='word_1_282' title='bbox 967 4993 1054 5054; x_wconf 92' lang='lat' dir='ltr'>tuam</span> <span class='ocrx_word' id='word_1_283' title='bbox 1082 4983 1282 5074; x_wconf 89' lang='lat' dir='ltr'>singularem</span> <span class='ocrx_word' id='word_1_284' title='bbox 1311 4981 1487 5072; x_wconf 74' lang='lat' dir='ltr'>obtinetur,</span> <span class='ocrx_word' id='word_1_285' title='bbox 1515 4993 1548 5052; x_wconf 89' lang='lat' dir='ltr'>et</span> <span class='ocrx_word' id='word_1_286' title='bbox 1573 4984 1606 5051; x_wconf 91' lang='lat' dir='ltr'>in</span> <span class='ocrx_word' id='word_1_287' title='bbox 1632 4979 1715 5051; x_wconf 90' lang='lat' dir='ltr'>locis</span> <span class='ocrx_word' id='word_1_288' title='bbox 1742 4983 1861 5074; x_wconf 90' lang='lat' dir='ltr'>quietis</span> <span class='ocrx_word' id='word_1_289' title='bbox 1890 4987 1972 5080; x_wconf 92' lang='lat' dir='ltr'>spi-</span> 
     </span>
     <span class='ocr_line' id='line_1_37' title="bbox 595 5095 1970 5194; baseline 0.005 -29"><span class='ocrx_word' id='word_1_290' title='bbox 595 5100 677 5166; x_wconf 89' lang='lat' dir='ltr'>ritus</span> <span class='ocrx_word' id='word_1_291' title='bbox 705 5120 821 5168; x_wconf 92' lang='lat' dir='ltr'>corum</span> <span class='ocrx_word' id='word_1_292' title='bbox 849 5098 994 5186; x_wconf 81' lang='lat' dir='ltr'>colloca,</span> <span class='ocrx_word' id='word_1_293' title='bbox 1029 5120 1157 5192; x_wconf 91' lang='lat' dir='ltr'>nosque</span> <span class='ocrx_word' id='word_1_294' title='bbox 1191 5110 1224 5170; x_wconf 93' lang='lat' dir='ltr'>et</span> <span class='ocrx_word' id='word_1_295' title='bbox 1255 5121 1316 5194; x_wconf 89' lang='lat' dir='ltr'>eos</span> <span class='ocrx_word' id='word_1_296' title='bbox 1350 5098 1445 5170; x_wconf 91' lang='lat' dir='ltr'>simul</span> <span class='ocrx_word' id='word_1_297' title='bbox 1470 5097 1611 5168; x_wconf 90' lang='lat' dir='ltr'>laetilica</span> <span class='ocrx_word' id='word_1_298' title='bbox 1636 5095 1758 5166; x_wconf 88' lang='lat' dir='ltr'>lumine</span> <span class='ocrx_word' id='word_1_299' title='bbox 1784 5097 1970 5191; x_wconf 90' lang='lat' dir='ltr'>praeclaro</span> 
     </span>
     <span class='ocr_line' id='line_1_38' title="bbox 597 5210 1971 5307; baseline 0.005 -28"><span class='ocrx_word' id='word_1_300' title='bbox 597 5210 707 5284; x_wconf 76' lang='lat' dir='ltr'>uultus</span> <span class='ocrx_word' id='word_1_301' title='bbox 737 5217 798 5284; x_wconf 89' lang='lat' dir='ltr'>tui:</span> <span class='ocrx_word' id='word_1_302' title='bbox 827 5217 902 5307; x_wconf 89' lang='lat' dir='ltr'>quia</span> <span class='ocrx_word' id='word_1_303' title='bbox 930 5214 1016 5307; x_wconf 90' lang='lat' dir='ltr'>quod</span> <span class='ocrx_word' id='word_1_304' title='bbox 1044 5214 1085 5285; x_wconf 92' lang='lat' dir='ltr'>ab</span> <span class='ocrx_word' id='word_1_305' title='bbox 1114 5218 1281 5306; x_wconf 89' lang='lat' dir='ltr'>unigenito</span> <span class='ocrx_word' id='word_1_306' title='bbox 1310 5215 1394 5287; x_wconf 88' lang='lat' dir='ltr'>Filio</span> <span class='ocrx_word' id='word_1_307' title='bbox 1416 5226 1471 5286; x_wconf 92' lang='lat' dir='ltr'>tuo</span> <span class='ocrx_word' id='word_1_308' title='bbox 1497 5211 1760 5285; x_wconf 89' lang='lat' dir='ltr'>conuneudatum</span> <span class='ocrx_word' id='word_1_309' title='bbox 1782 5221 1871 5302; x_wconf 91' lang='lat' dir='ltr'>erat,</span> <span class='ocrx_word' id='word_1_310' title='bbox 1901 5237 1971 5286; x_wconf 90' lang='lat' dir='ltr'>ac-</span> 
     </span>
     <span class='ocr_line' id='line_1_39' title="bbox 597 5329 1931 5426; baseline 0.004 -29"><span class='ocrx_word' id='word_1_311' title='bbox 597 5330 756 5422; x_wconf 90' lang='lat' dir='ltr'>cepimus,</span> <span class='ocrx_word' id='word_1_312' title='bbox 784 5339 817 5399; x_wconf 89' lang='lat' dir='ltr'>et</span> <span class='ocrx_word' id='word_1_313' title='bbox 842 5351 903 5424; x_wconf 88' lang='lat' dir='ltr'>per</span> <span class='ocrx_word' id='word_1_314' title='bbox 931 5329 1017 5401; x_wconf 91' lang='lat' dir='ltr'>illum</span> <span class='ocrx_word' id='word_1_315' title='bbox 1046 5333 1142 5400; x_wconf 90' lang='lat' dir='ltr'>etiam</span> <span class='ocrx_word' id='word_1_316' title='bbox 1171 5352 1344 5426; x_wconf 91' lang='lat' dir='ltr'>speramus</span> <span class='ocrx_word' id='word_1_317' title='bbox 1371 5329 1632 5403; x_wconf 88' lang='lat' dir='ltr'>misericordiam</span> <span class='ocrx_word' id='word_1_318' title='bbox 1659 5332 1833 5423; x_wconf 89' lang='lat' dir='ltr'>consequi,</span> <span class='ocrx_word' id='word_1_319' title='bbox 1860 5341 1931 5403; x_wconf 85' lang='lat' dir='ltr'>etc.</span> 
     </span>
    </p>
   </div>
   <div class='ocr_carea' id='block_1_3' title="bbox 0 0 2580 6534">
    <p class='ocr_par' dir='ltr' id='par_1_12' title="bbox 0 0 2580 6534">
     <span class='ocr_line' id='line_1_40' title="bbox 0 0 2580 6534; baseline 0 0"><span class='ocrx_word' id='word_1_320' title='bbox 0 0 2580 6534; x_wconf 95' lang='lat' dir='ltr'> </span> 
     </span>
    </p>
   </div>
  </div>
 </body>
</html>
