5150 6534
804 826 919 905 Bllll'll
943 822 1081 902 chosst
1105 823 1346 903 nttntrtntts
1372 824 1543 904 EPISCOPI
1568 828 1759 907 nnnssnnt.
1890 828 1968 904 375

594 1028 700 1103 nsque
726 1007 878 1084 adfines
905 1021 1016 1083 terrae
1041 1008 1239 1084 habitabilis.
1295 1008 1517 1084 confirmetur
1543 1034 1605 1107 per
1630 1013 1853 1087 fortitudinem
1878 1014 1967 1088 hra-

593 1120 657 1194 clrii
682 1125 741 1213 tui,
767 1125 973 1200 confortetm
997 1149 1060 1222 per
1085 1128 1240 1199 virtutem
1268 1129 1439 1223 potentiae
1465 1137 1553 1215 tuae,
1580 1128 1771 1224 referatque
1796 1129 1855 1202 tibi
1881 1130 1965 1222 glo-

480 1305 483 1309 ,
591 1241 677 1310 dam
703 1249 738 1311 et
760 1238 894 1314 laudem
920 1242 1082 1336 simulque
1108 1245 1279 1333 unigenito
1306 1241 1392 1314 Filio
1418 1252 1476 1313 tuo
1503 1252 1539 1314 et
1563 1242 1699 1339 Spiritui
1723 1256 1780 1319 tuo
1807 1254 1935 1319 saneto.

650 1404 652 1407 <
697 1354 872 1428 Sacerdos
897 1358 1090 1429 inclinetur.
1142 1356 1187 1429 Et
1212 1380 1273 1451 per
1300 1358 1405 1430 solam
1432 1358 1696 1431 misericordiam
1722 1370 1824 1452 nram,
1850 1363 1967 1434 susci-

592 1474 691 1567 piens
715 1467 776 1543 has
809 1469 998 1544 oblationes
1033 1494 1080 1543 ex
1113 1470 1263 1543 menibus
1298 1476 1382 1544 meis
1414 1471 1678 1572 peccatricibus,
1715 1497 1832 1546 eornm
1867 1478 1968 1546 etiam

593 1588 649 1680 qni
681 1596 884 1682 optaverunt
917 1586 1040 1659 ollerre
1074 1597 1108 1659 et
1141 1586 1335 1660 facultatem
1368 1609 1436 1660 non
1467 1585 1672 1677 hahuerunt,
1705 1598 1871 1667 memento
1904 1605 1967 1684 per

592 1700 854 1773 inisericordiam
880 1715 980 1775 tuam

697 1814 998 1889 mosomensem.
1050 1816 1096 1887 Et
1128 1837 1244 1889 eorum
1276 1821 1331 1913 qni
1358 1839 1433 1888 cum
1459 1816 1524 1889 lide
1550 1820 1684 1891 etzelo
1711 1818 1840 1891 ardenti
1865 1821 1966 1891 veri-

592 1929 684 2021 tatis,
709 1934 870 2028 primitias
877 1984 888 2019 ,
916 1931 1082 2021 decimas,
1109 1930 1297 2005 oblationes
1325 1941 1359 2004 et
1385 1932 1495 2021 dona,
1521 1931 1699 2006 Ecclesiae
1726 1945 1802 2006 tuae
1829 1944 1967 2006 sanctae

593 2058 752 2143 separant
785 2057 820 2119 et
848 2046 1050 2146 largiuntur,
1084 2050 1206 2143 quique
1238 2046 1493 2120 necessitatibus
1530 2056 1564 2118 et
1596 2051 1731 2145 inopiae
1769 2069 1965 2143 pauperum,

594 2161 798 2252 afflictorum,
826 2172 859 2233 et
885 2166 1152 2257 persecutionem
1173 2167 1365 2258 patientium
1387 2165 1644 2253 communicant,
1672 2167 1705 2235 in
1731 2163 1797 2236 hoc
1815 2174 1966 2259 tempore

575 2275 691 2370 ‘liujus
716 2276 871 2351 saerilioii
896 2289 1074 2350 memento.
1126 2277 1196 2350 Sed
1223 2300 1334 2372 neque
1360 2280 1503 2373 suspiria
1531 2287 1565 2348 et
1586 2281 1729 2370 gemitus
1755 2300 1884 2366 eorum,
1911 2281 1968 2371 qui

592 2394 628 2462 in
655 2396 809 2485 angustia
836 2395 982 2488 spiritus,
1010 2402 1045 2464 et
1070 2392 1181 2465 cordis
1209 2393 1384 2465 allisione
1411 2402 1498 2481 sunt,
1525 2393 1679 2484 negligas
1702 2393 1864 2465 Domine:
1890 2395 1967 2485 quia

552 2553 555 2557 »
592 2516 628 2579 tn
653 2505 784 2594 beatus,
810 2512 933 2579 veniae
958 2507 1099 2599 largitor
1126 2517 1160 2578 ct
1184 2506 1352 2579 hominnm
1379 2491 1587 2596 amatores,
1614 2507 1739 2602 tibique
1764 2506 1906 2597 gloriam
1933 2516 1969 2578 et

590 2620 731 2694 laudem
750 2620 937 2710 referimus,
965 2645 1039 2693 cum
1066 2626 1238 2715 unigenito
1259 2621 1345 2695 Filio
1372 2633 1442 2709 tuo,
1470 2630 1505 2693 et
1529 2621 1654 2717 Spiritu
1681 2632 1809 2695 sancto.

696 2736 873 2808 Sacerdos
896 2738 1089 2808 inclinetur.
1142 2738 1311 2810 Memento
1343 2737 1487 2809 Domine
1526 2732 1539 2771 ⁷
1573 2737 1703 2830 Regum
1739 2737 1884 2810 fidelium
1910 2742 1967 2833 qui

594 2853 752 2925 auxilium
778 2852 858 2923 dant
882 2851 1059 2925 Ecclesiae
1092 2864 1169 2925 tuae
1203 2862 1356 2938 sanctae,
1391 2862 1425 2923 et
1463 2874 1576 2948 pugna
1607 2875 1670 2948 pro
1697 2857 1763 2944 eis,
1798 2865 1832 2926 et
1855 2854 1967 2945 judica

591 2975 731 3039 cansam
756 2988 887 3056 eorum,
915 2966 1078 3040 adversus
1105 2969 1256 3039 inimicos
1284 2988 1413 3039 eorum.
1603 3045 1605 3049 Α

696 3081 823 3153 Eleoot
847 3104 973 3152 vocem.
1026 3081 1070 3153 Et
1103 3082 1215 3177 lupos,
1250 3091 1349 3176 atque
1390 3093 1552 3177 tyrannos
1587 3069 1648 3177 'qui
1682 3085 1781 3155 avide
1803 3083 1967 3156 ‘frendent

593 3195 746 3269 dentibus
776 3207 893 3269 contra
917 3195 1107 3269 Ecclesiam
1140 3207 1245 3284 mam,
1286 3206 1321 3266 et
1352 3207 1472 3268 ecana
1502 3218 1593 3269 oves
1624 3203 1742 3290 gregis
1774 3203 1820 3271 tui
1848 3204 1967 3289 sancti,

536 3312 699 3407 ›ss->perde
724 3322 759 3383 et
785 3311 918 3406 dissipa.
972 3310 1113 3385 Gladios
1147 3316 1247 3383 etiam
1279 3314 1429 3384 sitientes
1463 3315 1660 3403 sanguinem
1686 3312 1893 3385 adorantium
1921 3325 1966 3405 te,

590 3440 713 3519 magna
740 3426 930 3499 fortitudine
956 3425 1081 3499 brachii
1115 3430 1160 3499 tui
1194 3426 1313 3498 hebete
1349 3437 1382 3498 et
1407 3427 1531 3522 perde,
1560 3422 1735 3521 confringe
1762 3438 1796 3500 et
1822 3428 1964 3525 repelle:

592 3541 741 3613 militiam
767 3562 900 3636 quoque
925 3542 1012 3612 illam
1041 3564 1127 3637 quae
1155 3542 1304 3613 decertat
1336 3562 1397 3636 pro
1426 3540 1655 3614 aedificatione
1681 3543 1856 3617 Ecclesiae
1883 3549 1964 3615 uni-

554 3659 696 3751 2ssgeniti
722 3656 797 3729 Eilii
824 3659 888 3744 tui,
922 3659 1050 3728 virmte
1076 3667 1132 3728 tua
1163 3657 1380 3751 insuperabili
1406 3656 1565 3729 confirma
1598 3666 1633 3727 et
1659 3660 1798 3751 adjuva:
1827 3661 1902 3753 quia
1930 3670 1965 3730 tu

559 3770 776 3865 “refuginm,
803 3770 973 3861 salvator,
1006 3782 1041 3843 et
1066 3771 1198 3865 adjutor
1224 3782 1341 3844 noster
1366 3793 1424 3858 es,
1451 3771 1576 3867 tibique
1602 3772 1746 3863 gloriam
1773 3782 1807 3843 et
1832 3773 1963 3844 landem

536 3920 575 3941 -
590 3887 785 3977 referimus,
812 3896 846 3957 et
871 3890 1045 3979 unigenito
1068 3885 1155 3959 Filio
1182 3897 1238 3959 tuo
1266 3897 1302 3957 et
1325 3885 1462 3982 Spiritui
1488 3898 1555 3959 tuo.

562 4026 597 4037 >·
696 4001 873 4074 Sacerdos
904 4002 1096 4072 iocliootor.
1157 4000 1214 4072 Ad
1253 4000 1376 4073 bonam
1417 4004 1516 4074 etiam
1556 4007 1749 4075 memoriam
1784 4022 1964 4089 revocans,

591 4115 777 4213 Prophetas
800 4115 940 4206 eleetos,
960 4115 1202 4189 revelationum
1226 4118 1503 4207 investigatores:
1528 4125 1694 4188 memento
1715 4117 1884 4208 genitricis
1899 4114 1965 4186 Dei

543 4230 741 4320 wmarus,
776 4229 1033 4326 Apostolorum,
1068 4230 1273 4325 llartymm,
1312 4227 1573 4319 Confessomm,
1612 4229 1790 4323 Stephani,
1824 4230 1964 4302 loannis

590 4344 773 4443 Baptistae,
801 4357 834 4418 et
861 4348 1004 4417 omnium
1031 4343 1229 4417 Sanctorum
1257 4347 1313 4439 qui
1339 4370 1359 4417 a
1386 4345 1523 4417 saeculo
1549 4344 1745 4440 placuenmt
1764 4328 1837 4417 'unt

695 4461 846 4533 Elecores
859 4482 985 4531 coccea.
1011 4458 1137 4533 Eorum
1151 4463 1206 4555 qui
1219 4464 1419 4556 interpretes
1432 4459 1566 4531 luerunt
1576 4462 1813 4555 mysteriorum
1827 4461 1964 4531 inscru-
2100 4533 2103 4541 ,

536 4572 740 4647 eduinum
767 4574 1023 4668 dispensationis
1050 4577 1210 4665 unigeniti
1226 4575 1302 4646 Filii
1328 4578 1385 4662 tui,
1412 4576 1468 4667 qui
1495 4572 1689 4645 abscondita
1716 4585 1772 4645 tua
1798 4574 1964 4658 viderunt,

547 4692 650 4783 requi
672 4686 929 4760 ‘resialstrusas
956 4692 1248 4760 annuntiavenmt:
1284 4692 1340 4784 qni
1373 4686 1483 4761 lutura
1515 4687 1763 4760 indicavenmt:
1797 4689 1853 4781 qni
1884 4707 1965 4759 ser-

559 4809 694 4875 rsmone
719 4802 870 4898 simplici,
898 4806 1097 4899 sapientiam
1122 4808 1308 4898 sapientum
1328 4801 1570 4875 confuderunt:
1596 4804 1703 4896 quiin
1724 4801 1967 4895 ipsacorporis

559 4914 781 4989 s'infirmitatc
807 4918 944 4992 dnronos
972 4939 1089 5009 regum
1123 4922 1306 5013 potentium
1339 4927 1471 4989 terrore
1503 4928 1762 5004 concusserunt,
1778 4947 1781 4960 1
1797 4926 1834 4988 ut
1867 4918 1968 4987 etium

589 5052 709 5103 *eorum
736 5035 792 5126 qni
819 5035 973 5104 cervices
1000 5052 1079 5103 suas
1105 5031 1311 5103 tradiderunt
1336 5034 1509 5104 tormentis
1534 5039 1570 5102 et
1602 5029 1793 5121 doloribus,
1827 5038 1968 5126 propter

583 5160 717 5218 nomen
736 5156 831 5218 tunm*
849 5157 1018 5220 sanctum:
1045 5167 1161 5218 eorum
1181 5147 1237 5241 qui
1254 5144 1376 5217 mundo
1399 5155 1433 5217 et
1452 5147 1729 5239 concupiscentiis
1748 5150 1823 5238 ejus
1836 5149 1964 5214 renun-

545 5321 549 5328 „
587 5260 780 5353 tiaverunt,
812 5270 848 5333 et
873 5271 1089 5334 cucurrerunt
1119 5271 1199 5357 post
1222 5269 1405 5357 praecepta
1419 5258 1542 5333 Christi
1563 5260 1609 5330 tui
1626 5267 1792 5332 memento
1806 5258 1964 5343 Domine,
2003 5273 2014 5282 ·
