5150 6534
600 830 676 908 156
935 829 1636 909 tltundllrurnllt

699 1016 1095 1088 Sacerdortsctinutar.
1133 1016 1975 1116 Smmffimnagnaeniserioorffiolio-

595 1137 702 1221 mine,
743 1130 1975 1229 quiperamoremtuumergabominesllintuffi'n

594 1249 768 1320 mundum:
795 1258 830 1319 et
854 1252 930 1342 ipse
954 1247 1549 1339 inVirgineblariaincarnatusest
1574 1246 1618 1319 ad
1643 1248 1785 1321 saluta·
1808 1260 1972 1324 nostran.

700 1362 852 1433 Ηευακε
882 1385 1009 1433 noem.
1067 1364 1132 1449 Qui
1165 1384 1239 1434 cnm
1271 1362 1377 1434 vellet
1409 1373 1548 1455 guastura
1580 1374 1742 1452 mortem,
1776 1376 1813 1437 et
1841 1364 1974 1440 ruet·

596 1500 744 1573 vespere
769 1478 956 1573 perficeret,
983 1480 1115 1574 accepit
1138 1499 1261 1573 panem
1286 1479 1322 1548 in
1347 1500 1466 1552 manus
1491 1477 1982 1569 suas‚†teaedtxn,†sra-·

478 1691 481 1697 Ι
599 1593 776 1683 ctiticavit,
810 1596 900 1681 Jset
923 1592 1043 1686 lregit,
1076 1592 1233 1689 deditque
1266 1592 1385 1665 turbae
1415 1592 1653 1689 Apostolorum
1688 1606 1903 1706 sanctum,
1937 1607 1973 1670 at

599 1706 701 1779 dixit:
735 1710 890 1805 Accipite
924 1720 960 1782 et
998 1707 1013 1746 ²
1044 1708 1249 1782 manducate.
1308 1709 1385 1782 lloc
1414 1720 1468 1781 est
1498 1731 1624 1805 corpus
1656 1732 1766 1783 meum
1792 1710 1885 1807 qnod
1908 1733 1971 1809 pro

600 1823 701 1897 vobis
728 1835 762 1896 et
785 1849 849 1920 pro
875 1824 984 1898 multis
1010 1824 1176 1917 frangitur
1201 1836 1236 1896 et
1261 1824 1420 1896 dividitur
1444 1828 1479 1895 in
1504 1827 1732 1919 expiationem
1761 1825 1971 1917 debctnm

598 1943 831 2015 remissionem
856 1950 1073 2036 peccatorum
1099 1953 1134 2013 et
1158 1943 1262 2012 vitam
1288 1951 1468 2011 aeternam
1719 1949 1723 1953 ’

702 2056 865 2150 Populus.
917 2058 1035 2128 Amen

700 2171 886 2243 Sacerdos.
937 2169 1098 2242 Similiter
1123 2180 1158 2241 et
1183 2169 1321 2242 calicem
1348 2173 1495 2243 miscens
1520 2172 1623 2259 vino,
1657 2178 1693 2242 ct
1717 2192 1822 2265 aqna,
1846 2171 1879 2258 †
1901 2168 1969 2244 be-

598 2286 743 2374 nedixit,
779 2293 801 2368 †
832 2285 1066 2371 sanctificavit,
1098 2292 1121 2367 †
1152 2295 1187 2355 ct
1220 2284 1304 2356 dixit
1329 2288 1396 2357 eis:
1428 2285 1601 2379 Accipite,
1633 2282 1738 2356 bibita
1762 2308 1810 2357 ax
1834 2306 1879 2359 ao
1904 2307 1969 2361 ros

597 2422 723 2473 omnes.
765 2400 829 2475 llic
854 2408 908 2472 cst
933 2399 1023 2471 culix
1049 2403 1222 2492 sanguinis
1247 2402 1313 2471 mei
1339 2398 1431 2471 Novi
1456 2399 1671 2487 Testamenti,
1697 2403 1753 2494 qui
1776 2421 1843 2495 pro
1867 2398 1966 2474 rob'u

596 2525 631 2586 et
655 2535 719 2611 pro
745 2515 855 2587 multis
882 2513 1068 2605 effunditur,
1094 2519 1128 2586 in
1154 2500 1378 2610 expiationem
1399 2513 1606 2602 delictorum,
1631 2518 1865 2589 missionem
1879 2538 1967 2612 peo-

596 2641 763 2722 catorum,
790 2641 824 2703 et
849 2634 954 2703 vitam
981 2641 1161 2702 aeternam.

701 2746 862 2837 Populea.
915 2747 1035 2821 Amen.
1642 2775 1644 2778 ·

702 2859 887 2932 Sacerdos.
939 2860 1015 2933 Hoc
1040 2864 1223 2958 praecepit,
1250 2871 1285 2933 et
1310 2863 1436 2933 monuit
1461 2859 1556 2949 illos,
1581 2858 1672 2954 quod
1695 2863 1968 2957 quotiesmquo

596 2978 758 3071 mysteria
785 2975 869 3048 baec
895 2978 1090 3073 perficietis,
1117 2987 1279 3068 mortem,
1305 2988 1340 3049 et
1364 2979 1646 3049 resurrectionem
1676 2997 1787 3047 meum
1811 2978 1966 3050 uomina·

594 3089 789 3181 manebitis,
816 3091 924 3165 donec
949 3095 1092 3164 venium.
1712 3091 1715 3092 ⁷

698 3207 860 3301 Populus.
913 3208 1032 3281 Mortis
1058 3219 1144 3280 tuae.

698 3321 884 3395 Sacerdos.
925 3323 1117 3397 Adventum
1143 3334 1233 3395 tunm
1259 3321 1440 3418 salutarem
1465 3332 1500 3392 at
1525 3319 1706 3392 secundum
1732 3316 1837 3409 Μ
1863 3340 1963 3392 oon-

595 3448 831 3527 memorantes,
859 3439 1015 3528 Domino,
1040 3438 1172 3511 laudem
1198 3460 1273 3511 cum
1300 3438 1537 3534 deprecatione
1560 3438 1727 3529 majestati
1751 3442 1832 3505 tue
1848 3432 1966 3506 oum-

595 3575 686 3642 mus,
714 3565 749 3625 ut
775 3557 807 3624 in
835 3554 979 3627 timendo
1008 3554 1081 3642 illo,
1109 3563 1143 3626 et
1168 3552 1307 3625 terribili
1328 3553 1445 3647 Judicii
1471 3552 1545 3642 die,
1571 3554 1698 3645 inquo
1719 3546 1906 3641 mutorum,
1933 3558 1967 3623 et

594 3678 808 3761 peccatorum
835 3691 979 3740 examen
1006 3673 1177 3755 institues,
1210 3689 1276 3739 non
1304 3668 1483 3739 secundum
1510 3678 1648 3762 peccata
1682 3674 1819 3755 matra,
1852 3662 1966 3737 undas

594 3804 657 3854 nos
685 3783 796 3855 ardori
823 3782 956 3856 lletunm
982 3796 1017 3857 et
1042 3807 1234 3880 poenarum,
1262 3806 1372 3878 neque
1397 3793 1537 3879 propter
1551 3784 1725 3878 nequitias,
1752 3782 1966 3877 otmsipien-

594 3901 658 3968 tias
685 3909 817 3972 nostras
847 3903 1042 3987 cruciemur,
1070 3909 1104 3971 et
1128 3904 1247 3996 poenis
1274 3901 1461 3986 afficiamur,
1488 3904 1555 3971 imo
1581 3899 1744 3994 propitius
1770 3904 1860 3985 asto,
1886 3895 1966 3968 Do-

595 4017 699 4099 mine,
735 4018 898 4086 miserere
932 4019 1057 4103 nostri,
1092 4024 1126 4085 et
1157 4024 1275 4087 averte
1301 4014 1422 4087 faciem
1449 4026 1537 4086 tuom
1563 4038 1583 4086 a
1610 4015 1758 4111 peccatis
1781 4012 1908 4084 nocuis
1932 4020 1968 4082 et

596 4127 719 4220 adjuva
745 4150 827 4202 nos:
855 4140 993 4225 propter
1019 4128 1082 4200 boc
1108 4130 1262 4201 Ecclesia
1289 4140 1343 4201 tun
1371 4139 1405 4202 et
1435 4152 1524 4224 grex
1556 4140 1631 4202 turus
1661 4129 1885 4223 deprecantur
1918 4135 1967 4213 te,

595 4251 630 4312 et
655 4266 717 4337 per
744 4253 776 4313 te
804 4253 838 4313 et
863 4255 970 4315 tecum
998 4246 1133 4316 Patrem
1159 4255 1267 4335 nrum,
1295 4245 1418 4317 dicens.

698 4358 859 4450 Populus.
913 4360 1079 4432 Miserere
1104 4363 1219 4434 nostri.

697 4471 880 4545 Sacerdos.
936 4472 1008 4548 Nos
1036 4497 1179 4570 quicque.

697 4589 858 4681 Populus.
914 4589 965 4660 Te
990 4589 1171 4662 laudamus.

696 4701 880 4774 Sacerdos.
934 4704 1129 4801 Praecipue.

696 4819 884 4889 Diaconos.
940 4819 1046 4906 Quam
1075 4821 1217 4892 timenda
1245 4830 1297 4893 est
1324 4820 1406 4892 baec
1431 4820 1524 4891 hora.

698 4933 873 5005 Sacerdos
899 4935 1083 5005 inclinatus
1108 4937 1193 5006 dicit
1217 4937 1472 5007 lncocotr'onem
1497 4935 1650 5029 Spiritus
1673 4939 1797 5009 amoti.

699 5046 864 5139 Miserere
890 5052 1014 5138 nostri,
1049 5051 1211 5138 Domine,
1238 5052 1399 5124 miserere
1430 5054 1553 5124 nostri:
1588 5054 1680 5123 mitte
1712 5071 1909 5148 supernos
1934 5064 1975 5130 at

501 5197 505 5203 ·
596 5161 783 5255 superbas
811 5163 1010 5254 oblationes,
1037 5164 1194 5259 Spiritum
1219 5176 1310 5238 tuum
1337 5178 1498 5258 sanctum,
1525 5170 1752 5262 mysteriaque
1771 5165 1859 5241 baec
1876 5189 1974 5244 san-

594 5275 719 5366 ctifica,
746 5278 910 5375 nobisque
938 5279 1096 5352 auxilium
1122 5282 1230 5353 tribue
1258 5293 1291 5354 et
1316 5285 1459 5354 veniam.
