5150 6534
796 833 855 909 hl)
890 830 1109 910 lassauit
1143 832 1418 910 lt'ttttttttltt.
1713 831 1790 904 637

423 1019 754 1101 Constantinopolitano
782 1019 947 1098 expositam
976 1015 1138 1079 doctrinam
1168 1018 1351 1080 retinentes:
1380 1015 1620 1096 additionamqoe
1640 1015 1672 1077 iu
1694 1015 1789 1079 Occi-

423 1121 513 1182 dente
538 1119 645 1181 iactam
668 1135 767 1198 neque
781 1116 980 1194 admittentes,
1003 1134 1103 1197 neque
1124 1115 1322 1179 vehementer
1342 1117 1560 1196 impugnantes.
1589 1113 1788 1176 Observatum

423 1220 502 1281 enim
523 1225 570 1281 ost
592 1236 609 1279 a
630 1215 778 1280 hlelcbitis
801 1222 832 1277 el
853 1214 1010 1293 lambitis,
1032 1214 1165 1277 Francos
1188 1216 1253 1277 sive
1275 1216 1408 1293 Latinos,
1430 1213 1524 1276 verba
1546 1214 1678 1294 Filioque
1703 1231 1790 1295 sym-

420 1317 491 1381 bolo
522 1316 672 1397 adjicere,
702 1314 774 1377 nihil
806 1314 884 1376 ultra
914 1313 1024 1375 dicunt.
1067 1313 1238 1376 Nestoriani
1266 1314 1417 1394 'theologi
1447 1332 1486 1374 ex
1512 1313 1661 1393 scriptura
1691 1329 1789 1387 sacra,

419 1435 514 1497 saepe
537 1426 570 1479 ut
591 1417 621 1476 in
645 1415 700 1477 hac
723 1414 878 1490 oratione,
903 1414 1043 1494 Spiritum
1067 1422 1201 1476 sanctum
1224 1415 1334 1477 docent
1356 1433 1373 1476 a
1397 1414 1485 1475 Patro
1506 1410 1695 1492 procedere,
1718 1418 1749 1473 et
1772 1427 1789 1470 a

419 1517 496 1580 Filio
525 1517 676 1597 accipere:
707 1533 764 1576 nec
792 1513 830 1575 de
860 1512 910 1574 illa
939 1513 1115 1593 quaestione
1145 1532 1212 1575 curn
1236 1512 1360 1575 Graecis
1385 1514 1495 1593 agitata
1517 1511 1636 1573 solliciti
1657 1509 1788 1571 luerunt.

420 1613 467 1677 De
491 1615 659 1689 divinitate,
690 1611 1012 1690 consubstantialitate,
1045 1620 1075 1675 et
1103 1612 1282 1693 aequalitate
1306 1612 1433 1693 Spiritus
1455 1612 1550 1674 sancti
1572 1628 1626 1673 eos
1649 1615 1789 1671 accurate

420 1712 513 1806 loqui,
537 1715 694 1794 sequentia
716 1711 910 1793 praelationis
932 1710 1026 1774 verba
1049 1712 1121 1773 satis
1145 1711 1359 1800 demonstrant.

426 2096 461 2166 7.
498 2094 758 2166 Similitudinem
783 2096 876 2164 servi
903 2095 1050 2185 accepit,
1077 2092 1243 2163 bominem
1263 2094 1455 2183 perfectum
1472 2143 1479 2158 .
1494 2143 1524 2159 ..
1553 2096 1587 2159 et
1614 2090 1791 2179 conjnnsit

476 2211 568 2282 illum
592 2209 670 2297 sibi,
697 2213 871 2303 anicitqac
898 2231 1011 2279 secam
1037 2211 1073 2277 in
1097 2209 1221 2304 picria,
1246 2211 1419 2301 potestate
1446 2206 1645 2292 ethonore,
1674 2210 1737 2274 etc.
1772 2305 1780 2318 .

536 2451 571 2529 la
594 2463 709 2526 duabus
732 2462 834 2543 primis
856 2462 999 2545 Liturgiis
1022 2462 1093 2525 nilril
1116 2463 1267 2545 reperitur
1290 2460 1371 2543 quod
1389 2459 1426 2523 ad
1440 2461 1638 2523 Nestorianae
1654 2427 1790 2522 haeresis

425 2568 672 2651 significationem
694 2567 854 2647 pertineat,
882 2566 1001 2648 quodve
1023 2567 1061 2629 ad
1084 2566 1290 2630 Orthodoxam
1312 2566 1490 2628 sententiam
1513 2564 1584 2641 levi,
1607 2582 1664 2625 nec
1687 2572 1792 2626 coacta

424 2667 673 2748 interpretatione
700 2685 761 2727 non
788 2661 877 2729 iacile
905 2667 1076 2730 reducatur.
1120 2667 1161 2729 At
1190 2668 1220 2728 in
1248 2667 1305 2729 ista
1333 2683 1411 2745 quac
1439 2663 1490 2726 vel
1511 2663 1570 2726 hoc
1592 2663 1658 2726 solo
1681 2663 1791 2725 indicio

425 2767 489 2829 aliis
519 2766 670 2829 recentior
698 2765 937 2843 demonstratur,
971 2784 1032 2829 non
1065 2765 1195 2828 obscura
1225 2763 1490 2846 deprehenduntur
1526 2764 1640 2826 erroris
1673 2764 1791 2827 indicia.

341 2845 346 2865 “
425 2865 512 2939 ouon
535 2865 642 2927 atctrur
669 2864 725 2926 oei
755 2863 858 2933 battua
883 2868 1062 2928 mamma
1091 2866 1238 2926 amram
1261 2864 1430 2943 paranni
1451 2883 1493 2925 ea
1515 2859 1618 2924 aalma
1638 2865 1793 2939 mitam,

424 2967 603 3045 intellipente
625 2973 654 3025 et
674 2964 855 3025 immortali:
878 2971 908 3025 et
929 2983 1058 3044 corpore
1079 2964 1203 3025 mortali
1223 2964 1391 3039 hominm,
1419 2970 1534 3025 rectum
1557 2970 1621 3041 est,
1651 2961 1792 3043 Syrnbolo

425 3064 506 3145 quod
533 3062 692 3125 Athanasii
725 3062 818 3143 vulgo
852 3062 975 3142 dicitur,
1004 3071 1035 3125 et
1062 3081 1079 3125 a
1110 3062 1234 3125 Graecis
1263 3062 1437 3141 Latinisque
1464 3063 1607 3143 recipitur
1629 3063 1792 3127 conforme.

427 3163 584 3240 Perfectus
604 3161 702 3239 Dens,
727 3160 883 3240 perfectus
908 3163 997 3224 borno
1019 3182 1059 3224 ec
1080 3164 1184 3224 eninm
1204 3162 1352 3223 rationali
1372 3169 1401 3223 et
1422 3162 1554 3223 hamana
1575 3180 1667 3224 corne
1689 3162 1793 3223 nidm-

325 3250 329 3259 ’
425 3269 514 3324 stens.
561 3258 644 3331 Quae
667 3268 833 3340 sequuntur
854 3260 924 3323 licet
946 3261 1074 3341 quodam
1094 3259 1280 3341 intelligendi
1302 3259 1392 3322 inodo
1415 3277 1490 3323 vera
1512 3261 1580 3338 sint,
1604 3278 1643 3321 ex
1660 3260 1793 3323 oreNe-

425 3361 626 3424 storianorunt
655 3358 772 3439 prolata
802 3366 894 3422 totam
921 3359 1040 3422 illorum
1069 3359 1210 3422 haeresin
1240 3359 1489 3439 complectuntur.
1538 3359 1650 3421 Verum
1680 3361 1792 3440 quippe

425 3467 472 3521 est
493 3458 649 3520 humanam
673 3457 784 3521 Christi
812 3466 948 3521 naturam
976 3460 1165 3539 conjunctam
1193 3465 1224 3520 et
1252 3460 1364 3520 unitam
1392 3459 1458 3520 Deo
1489 3458 1591 3521 Verbo
1621 3458 1731 3537 luisse,
1762 3460 1792 3520 in

424 3559 533 3641 gloria,
556 3564 707 3638 potestate
731 3557 909 3637 ethonore,
933 3560 1002 3639 quia
1025 3558 1113 3620 homo
1136 3578 1177 3620 ex
1198 3558 1324 3639 Virgine
1347 3566 1445 3637 natus,
1467 3556 1564 3621 lactus
1588 3558 1727 3621 estDeus
1752 3576 1793 3619 ex

424 3659 535 3720 unione
557 3657 657 3718 intima
680 3665 711 3718 et
732 3657 895 3737 personali,
919 3675 985 3719 curn
1007 3657 1074 3721 Deo
1097 3657 1211 3733 Verbo,
1234 3657 1314 3721 unde
1335 3658 1444 3738 gloria,
1467 3665 1616 3738 potestas,
1642 3665 1673 3720 et
1694 3657 1793 3719 honor

423 3758 467 3819 illi
488 3757 683 3819 conveniunt:
713 3765 742 3818 at
765 3759 907 3819 unionem
930 3758 960 3819 in
983 3777 1019 3821 ea
1041 3758 1108 3820 sola
1130 3756 1282 3839 dignitatis
1305 3757 1571 3821 communicatione
1594 3759 1791 3834 constituere,

388 3887 391 3892 ·
424 3858 548 3938 propria
571 3861 602 3915 ct
624 3854 660 3916 ab
684 3853 868 3919 Orthodoxis
890 3874 950 3917 nou
973 3859 1083 3931 minus,
1106 3874 1192 3936 quam
1215 3876 1233 3919 a
1255 3856 1400 3920 Jacobitis
1423 3859 1610 3940 impugnata,
1630 3857 1793 3928 vNestoris-

425 3973 532 4018 norum
555 3954 656 4035 opinio
681 3961 736 4017 est.
780 3954 883 4046 ltaque
907 3965 940 4019 ut
961 3956 1032 4018 alibi
1054 3956 1121 4018 lusa
1143 3956 1346 4036 probavimus,
1370 3956 1513 4019 [inionem
1534 3957 1594 4019 Dei
1613 3965 1643 4020 et
1663 3960 1799 4022 hominis·
1871 4030 1873 4035 .

424 4056 457 4117 in
480 4054 611 4129 Christo,
633 4072 700 4116 esse
721 4054 830 4115 docent
846 4074 905 4133 per
925 4055 1124 4132 voluntatem,
1154 4058 1404 4135 corajamctionem,
1434 4065 1463 4119 at
1483 4058 1640 4137 dianilatis
1656 4059 1792 4137 partici-

423 4156 585 4233 pationes,
607 4172 667 4215 nan
689 4155 851 4215 secundnm
872 4162 1012 4218 naturam
1034 4165 1063 4218 et
1080 4174 1255 4235 personam
1283 4154 1328 4217 lta
1339 4155 1420 4217 Elias
1432 4155 1603 4219 catholicus
1619 4174 1657 4219 eo
1671 4158 1791 4220 nomine

426 4254 532 4313 tertius
556 4253 585 4314 in
607 4251 804 4333 Expositione
827 4252 896 4316 lidei
919 4271 1006 4333 quom
1028 4256 1152 4336 scripsit
1173 4273 1242 4317 cunr
1264 4262 1347 4317 esset
1367 4256 1738 4336 MetropolitaNisibeuus,
1761 4262 1793 4317 et

425 4351 455 4411 in
478 4350 685 4432 [lisputatione
709 4370 777 4415 cum
798 4352 1122 4420 vizironbuttactno.
1165 4354 1203 4417 Et
1224 4356 1256 4415 iu
1277 4353 1337 4416 alio
1359 4372 1464 4434 opere.
1500 4356 1625 4419 Verbum
1637 4364 1792 4418 aenrnaan

422 4450 601 4527 prodactam
624 4468 645 4512 a
666 4454 816 4532 sapientia
837 4455 998 4531 creatoris,
1020 4456 1101 4534 qnod
1120 4455 1215 4519 Filius
1237 4454 1414 4533 appellatur,
1436 4463 1538 4536 estque
1558 4474 1620 4519 mro
1636 4472 1792 4533 persona-

424 4568 493 4609 rum
515 4551 615 4624 triam,
637 4550 794 4629 habitavit,
818 4570 871 4612 san
893 4552 1018 4631 illapsas
1041 4562 1100 4629 est,
1122 4555 1154 4614 in
1175 4553 1294 4614 homine
1315 4563 1449 4617 assumta
1471 4575 1512 4615 es
1532 4555 1636 4616 Maria
1663 4554 1791 4634 Virpine,

424 4646 575 4711 mediante
592 4652 729 4727 potentia
751 4651 960 4725 intellectuali,
982 4654 1153 4733 unitumqne
1172 4653 1217 4714 illi
1238 4658 1284 4714 est
1301 4673 1359 4732 per
1380 4655 1519 4716 unionem
1537 4656 1711 4732 potestatis,
1736 4653 1792 4714 be-

424 4745 620 4821 nevolentiae,
642 4748 818 4824 volontatis,
841 4748 981 4824 bmroris,
1004 4752 1198 4813 eccellentiae
1220 4759 1249 4813 et
1269 4754 1568 4831 repraesentationis.
1612 4751 1654 4814 lta
1677 4751 1791 4814 Ebnel-

425 4840 497 4918 taib,
513 4843 621 4906 Aturus
629 4844 756 4908 Mathaei
768 4846 855 4925 silius,
869 4855 898 4910 et
909 4848 957 4910 alii
970 4867 1065 4931 prope
1076 4867 1179 4913 onrnes
1194 4868 1321 4932 quorum
1332 4850 1489 4931 scriptaad
1503 4868 1558 4913 nos
1567 4870 1746 4932 pervenero:
1759 4859 1793 4913 ut

426 4941 514 5003 etiarn
539 4941 577 5004 de
598 4942 658 5005 illis
680 4952 829 5008 testantur
842 4945 997 5011 Jacobitae
1021 4949 1170 5027 celebres,
1193 4951 1326 5014 Seuerus
1342 4949 1618 5025 hschmoninensis‚
1633 4951 1790 5030 Barsalibi,

425 5040 627 5120 Ebnassalus,
657 5039 850 5124 Abulbircal,
882 5053 913 5108 et
940 5046 1048 5128 reliqui
1074 5066 1184 5132 magno
1214 5066 1349 5112 numero.
1394 5050 1526 5113 Tandem
1547 5052 1578 5112 in
1599 5051 1790 5113 Lectionario

424 5140 548 5204 Persico
571 5139 608 5202 ad
632 5158 719 5203 usum
740 5144 996 5225 Nestorianorum,
1020 5147 1057 5210 de
1081 5166 1140 5228 quo
1164 5148 1273 5212 dictum
1297 5157 1344 5212 est
1367 5148 1447 5228 alibi,
1470 5150 1521 5212 illa
1539 5150 1644 5228 verba,
1666 5150 1791 5232 Aequa-

424 5240 481 5299 lem
502 5259 536 5302 se
554 5239 675 5320 [aciem
688 5241 764 5319 Deo,
787 5244 987 5326 explicantur,
1009 5248 1171 5309 secundnm
1192 5248 1347 5324 honorem,
1369 5249 1545 5329 dicacitatem
1567 5256 1597 5310 et
1614 5254 1789 5330 potentiam.

424 5337 526 5419 Atque
558 5342 589 5401 in
619 5339 669 5402 tali
699 5342 819 5406 unionis
854 5343 979 5407 duarum
1015 5346 1046 5407 in
1077 5345 1196 5410 Christo
1227 5356 1401 5411 naturarum
1431 5349 1621 5429 expositione
1652 5351 1789 5414 consistit

1505 5450 1586 5525 83*
