5150 6534
998 887 1030 965 S.
1057 886 1325 965 CLEblllllllS
1359 886 1547 965 tollit
1753 981 1756 993 Ι
1896 886 1969 962 195

602 1083 722 1167 gentes
747 1077 782 1145 in
808 1073 956 1147 tenebris
982 1073 1174 1146 constitutas
1202 1073 1395 1147 direxerunt
1422 1086 1520 1169 atque
1546 1073 1811 1163 illustraverunt,
1838 1073 1970 1146 docue-

602 1198 743 1284 runtque
769 1188 842 1262 ibas
870 1189 958 1284 quod
984 1192 1016 1261 in
1042 1189 1158 1262 umbra
1186 1193 1312 1263 erroris
1340 1190 1511 1277 sederent,
1545 1189 1675 1283 illisque
1711 1190 1970 1261 demonstrave-

602 1317 678 1379 runt
703 1307 813 1378 lumen
845 1309 1005 1378 scientiae
1031 1314 1117 1375 tuae.
1172 1305 1236 1392 Qui
1263 1311 1389 1378 semina
1423 1305 1511 1378 bona
1543 1305 1620 1377 lidei
1655 1309 1903 1377 seminaverunt
1936 1307 1970 1375 in

602 1424 700 1494 terris
727 1425 924 1510 animarum,
953 1432 986 1493 et
1011 1431 1240 1516 purgaverunt
1266 1443 1369 1513 agros
1396 1422 1496 1517 sylva
1523 1425 1691 1516 spinarum
1718 1429 1752 1491 et
1769 1423 1969 1492 zizaniorum

603 1542 747 1634 peccati:
776 1541 830 1632 qui
856 1540 1001 1632 propriis
1033 1536 1245 1631 passionibus
1278 1538 1483 1609 reduxerunt
1519 1540 1745 1632 captivitatem
1780 1534 1895 1631 populi
1926 1540 1972 1607 tui

603 1675 624 1724 a
649 1660 815 1748 potestate
842 1650 915 1725 duri
942 1661 975 1724 et
1001 1651 1154 1745 maligni,
1182 1664 1215 1723 et
1242 1657 1405 1745 sanguine
1432 1657 1600 1725 cervicum
1628 1675 1761 1724 suarum
1794 1651 1971 1724 liberave-

603 1777 680 1840 runt
707 1790 780 1840 eam
808 1766 849 1838 ab
879 1771 1098 1863 oppressione
1124 1767 1259 1840 rebellis
1285 1769 1387 1841 illius:
1413 1768 1457 1840 Ut
1483 1792 1545 1866 per
1577 1769 1829 1864 deprecationes
1857 1789 1973 1839 eorum

602 1886 868 1980 propitiatorias,
905 1892 939 1954 et
976 1906 1037 1978 per
1075 1884 1328 1957 obsecrationes
1368 1907 1483 1956 eorum
1519 1883 1742 1980 acceptabiles
1777 1905 1891 1955 coram
1927 1894 1972 1972 tc,

604 1999 772 2072 concedas
798 1999 895 2072 nobis
921 2020 1033 2071 mores
1059 2009 1192 2087 castos,
1219 2009 1253 2070 et
1278 1999 1514 2095 inculpabiles,
1541 2001 1638 2072 fidem
1670 2011 1813 2087 rectam,
1846 2010 1879 2070 et
1914 2002 1972 2069 io-

604 2126 812 2210 corruptam,
838 2119 941 2187 vitam
969 2124 1107 2203 castam,
1133 2137 1242 2209 neque
1254 2114 1495 2210 perturbationi
1522 2101 1721 2201 obnoxiam,
1749 2115 1836 2187 dona
1861 2113 1971 2187 subli-

602 2233 668 2303 mia
703 2242 737 2304 et
770 2240 903 2318 sancta,
936 2229 1164 2302 liberationem
1199 2254 1219 2301 a
1256 2231 1488 2306 tentationibus
1516 2235 1660 2327 asperis:
1695 2238 1805 2302 exitus
1831 2242 1969 2326 paratos

603 2357 637 2418 et
670 2345 927 2442 insuperabiles,
961 2348 1058 2417 llnem
1091 2345 1232 2434 bonum,
1268 2358 1303 2418 et
1340 2346 1594 2435 immutabilem,
1630 2347 1720 2419 bona
1757 2346 1970 2441 amplissima,

603 2473 637 2534 et
661 2466 844 2558 promissa,
873 2461 1008 2534 delicias
1035 2473 1290 2555 permanentes,
1324 2463 1563 2535 haereditatem
1596 2486 1670 2534 cum
1707 2465 1846 2545 sanctiS,
1879 2462 1970 2533 fidu-

603 2581 688 2651 ciam
715 2579 821 2650 standi
848 2598 962 2650 coram
988 2578 1073 2650 solio
1101 2588 1157 2648 tuo
1185 2578 1339 2668 terribili,
1366 2583 1442 2674 quia
1470 2590 1503 2650 tu
1530 2583 1721 2651 misericors
1749 2600 1803 2665 es,
1837 2589 1870 2648 et
1895 2578 1971 2648 lar-

602 2716 666 2786 gus
693 2698 726 2765 in
753 2694 962 2781 muneribus,
989 2693 1115 2787 tibique
1141 2694 1284 2785 gloriam
1312 2704 1345 2766 et
1371 2694 1502 2767 laudem
1528 2693 1723 2782 referemus,
1752 2705 1814 2766 etc.

706 2809 867 2903 Populos.
895 2810 1015 2881 Amen.
1087 2842 1092 2854 ·

707 2924 881 2997 Sacerdos
908 2925 1099 2995 inclinatus.
1141 2923 1185 2995 Et
1217 2925 1259 2996 ad
1293 2925 1397 2998 altare
1429 2938 1518 2998 tuum
1552 2927 1722 3024 spirituale
1749 2938 1783 2999 et
1809 2936 1970 3017 sanctum,

600 3041 762 3131 Domine,
795 3038 930 3136 praesta
967 3044 1124 3135 quietem,
1158 3046 1353 3114 memoriam
1379 3044 1501 3116 bonam
1528 3054 1562 3115 et
1594 3041 1784 3114 felicitatem
1819 3042 1970 3115 omnibus

602 3156 794 3247 animabus,
823 3155 1019 3253 corporibus
1048 3165 1081 3227 et
1108 3156 1296 3250 spiritibus,
1323 3169 1469 3253 patrum,
1503 3158 1640 3229 fratrum
1668 3168 1701 3229 et
1736 3162 1969 3251 magistrorum

600 3280 794 3346 nostrorum
822 3276 981 3364 omnium,
1015 3272 1236 3367 corporalium
1273 3283 1329 3345 aut
1363 3274 1592 3370 spiritualium,
1628 3275 1682 3368 qui
1714 3275 1745 3344 in
1776 3271 1970 3365 regionibus

601 3387 877 3485 quibuscumque,
905 3388 1111 3477 civitatibuS,
1139 3398 1194 3459 aut
1219 3387 1368 3483 partibus
1394 3389 1538 3461 defuncti
1564 3399 1651 3478 sunt,
1679 3399 1735 3460 aut
1761 3389 1910 3461 suffocati
1936 3392 1970 3459 in

600 3509 703 3595 mari,
738 3506 795 3577 vel
826 3503 1026 3579 fluminibus:
1054 3515 1110 3575 aut
1139 3507 1172 3575 in
1205 3507 1324 3575 itinere
1360 3503 1529 3594 obierunt,
1570 3516 1603 3576 et
1639 3526 1777 3599 quorum
1809 3506 1968 3576 memoria

599 3618 689 3691 facta
716 3641 780 3691 non
808 3634 859 3694 est
885 3626 917 3692 in
943 3620 1104 3692 Ecclesiis
1132 3642 1233 3716 super
1259 3630 1382 3692 terram
1396 3624 1589 3693 constitutis.
1630 3621 1683 3693 Tu
1701 3622 1842 3693 Domine
1860 3642 1968 3716 prac-

601 3743 654 3807 sta
680 3734 743 3805 illis
770 3739 963 3812 memoriam
990 3736 1132 3825 bonam,
1167 3740 1221 3830 qui
1250 3736 1395 3808 defuncti
1421 3746 1496 3808 sunt
1530 3747 1564 3808 et
1591 3738 1633 3808 ad
1661 3748 1694 3809 te
1730 3741 1967 3828 migraverunt,

599 3853 635 3922 in
660 3849 725 3922 lide
752 3850 955 3941 orthodoxa,
983 3853 1077 3923 simul
1105 3876 1178 3924 cum
1205 3853 1280 3940 illis,
1309 3875 1448 3948 quorum
1473 3858 1607 3926 nomina
1634 3857 1666 3924 in
1692 3853 1778 3925 libro
1797 3864 1854 3924 tuo
1878 3856 1968 3924 vitae

601 3970 798 4058 consignata
827 3979 910 4037 sunt.

699 4081 849 4152 Ele'ooos
882 4106 1007 4154 vocem.
1060 4083 1127 4155 Illis
1168 4082 1319 4154 omnibus
1355 4080 1417 4181 qui¹
1445 4083 1584 4155 stadium
1620 4088 1711 4164 vitae
1740 4083 1967 4172 decurrenteS,

600 4195 741 4293 perfecti
768 4210 801 4269 et
826 4199 988 4294 praeclari
1024 4223 1136 4271 coram
1173 4211 1205 4272 te
1233 4211 1455 4296 apparuerunt
1481 4209 1516 4270 et
1550 4222 1595 4269 ex
1623 4198 1816 4271 delictorum
1842 4200 1965 4294 pelago

599 4313 731 4385 liberati
767 4314 808 4385 ad
844 4326 877 4385 te
912 4326 1152 4411 pervenerunt,
1192 4316 1340 4410 patribus
1377 4323 1411 4386 et
1441 4313 1597 4386 fratribus
1629 4317 1751 4386 nostris
1786 4314 1967 4386 secundum

601 4452 755 4519 carnem,
795 4439 829 4501 et
859 4435 1025 4526 spiritum:
1059 4430 1214 4502 fratribus
1248 4436 1380 4526 inquam
1415 4433 1537 4502 nostris
1574 4431 1752 4503 secundum
1780 4452 1901 4525 corpus
1934 4440 1967 4501 et
2029 4414 2035 4425 ¹

601 4546 781 4619 secundum
821 4552 982 4631 animam,
1019 4551 1160 4641 quictem
1198 4559 1331 4643 praesta
1365 4548 1506 4617 Domine
1544 4550 1576 4616 in
1610 4550 1682 4619 sinu
1715 4546 1771 4617 illo
1808 4546 1966 4642 spirituali

601 4672 635 4733 et
661 4684 793 4753 magno.
846 4664 897 4733 Da
924 4663 988 4734 illis
1016 4666 1161 4757 spiritum
1188 4662 1300 4755 gaudii
1335 4666 1367 4733 in
1399 4662 1593 4734 habitaculis
1625 4661 1707 4734 lucis
1740 4673 1774 4733 et
1803 4661 1965 4748 laetitiae,

600 4754 644 4849 irl‘
667 4777 890 4850 tabernaculis
923 4776 1060 4849 umbrae
1094 4789 1127 4849 et
1160 4783 1297 4873 quietiS,
1339 4788 1372 4849 et
1412 4777 1575 4850 thesauris
1616 4777 1842 4872 voluptatum,
1876 4777 1965 4849 uude

599 4892 705 4983 louge
737 4892 833 4965 abest
865 4898 971 4964 omnis
1013 4899 1195 4983 moestitia,
1227 4894 1284 4966 ubi
1315 4898 1444 4989 piorum
1475 4898 1490 4931 ⁴
1522 4898 1650 4965 animae
1681 4896 1841 4987 primitias
1873 4896 1965 4965 vitae

602 5009 731 5103 absque
765 5009 881 5082 labore
916 5020 1109 5103 expectant,
1151 5019 1184 5080 et
1210 5013 1345 5104 spiritus
1377 5014 1540 5103 justorum
1574 5008 1616 5081 ad
1648 5007 1745 5078 linem
1780 5012 1965 5103 promissae

600 5126 766 5196 mercedis
798 5129 922 5219 pariter
961 5125 1143 5197 attendunt:
1183 5128 1216 5196 in
1254 5148 1296 5197 ea
1332 5129 1472 5218 regione
1504 5126 1559 5198 ubi
1592 5127 1737 5220 operarii
1772 5134 1811 5195 et
1836 5122 1966 5216 fatigati

599 5240 789 5337 paradisum
817 5241 1016 5337 adspiciunt,
1043 5252 1076 5312 et
1101 5244 1229 5313 invitati
1255 5241 1295 5312 ad
1318 5247 1447 5337 nuptias
1475 5263 1630 5336 sponsum
1659 5239 1841 5311 coelestem
1867 5240 1963 5312 desi-

601 5356 736 5429 derant:
767 5358 824 5429 ubi
849 5361 960 5431 vocati
986 5358 1028 5428 ad
1054 5359 1261 5446 convivium,
1296 5368 1333 5430 ut
1358 5358 1539 5433 ascendant
1571 5356 1835 5452 praestolantur,-
1871 5364 1905 5428 et
1929 5367 1965 5428 ut

625 5496 748 5540 nummu.
1710 5473 1762 5547 28
