5150 6534
869 782 1709 889 Jonuursursoarusrs.
1897 811 1974 885 ιιι
2096 788 2101 797 “

710 998 859 1070 Uscana
889 1020 1014 1068 cocao.
1071 998 1240 1070 Memento
1273 1001 1371 1069 etiam
1399 999 1542 1070 Domine
1575 997 1705 1070 illorum
1741 999 1854 1091 quiin
1882 1022 1973 1093 quo-

604 1136 747 1209 cumque
772 1112 849 1187 loco
877 1112 1016 1185 oderunt
1041 1113 1168 1186 tructus
1184 1118 1217 1185 in
1235 1112 1398 1185 Ecclesiis
1417 1118 1493 1202 tuis,
1520 1118 1575 1207 qui
1602 1112 1855 1188 necessitatibus
1883 1137 1972 1208 pau-

604 1252 723 1327 perum
750 1233 1002 1317 communicant,
1035 1241 1068 1300 et
1094 1231 1250 1302 bonitatis
1277 1242 1353 1302 tuae
1380 1229 1623 1301 similitudinem
1651 1228 1824 1323 quamdam
1852 1233 1973 1325 expri-

605 1354 708 1434 munt,
735 1355 889 1441 quantum
917 1350 1078 1417 creaturis
1104 1346 1265 1442 possibile
1293 1358 1354 1431 est,
1375 1369 1436 1439 per
1455 1345 1755 1440 eleemosynarum,
1783 1355 1816 1415 et
1836 1368 1974 1440 operum

604 1461 856 1534 misericordiae
883 1465 978 1532 varia
1005 1484 1140 1553 genera.
1194 1461 1318 1532 Eorum
1349 1465 1446 1531 etiam
1474 1464 1530 1555 qui
1564 1463 1672 1532 animo
1706 1458 1836 1553 quidem
1867 1483 1973 1555 prae-

603 1582 731 1674 parati,
758 1600 825 1649 uon
852 1578 1037 1650 babuerunt
1062 1578 1150 1650 unde
1177 1577 1344 1664 ollement,
1372 1574 1477 1647 solum
1505 1586 1614 1647 autem
1647 1574 1846 1646 desiderium
1880 1600 1974 1648 suum
2001 1641 2003 1645 .

604 1692 917 1765 demonstraverunt
943 1692 1012 1781 tibi,
1040 1692 1169 1764 oDeus
1197 1695 1251 1788 qui
1278 1692 1365 1763 nosti
1392 1689 1495 1762 corda
1522 1714 1649 1778 eorum,
1676 1700 1709 1762 et
1735 1690 1861 1787 probas
1888 1691 1973 1763 abs-

602 1807 754 1897 condita,
776 1817 810 1879 et
834 1807 989 1881 retribuis
1019 1810 1192 1902 unicuique
1207 1809 1413 1904 voluptatem
1436 1796 1655 1877 abundantem
1670 1806 1832 1879 bonorum
1852 1807 1973 1880 coele-

603 1926 702 1996 stium
729 1934 763 1995 et
789 1923 886 1995 mem
912 1946 978 1996 nou
1006 1923 1212 2011 habentium3
1239 1946 1280 1994 ea
1303 1925 1401 1993 etiam
1420 1945 1506 2017 quae
1524 1922 1576 1993 bic
1593 1932 1668 1994 suut
1683 1946 1757 1994 oum
1776 1922 1974 1996 abundantia

604 2038 872 2111 subministrans:
901 2045 976 2135 quia
1005 2053 1039 2112 tu
1065 2063 1103 2110 es
1129 2039 1269 2131 largitor
1297 2042 1439 2109 omnium
1458 2037 1633 2125 bonorum,
1662 2049 1695 2110 et
1715 2036 1810 2108 dator
1830 2044 1973 2111 omniurn
2102 2055 2107 2063 ·

602 2153 883 2244 benedictionum,
911 2156 1037 2252 absque
1063 2155 1197 2243 invidia,
1226 2166 1258 2226 et
1287 2153 1342 2224 tibi
1370 2153 1511 2245 gloriam
1539 2164 1574 2225 et
1599 2154 1729 2225 laudern
1756 2152 1939 2226 referimus.

709 2272 870 2365 Populus.
924 2274 1043 2344 Amen.

690 2386 882 2461 ,Sacerdos
909 2389 1099 2460 inclinatae.
1139 2390 1308 2461 Memento
1335 2388 1479 2459 Domine
1506 2407 1653 2458 coronae
1681 2389 1757 2457 anni
1783 2410 1844 2482 per
1869 2387 1972 2458 beni-

603 2504 762 2595 gnitatem
796 2515 905 2592 tuam,
937 2504 1068 2599 pluvias
1102 2505 1257 2601 pacificas
1291 2515 1478 2600 opportune
1510 2500 1717 2588 concedens,
1750 2525 1847 2575 rores
1875 2507 1971 2575 etiam

604 2622 845 2691 convenientes
872 2621 1080 2715 pinguedinis
1109 2634 1202 2710 tuae,
1239 2631 1385 2692 aestates
1413 2620 1491 2690 nulli
1519 2617 1664 2688 delectui
1691 2617 1875 2705 obnoxias,
1913 2619 1972 2690 sed

602 2737 763 2807 immunes
797 2734 839 2806 ab
874 2748 969 2809 aestu
1001 2740 1119 2827 nimio,
1158 2749 1191 2810 et
1226 2735 1503 2829 aegritudinibus:
1535 2733 1766 2805 abundantiam
1799 2732 1973 2804 lluviorum

601 2850 750 2947 paradisi
776 2849 914 2923 Edenici
940 2862 974 2924 et
1001 2853 1157 2925 aliorum:
1184 2862 1368 2949 proventus
1394 2850 1557 2921 fmctuum
1584 2853 1639 2943 qui
1660 2848 1820 2922 sufficiant
1844 2847 1886 2918 ad
1904 2847 1972 2919 ali-

602 2976 748 3038 mentum
776 2989 836 3062 per
868 2978 970 3039 totum
1003 2992 1122 3041 aunum
1157 2969 1376 3059 singularem,
1412 2966 1613 3053 naturalem,
1650 2966 1735 3036 adeo
1771 2975 1805 3035 ut
1838 2963 1972 3035 alterius

603 3085 681 3153 anui
707 3091 904 3177 proventum
931 3088 1029 3156 etiam
1057 3095 1209 3180 superet:
1250 3086 1373 3160 bonam
1400 3086 1497 3153 etiam
1533 3084 1621 3153 aeris
1657 3084 1848 3176 temperiem
1883 3103 1972 3151 cou-

602 3194 696 3269 cede.
731 3195 917 3270 consolare
943 3204 1141 3294 paucitatem
1168 3201 1293 3271 dierum
1320 3202 1415 3270 vitae
1430 3207 1576 3269 nostrae.
1616 3196 1739 3268 Libera
1767 3217 1829 3267 eos
1858 3199 1970 3291 quiin

603 3315 795 3409 captivitate
823 3314 1018 3407 detinentur,
1045 3326 1080 3387 et
1104 3338 1165 3388 eos
1192 3320 1246 3411 qui
1274 3339 1295 3387 a
1322 3314 1539 3386 daemonibus
1562 3314 1695 3408 impuris
1718 3315 1906 3384 cruciantur
1928 3311 1969 3384 ab

603 3432 797 3540 operatione
824 3441 962 3503 satanae
989 3436 1149 3504 immunes
1176 3440 1322 3528 praesta.

706 3545 856 3616 Eteonos
887 3569 1012 3619 vocem,
1064 3549 1219 3620 Animam
1244 3548 1395 3638 Regum,
1422 3547 1624 3642 principum,
1662 3555 1717 3615 aut
1749 3546 1804 3638 qui
1837 3546 1869 3615 in
1901 3547 1970 3614 mi-

603 3659 689 3731 litari
716 3660 874 3752 dignitate
901 3663 1042 3736 suntad
1071 3674 1103 3734 te
1129 3665 1262 3752 inclina,
1289 3673 1324 3733 ut
1350 3661 1529 3733 secundum
1557 3661 1760 3732 voluntatem
1788 3669 1874 3731 tuam
1899 3683 1971 3750 gu·
2065 3742 2071 3752 Ι

605 3774 801 3865 bemantes‚
845 3779 1049 3852 adversariis
1091 3779 1222 3873 quidem
1271 3778 1436 3850 metuendi
1478 3781 1558 3864 sint,
1603 3779 1764 3854 mansueti
1812 3799 1896 3849 vero
1938 3786 1971 3845 et

602 3890 740 3984 benigni
766 3916 849 3985 erga
874 3894 1062 3968 Ecclesiam
1089 3905 1197 3983 tuam,
1224 3896 1419 3992 pacificique
1446 3915 1528 3984 erga
1555 3891 1649 3976 illos,
1676 3894 1731 3985 qui
1759 3891 1818 3964 sub
1854 3912 1970 3962 eorum

603 4017 770 4103 potestate
796 4014 963 4083 constituti
989 4023 1073 4083 sunt.
1127 4011 1193 4083 lllis
1222 4015 1275 4105 qui
1303 4032 1470 4106 pauperes
1497 4019 1608 4079 amant
1634 4006 1858 4099 vigilantiam,
1887 4027 1969 4077 sus-

601 4125 798 4220 cipientibus
834 4131 1052 4220 peregrinos,
1087 4127 1243 4200 laetitiam
1271 4125 1396 4214 tribue3
1424 4128 1598 4219 unicuique
1625 4123 1804 4196 secumdum
1828 4123 1969 4218 dispen-

603 4243 767 4312 sationem
794 4241 856 4312 sibi
883 4247 1128 4338 praestitutam,
1165 4254 1199 4315 et
1233 4246 1325 4316 vitae
1361 4242 1597 4313 conditionem:
1632 4238 1899 4333 alacritatemque
1926 4236 1967 4309 ab

604 4345 693 4427 ¹aarum
719 4360 851 4452 pigritia
887 4362 1062 4431 immunem
1097 4360 1254 4462 concede.
1308 4356 1430 4429 Libera
1466 4380 1529 4427 nos
1562 4356 1704 4426 Domine
1738 4376 1758 4424 a
1792 4352 1899 4441 fame,
1934 4362 1968 4424 et

601 4472 821 4568 mortalitate,
855 4484 1013 4546 aterrae
1049 4473 1191 4548 motibus
1228 4484 1261 4545 et
1293 4474 1524 4568 corruptione,
1560 4469 1602 4541 ab
1636 4473 1725 4542 omui
1755 4468 1901 4555 malitia,
1936 4479 1971 4539 et

600 4585 722 4683 plaga,
751 4587 792 4659 ab
819 4592 953 4660 incursu
979 4588 1173 4678 barbarico,
1201 4613 1219 4660 a
1248 4590 1330 4660 dura
1357 4591 1560 4682 captivitate,
1587 4609 1607 4657 a
1634 4584 1823 4658 tumultibus
1854 4608 1969 4681 popu-

600 4700 748 4794 laribus,
772 4714 810 4776 ‘et
835 4705 1049 4777 seditionibus
1077 4705 1221 4777 urbanis.
1274 4704 1327 4776 Da
1362 4710 1460 4775 ctiam
1494 4702 1592 4775 uobis
1624 4714 1659 4774 ut
1691 4706 1725 4773 in
1759 4700 1849 4774 bono
1884 4710 1970 4773 statu

602 4825 638 4890 et
668 4820 902 4915 tranquillitate
942 4825 1123 4893 animarum
1164 4833 1373 4910 nostrarum,
1415 4819 1653 4915 amplectamur
1686 4828 1866 4913 praecepta
1903 4826 1969 4904 tua,

603 4937 680 5029 quia
705 4935 870 5030 benignus
897 4960 955 5028 es,
982 4949 1015 5009 et
1041 4938 1162 5009 multae
1189 4935 1456 5025 misericordiae,
1483 4934 1606 5030 tibique
1633 4934 1774 5028 gloriam
1793 4943 1826 5004 et
1842 4932 1969 5004 laudem

601 5048 786 5123 referimus.
853 5040 859 5050 ⁴

708 5168 869 5261 Populus.
921 5170 1041 5240 Amen.

1683 5283 1731 5355 57
1746 5284 1764 5317 ⁴*
