5150 6534
740 835 799 909 341
1242 832 1601 914 bITURGlb

738 1024 883 1094 Domino
909 1022 953 1099 Ν.
979 1022 1171 1096 Patriarcba
1196 1033 1314 1096 nostro
1342 1033 1375 1096 et
1400 1025 1440 1096 D.
1467 1023 1509 1096 N.
1535 1020 1769 1119 Metropolim,
1794 1020 1997 1117 reliquisque
2023 1020 2105 1093 Ne-

739 1138 901 1233 tropolitis
929 1149 962 1211 et
987 1138 1165 1235 Episcopis
1191 1140 1391 1212 venerandis
1417 1141 1593 1211 Dominum
1621 1138 1846 1234 deprecemur.

840 1254 1022 1326 Sacerdos.
1049 1257 1148 1329 Dona
1175 1255 1333 1328 ditissima
1361 1253 1502 1350 Spiritus
1531 1259 1576 1325 tui
1603 1257 1710 1327 sancti
1730 1253 1878 1325 concede
1904 1255 1998 1348 ipsis,
2025 1255 2104 1327 Do-

737 1373 835 1440 mine.
889 1369 1079 1462 Nemento,
1112 1373 1270 1460 Domine,
1308 1380 1497 1443 sanctorum
1529 1370 1773 1466 Episcoporum
1807 1378 2017 1458 nostrorum,
2049 1373 2105 1463 qui

737 1481 835 1557 nobis
862 1495 955 1556 recte
981 1485 1121 1558 verbum
1145 1489 1298 1558 veritatis
1325 1485 1533 1581 dispensant,
1567 1489 1747 1581 praecipuo
1777 1507 1861 1556 vero
1887 1484 1996 1556 Patris
2030 1484 2104 1557 Pa-

738 1611 822 1672 trum
849 1611 885 1671 et
908 1601 1122 1673 Patriarcbae
1146 1605 1252 1674 nostri
1278 1602 1411 1672 Domini
1438 1600 1478 1672 N.
1506 1610 1539 1672 et
1569 1603 1702 1673 Domini
1728 1599 1769 1672 Ν.
1794 1598 1955 1694 Episcopi
1983 1605 2101 1691 nostri,

737 1738 812 1787 eum
838 1716 973 1811 reliquis
1001 1717 1152 1790 omnibus
1169 1717 1347 1812 Episcopis
1364 1716 1579 1788 Drtbodoxis.
1608 1715 1769 1788 Canitiem
1785 1721 1864 1811 ipsis
1878 1715 2105 1787 venerandam

738 1832 887 1903 concede
913 1833 1073 1903 Domine:
1100 1833 1208 1905 multis
1232 1836 1326 1905 annis
1338 1836 1432 1927 ipsos
1449 1854 1628 1919 conserva,
1644 1842 1821 1927 pascentes
1835 1831 1992 1925 populum
2015 1841 2104 1903 tuum

738 1969 812 2018 cum
845 1951 933 2019 omni
968 1952 1090 2043 pietate
1117 1959 1150 2019 et
1182 1951 1367 2020 sanctitate.
1394 1946 1583 2037 Nomento,
1613 1947 1773 2035 Domino,
1799 1943 2005 2041 Presbyterii
2034 1946 2104 2019 bu-

732 2065 843 2155 jusce,
870 2072 904 2134 et
929 2068 1163 2158 cujuscumque
1190 2064 1326 2135 alterius
1351 2063 1432 2134 loci:
1459 2064 1663 2135 Diaconatus
1689 2067 1723 2132 in
1750 2060 1898 2148 Christo,
1932 2066 2104 2161 omnisque

735 2182 906 2250 ministerii
941 2189 976 2250 et
1011 2183 1117 2251 omnis
1153 2179 1286 2251 Ordinis
1320 2177 1564 2251 Ecclesiastici.
1614 2178 1781 2250 Memento
1809 2180 1921 2266 etiam,
1947 2178 2102 2268 Domine,

735 2297 939 2390 paupertatis
966 2317 1074 2382 meae,
1101 2299 1156 2388 qui
1182 2316 1236 2366 me
1262 2295 1341 2366 licet
1365 2294 1551 2386 indignum,
1577 2315 1706 2367 vocare
1737 2302 1847 2364 tamen
1874 2292 2027 2384 dignatus
2054 2318 2102 2368 es.

736 2410 867 2482 Delicta
889 2414 1073 2502 juventutis
1099 2432 1196 2482 meae
1223 2420 1257 2482 et
1283 2414 1488 2502 ignorantias
1516 2433 1609 2483 meas
1636 2432 1679 2480 ne
1704 2411 1911 2495 memineris,
1946 2408 2008 2482 sed
2040 2430 2103 2479 se-

736 2525 877 2597 cundum
901 2525 1138 2597 multitudinem
1164 2530 1412 2600 miserationum
1437 2536 1578 2614 tuarum,
1606 2533 1771 2597 memento
1793 2528 1859 2595 mei
1885 2535 1933 2595 tu:
1962 2527 1990 2597 si
2016 2528 2103 2595 enim

734 2642 922 2733 iniquitates
943 2639 1196 2731 observaveris,
1222 2644 1378 2732 Domine,
1391 2644 1543 2730 Domine
1571 2644 1642 2736 quis
1668 2643 1793 2735 poterit
1819 2662 1932 2712 coram
1960 2651 1992 2711 te
2020 2661 2102 2711 sus-

734 2755 870 2827 tinere?
904 2756 989 2842 Quia
1016 2758 1102 2854 apud
1128 2768 1161 2830 te
1196 2762 1387 2853 propitiatio
1415 2767 1484 2830 est:
1518 2760 1618 2831 visita
1650 2779 1702 2828 me
1737 2765 1771 2826 et
1802 2754 1937 2850 purifica
1970 2777 2041 2845 me,
2067 2763 2105 2825 ut

735 2870 791 2943 ubi
818 2872 998 2944 abundavit
1022 2884 1214 2969 peccatum,
1241 2875 1287 2947 ibi
1315 2871 1561 2968 superabundet
1579 2877 1686 2966 gratia
1712 2882 1777 2943 tua.
1805 2868 1972 2940 Memento
1991 2874 2102 2960 etiam,

734 2989 889 3078 Domine,
916 3011 1031 3061 eorum
1059 2992 1171 3084 quiin
1197 2990 1338 3063 vinculis
1361 2986 1476 3083 jacent
1502 2998 1559 3060 aut
1584 2986 1774 3060 carceribus
1800 2985 1999 3058 detinentur:
2026 2986 2103 3056 fra-

734 3112 822 3174 trum
848 3108 946 3175 etIam
973 3115 1162 3177 nostrorum
1188 3109 1243 3199 qui
1269 3109 1303 3176 in
1331 3104 1433 3178 exilio
1468 3114 1560 3176 suut:
1594 3104 1811 3190 infirmorum,
1847 3111 1902 3172 aot
1935 3108 1988 3198 qui
2014 3101 2103 3173 male

736 3217 843 3290 allecti
878 3230 968 3292 sunt:
1002 3244 1118 3293 eorum
1152 3226 1207 3316 qui
1243 3245 1263 3292 a
1297 3220 1465 3315 spiritibus
1496 3219 1670 3291 immundis
1704 3217 1912 3305 infestantur,
1940 3227 1996 3290 aut
2022 3220 2103 3309 agi-

733 3343 852 3406 tantur.
879 3335 1047 3408 Memento
1064 3342 1174 3425 etiarn,
1200 3339 1353 3422 Domine,
1381 3339 1481 3425 aeris,
1508 3333 1668 3420 imbrium,
1684 3337 1783 3422 roris,
1810 3332 1973 3405 fructuum
1992 3345 2104 3405 terrae

730 3461 769 3521 et
796 3474 942 3523 coronae
969 3456 1056 3539 anni,
1094 3453 1180 3524 oculi
1213 3455 1298 3522 enim
1336 3454 1478 3522 omniurn
1505 3454 1539 3521 in
1565 3461 1598 3522 te
1625 3460 1775 3546 sperant,
1811 3461 1845 3520 et
1876 3459 1910 3519 tu
1944 3448 2004 3519 das
2037 3447 2102 3519 illis

736 3587 849 3636 escam
877 3588 992 3637 eorum
1017 3569 1051 3637 in
1077 3575 1228 3661 tempore
1254 3576 1460 3660 opportuno:
1488 3569 1597 3659 aperis
1625 3576 1659 3637 tu
1686 3589 1816 3637 manum
1842 3576 1931 3637 tuam
1951 3562 2102 3637 omnibus

736 3680 960 3768 sufficientem,
988 3693 1021 3752 et
1046 3680 1164 3776 imples
1191 3703 1288 3752 omne
1317 3680 1436 3753 animal
1462 3679 1550 3752 bona
1576 3691 1632 3752 tua
1652 3679 1830 3753 voluntate.
1857 3680 2008 3750 Eleoana
2033 3701 2102 3749 oo-

736 3817 816 3865 cam.
843 3795 945 3891 Eripe
971 3820 1035 3885 me,
1062 3797 1204 3868 Domine
1230 3798 1337 3886 Deus,
1365 3797 1406 3870 ab
1436 3801 1525 3869 omni
1552 3800 1721 3889 angustia,
1749 3799 1798 3867 ira
1825 3806 1859 3867 et
1886 3794 2102 3884 adversitate,

736 3909 777 3982 ab
814 3916 903 3983 omni
936 3911 1178 3985 machinatione
1214 3923 1248 3984 et
1280 3912 1543 3986 infestationibus
1579 3934 1817 4008 perversorum
1842 3909 2027 3997 bominum,
2057 3911 2099 3984 ab

736 4030 825 4098 omni
850 4031 974 4122 impetu
1001 4035 1034 4099 et
1058 4028 1217 4100 violentia
1252 4029 1466 4118 daemonum,
1505 4028 1546 4101 ab
1583 4032 1671 4099 omni
1702 4027 1804 4124 plaga
1840 4053 1859 4099 a
1893 4037 1926 4098 te
1956 4030 2102 4098 immissa

735 4143 889 4230 Domine,
917 4167 1002 4237 quae
1028 4154 1242 4239 peccatorum
1268 4156 1457 4218 nostrorum
1485 4144 1698 4218 causanobis
1720 4143 1847 4243 accidit,
1874 4150 1908 4210 et
1934 4163 2101 4213 conserva

734 4279 797 4327 nos
832 4262 867 4329 in
898 4260 965 4330 lide
998 4259 1186 4331 orthodoxa
1221 4272 1254 4331 et
1287 4261 1528 4333 observatione
1566 4258 1794 4331 mandatorum
1836 4269 1979 4344 tuorum,
2016 4279 2101 4351 quae

735 4380 849 4445 sancia
877 4386 963 4461 sunt,
990 4384 1024 4445 et
1049 4376 1192 4463 vivifica,
1219 4399 1282 4448 nos
1308 4398 1429 4473 nempe
1456 4386 1489 4448 et
1504 4398 1619 4448 omnes
1648 4379 1703 4469 qui
1720 4375 1810 4467 digni
1835 4375 1967 4446 fuerunt
1984 4395 2099 4443 coram

734 4498 770 4559 te
797 4494 993 4577 consistere,
1021 4502 1054 4562 et
1080 4489 1201 4563 uberes
1229 4516 1249 4563 a
1284 4505 1318 4565 te
1344 4492 1588 4568 misericordias
1616 4500 1811 4586 expectant,
1839 4496 1914 4585 quia
1947 4499 1981 4560 tu
2007 4489 2100 4560 Deus

734 4627 783 4693 es,
811 4609 866 4701 qui
891 4610 943 4678 vis
970 4607 1247 4683 inisericordiam:
1275 4621 1308 4681 et
1335 4610 1391 4683 tibi
1418 4610 1560 4702 gloriam
1590 4606 1786 4694 referemus,
1813 4617 1875 4678 eto.
1926 4678 1929 4681 ,

839 4722 998 4815 Poprdaa.
1025 4724 1143 4794 Amen.

838 4839 912 4908 Pro
936 4838 1106 4931 frutribus
1129 4842 1285 4933 fidelibus
1312 4842 1497 4913 Diaconos.
1524 4842 1645 4912 lterum
1672 4847 1776 4933 atque,
1796 4838 1912 4907 iterum
1944 4858 2098 4907 comme-

736 4977 901 5028 moramus
928 4954 1048 5026 fratres
1075 4967 1210 5028 nostros
1236 4956 1364 5046 fideles,
1394 4935 1599 5029 Christianos
1625 4975 1740 5041 veros,
1767 4954 1820 5045 qui
1837 4956 1927 5046 prius
1954 4974 2098 5025 monue-

736 5082 810 5143 runt
836 5081 870 5142 et
894 5075 1106 5164 injunxerunt
1131 5071 1228 5145 nobis
1262 5072 1395 5145 infirmis
1429 5080 1463 5143 et
1495 5070 1695 5157 imbellibus,
1729 5078 1765 5138 ut
1789 5089 1955 5139 memores
1982 5090 2098 5139 eorum

737 5209 886 5259 essemus
913 5192 946 5259 in
973 5186 1036 5259 boc
1063 5192 1221 5282 temporis
1249 5186 1396 5260 articulo.
1427 5187 1472 5258 Et
1496 5211 1558 5283 pro
1584 5187 1647 5258 illis
1675 5187 1730 5280 qui
1757 5187 1846 5256 omni
1865 5206 1991 5276 genere
2018 5192 2097 5255 ten-

736 5306 895 5375 tationum
922 5314 955 5375 et
980 5303 1191 5378 afflictionum
1216 5308 1332 5378 vexati
1359 5314 1443 5379 sunt.
