5150 6534
596 843 670 916 574
1017 846 1520 926 lllSSllllThTIO

523 1074 526 1081 -
593 1051 699 1123 eaque
725 1029 917 1119 Invocatio,
944 1054 1028 1126 quae
1056 1030 1151 1104 alteri
1178 1033 1393 1129 subsequenti
1420 1036 1520 1109 valde
1546 1036 1661 1108 similis
1689 1046 1751 1127 est,
1777 1040 1869 1111 initio
1890 1039 1956 1111 Li-

591 1148 720 1236 turgiae
737 1145 872 1234 dieitur,
898 1146 1000 1239 longe
1016 1151 1207 1243 priusquam
1230 1154 1488 1244 pronuncientur
1506 1151 1611 1223 verba
1629 1153 1814 1225 Dominiea.
1862 1154 1956 1229 Duas

591 1264 702 1354 itaque
739 1262 972 1336 invocationes
1006 1262 1129 1336 habent
1160 1266 1331 1360 Coptitae,
1365 1290 1474 1362 neque
1507 1272 1598 1362 prior
1633 1272 1855 1365 posteriorem
1885 1293 1955 1343 ex-

593 1377 707 1466 cludit,
736 1389 769 1449 et
796 1379 902 1451 similo
933 1379 1086 1475 quiddam
1120 1379 1319 1454 observatur
1352 1385 1382 1453 in
1419 1384 1540 1456 Officiis
1568 1384 1716 1457 Gothicis
1749 1396 1783 1457 et
1814 1389 1956 1459 vetustis

593 1492 781 1565 Gallicanis.
834 1494 913 1567 Inde
941 1497 1131 1586 conjectura
1159 1496 1232 1568 duci
1258 1507 1389 1592 potest,
1416 1496 1449 1569 in
1474 1498 1672 1571 Nestoriana
1707 1501 1857 1593 generali
1889 1501 1955 1573 Li-

592 1614 700 1701 turgia
734 1608 895 1706 duplicem
929 1635 1060 1707 quoque
1091 1614 1316 1687 Invocationis
1343 1615 1517 1687 formulam
1543 1615 1661 1688 luisse:
1689 1615 1749 1688 sed
1776 1627 1812 1687 ut
1837 1639 1955 1689 verum

590 1726 766 1818 fateamur,
794 1731 856 1800 etsi
889 1728 1399 1820 conjectura'verisimilitudine
1432 1754 1497 1803 non
1531 1742 1641 1820 carot,
1674 1729 1810 1828 probari
1845 1742 1955 1803 tamen

592 1842 718 1937 absque
745 1842 892 1916 subsidio
920 1854 1125 1917 vetustorum
1152 1846 1303 1918 codicum
1329 1850 1390 1918 vix
1416 1858 1537 1941 potest.
1590 1847 1675 1919 Nam
1710 1847 1797 1941 quod
1828 1845 1954 1918 blane-

591 1962 659 2033 sius
688 1983 760 2031 earn
788 1958 960 2032 sustulisse
986 1962 1157 2050 videatur,
1184 1984 1250 2033 non
1277 1961 1375 2057 plane
1401 1962 1517 2057 liquet,
1544 1987 1652 2058 neque
1669 1963 1757 2058 quod
1776 1967 1808 2034 in
1829 1960 1955 2039 Codice

589 2075 728 2171 Josophi
753 2075 964 2148 Patriarohae
991 2099 1088 2148 mauu
1116 2077 1283 2172 descripto
1311 2102 1378 2151 non
1405 2091 1586 2175 comparet,
1613 2078 1733 2174 probat
1759 2102 1833 2151 eam
1860 2084 1955 2152 exti-

589 2195 671 2264 tisse
698 2196 730 2263 in
757 2196 897 2286 antiquis
924 2192 1111 2280 codicibuS,
1143 2216 1218 2264 curn
1252 2197 1326 2290 ipse
1352 2194 1518 2290 losephus
1554 2198 1615 2267 etsi
1644 2194 1684 2265 ad
1711 2194 1865 2266 Romana
1891 2217 1954 2267 so-

592 2331 650 2379 cru
678 2310 853 2396 transierit,
879 2308 1074 2402 Romaeque
1102 2308 1260 2381 Codicem
1287 2334 1382 2384 suum
1409 2315 1595 2406 scripserit,
1622 2313 1849 2383 lnvocationis
1876 2309 1954 2381 for·

593 2447 679 2495 mam
706 2427 738 2495 in
765 2424 837 2496 aliis
864 2423 991 2496 duabus
1012 2424 1182 2518 Liturgiis,
1208 2426 1325 2499 iisdem
1341 2426 1466 2514 verbis,
1494 2438 1527 2498 et
1545 2428 1662 2504 eodem
1681 2426 1757 2498 loco
1774 2428 1954 2498 retinuerit.

591 2539 629 2611 ln
665 2540 728 2613 illis
760 2563 862 2636 porro
896 2539 1023 2613 duabus
1057 2540 1226 2613 Theodori
1253 2553 1286 2615 et
1313 2542 1477 2632 Nestorii,
1516 2544 1688 2616 lnvocatio
1722 2546 1853 2634 integra
1890 2551 1954 2628 est,

594 2657 774 2751 similisque
801 2661 965 2753 usurpatis
993 2656 1078 2753 apud
1106 2657 1189 2730 alias
1213 2657 1386 2732 Ecclesias
1411 2659 1580 2733 formulis:
1613 2661 1706 2730 utin
1734 2662 1809 2745 ista,
1837 2659 1954 2731 eadem

591 2771 698 2846 verba
725 2784 799 2846 sunt
826 2776 968 2868 quaein
996 2773 1144 2866 Liturgia
1175 2773 1417 2869 chrysostomi.

305 2897 577 2965 hostiaetracuqerc.
693 2889 800 2977 XXV.
854 2890 949 2975 Quae
985 2889 1114 2962 hostiae
1147 2889 1363 2980 fractionem,
1398 2893 1641 2979 intinctionem,
1669 2891 1955 2983 signationemque

277 2986 428 3121 paparone
472 2988 759 3102 5¹¹⁸f¹¹f¹¹spectant,
796 3027 1002 3077 communem
1042 3016 1295 3099 repraesentant
1330 3004 1492 3078 Ecclesiis
1536 3004 1688 3078 omnibus
1732 3003 1954 3077 Orientalibus

277 3071 441 3209 appeninum
463 3074 576 3141 dumph·
591 3120 922 3216 Occideutalibusque
950 3120 1167 3216 disciplinam,
1194 3145 1292 3216 quae,
1320 3127 1349 3195 si
1375 3121 1461 3194 absit
1487 3122 1568 3194 ludes
1596 3121 1695 3192 realis
1716 3121 1954 3193 elementorum

588 3245 621 3311 in
650 3262 771 3335 corpus
807 3249 840 3310 et
873 3240 1066 3330 sanguinem
1101 3234 1223 3309 Christi
1257 3241 1553 3324 transmutationis,
1588 3237 1697 3309 locum
1728 3235 1855 3308 habere
1886 3257 1954 3307 non

588 3366 711 3453 potest,
740 3355 827 3450 quod
855 3356 934 3426 satis
962 3355 1072 3425 testati
1099 3363 1174 3424 sunt
1198 3355 1440 3437 Protestantes,
1468 3378 1541 3426 crum
1569 3353 1784 3425 haecomnia
1810 3352 1954 3424 funditus

590 3476 790 3550 sustulerint.
843 3475 889 3546 At
921 3472 1008 3569 quod
1043 3473 1178 3546 diverso
1214 3472 1313 3544 modo
1346 3469 1464 3543 fractio
1500 3471 1576 3557 hat,
1617 3474 1649 3541 in
1684 3468 1864 3566 pluresque
1898 3465 1954 3537 vel

588 3597 764 3690 pauciores
791 3589 986 3686 particulas:
1015 3599 1070 3660 aut
1088 3594 1169 3661 ritus
1185 3587 1361 3681 frangendi
1381 3599 1413 3660 et
1432 3585 1649 3678 consignandi
1666 3609 1732 3657 non
1758 3590 1801 3655 sit
1820 3587 1954 3658 omnino

589 3710 713 3793 similis,
741 3729 854 3803 parum
882 3705 992 3776 refert.
1045 3705 1126 3777 lllud
1154 3707 1238 3777 enim
1266 3704 1443 3775 discrimen
1471 3726 1537 3775 nou
1563 3703 1662 3775 modo
1682 3705 1766 3773 inter
1790 3699 1954 3772 Graecam

592 3835 625 3895 et
651 3823 835 3893 Romanam
861 3819 1049 3893 Ecclesiam
1075 3821 1147 3909 fuit,
1174 3843 1247 3891 cum
1275 3843 1401 3892 summa
1429 3828 1520 3891 esset
1552 3823 1637 3891 inter
1666 3830 1839 3912 utramque
1866 3838 1955 3887 con·

591 3941 724 4023 cordia,
752 3938 811 4012 sed
837 3948 872 4010 ut
905 3937 1045 4027 Graeci,
1079 3941 1123 4009 ita
1155 3935 1354 4008 lllozarabes
1389 3935 1526 4007 hostiam
1563 3937 1595 4005 in
1630 3934 1743 4030 plures
1775 3931 1955 4029 particulas

593 4055 751 4142 dividunt,
777 4053 865 4124 nulla
891 4053 967 4124 inde
993 4056 1151 4125 novitatis
1178 4063 1234 4124 aut
1260 4054 1501 4146 superstitionis
1529 4053 1742 4122 accusatione
1770 4060 1901 4121 exorta.

303 4175 579 4244 strtoiimpnaorrm-
695 4170 816 4242 XXVI.
869 4171 986 4242 Partes
1009 4169 1091 4242 illas
1124 4169 1296 4260 Liturgiae
1327 4170 1543 4263 praecipuas.
1578 4189 1659 4260 quas
1692 4165 1954 4256 designavimus

286 4261 387 4331 targiue
412 4262 578 4315 llestorianae

288 4350 397 4416 uerique
413 4358 480 4402 aunt.
592 4288 782 4384 simplicitas
810 4311 869 4361 sua
896 4285 1118 4358 commendat:
1145 4289 1177 4356 in
1205 4285 1277 4357 aliis
1304 4283 1368 4355 stili
1396 4281 1573 4354 Orientalis
1599 4280 1673 4375 plus
1699 4284 1799 4367 inest,
1826 4291 1860 4352 et
1886 4302 1954 4351 na-

591 4407 704 4478 turalis
732 4403 818 4499 apud
850 4402 922 4475 illas
957 4412 1076 4493 gentes
1109 4401 1288 4474 verborum
1324 4398 1557 4483 redundantia,
1591 4401 1624 4467 in
1663 4419 1727 4491 qua
1754 4395 1874 4467 dudum
1902 4407 1954 4468 est

591 4546 664 4593 curn
693 4519 879 4612 elegantiae
910 4519 1054 4614 purioris
1080 4516 1210 4590 laudem
1245 4514 1346 4613 Syri,
1378 4512 1577 4608 Arabesque
1604 4513 1713 4585 solent
1739 4516 1953 4584 constituere.

590 4640 625 4710 lu
653 4636 717 4708 illis
744 4633 995 4730 interpretandis
1028 4637 1073 4705 ita
1100 4637 1229 4705 versati
1254 4653 1386 4717 sumus,
1421 4640 1456 4702 ut
1481 4652 1591 4722 neque
1618 4629 1725 4701 stilum
1752 4627 1953 4700 floridiorem

591 4756 830 4838 affectaremus,
858 4749 945 4845 quod
971 4749 1097 4823 Masius
1124 4748 1204 4821 fecit
1229 4751 1262 4819 in
1290 4771 1330 4819 ea
1353 4771 1448 4841 quam
1477 4744 1565 4816 dedit
1590 4744 1763 4837 Liturgiae
1788 4745 1954 4841 Syriacae

589 4870 714 4943 basilio
743 4866 882 4939 tributae
909 4870 1083 4938 versione:
1110 4888 1218 4960 neque
1244 4862 1385 4936 verbum
1411 4859 1519 4933 verbo
1546 4860 1748 4932 reddendum
1767 4860 1954 4932 arbitrare-

590 5010 671 5060 mur.
725 4985 760 5056 ld
789 5006 871 5058 sano
898 5006 1001 5079 saepe
1027 4982 1097 5054 lieri
1123 5004 1190 5053 non
1216 4991 1345 5078 potest:
1380 5002 1457 5050 nam
1492 4980 1689 5073 synonymis
1716 4976 1860 5049 abundat
1885 4977 1955 5048 lin-

594 5127 660 5196 gua
687 5103 846 5198 Syriaca,
879 5123 963 5194 quae
997 5120 1062 5169 uno
1096 5118 1201 5194 prope
1235 5096 1308 5170 solo
1342 5095 1450 5169 verbo
1483 5093 1602 5166 Latino
1638 5096 1778 5188 exprimi
1805 5102 1955 5189 possunt.

592 5223 641 5294 lta
668 5242 741 5291 vox
766 5216 1002 5288 inisericordio
1035 5237 1120 5309 quae
1151 5217 1306 5286 continuo
1334 5214 1491 5295 occurrit,
1520 5233 1581 5305 por
1607 5216 1745 5304 quatuor
1771 5222 1826 5282 aut
1853 5213 1955 5306 quin-

594 5360 658 5433 que
685 5336 843 5430 Spriacas
870 5334 1075 5427 exprimitur,
1102 5340 1137 5401 ut
1162 5329 1248 5426 apud
1273 5328 1410 5400 Latinos
1441 5329 1621 5397 ntiaerutio
1645 5335 1679 5397 et
1703 5327 1954 5415 misericordie,
