5150 6534
822 863 1665 955 'mosronia-curans.
1896 880 1972 953 aar

706 1063 895 1134 Diaconos.
948 1061 1042 1135 Unus
1069 1061 1178 1133 Pater.

706 1177 892 1249 Sacerdos.
946 1178 1079 1249 Gratias
1106 1180 1236 1268 agimus
1262 1174 1339 1262 tibi,
1373 1189 1407 1249 et
1431 1176 1603 1248 laudamus
1628 1186 1684 1265 te,
1718 1178 1811 1256 Deus
1839 1190 1972 1252 creator

544 1289 552 1298 '
600 1304 736 1381 noster,
770 1295 825 1388 qui
861 1314 995 1388 semper
1026 1293 1068 1363 de
1101 1290 1209 1365 salute
1250 1302 1365 1363 nostra
1399 1294 1576 1379 sollicitus,
1611 1294 1644 1362 in
1679 1292 1832 1365 omuibus
1864 1317 1971 1389 genus

601 1418 751 1482 nostrum
777 1407 1005 1500 magnificasti,
1034 1419 1068 1480 et
1094 1411 1241 1494 ornasti3
1267 1429 1355 1478 nunc
1382 1411 1479 1479 etiam
1505 1430 1569 1480 nos
1587 1406 1707 1499 dignos
1735 1408 1838 1495 effice,
1865 1420 1900 1481 ut
1927 1434 1972 1482 ex

601 1514 807 1620 pinguedine
832 1522 950 1595 domus
986 1533 1081 1611 tuae,
1109 1523 1289 1595 secundum
1317 1526 1459 1595 animam
1487 1525 1744 1618 impinguemur:
1780 1546 1842 1617 per
1873 1523 1972 1597 fidem

602 1636 779 1711 alimoniae
804 1636 890 1711 illius
919 1636 1096 1732 spiritualis
1124 1636 1165 1710 ab
1193 1642 1272 1731 igne
1297 1636 1490 1726 liberemur,
1516 1650 1550 1710 et
1575 1640 1607 1707 in
1631 1635 1753 1710 lumine
1781 1647 1837 1712 tuo
1864 1661 1973 1736 prae-

602 1750 703 1824 claro
722 1753 895 1839 laetemur,
922 1762 957 1823 et
983 1752 1182 1841 exultemus,
1208 1750 1461 1846 referamusque
1488 1752 1545 1824 tibi
1571 1750 1713 1843 laudem,
1740 1762 1803 1823 etc.

705 1868 868 1962 Populus.
920 1868 1041 1939 Amen.

705 1982 893 2055 Diuorum.
946 1982 1037 2054 Post
1634 2045 1636 2050 .

707 2096 891 2169 Sacerdos.
943 2095 995 2167 'l'e
1020 2095 1103 2167 lesu
1131 2092 1262 2167 Christe
1288 2094 1381 2167 Deus
1398 2099 1645 2188 cognoscimus,
1667 2105 1699 2166 te
1714 2095 1916 2182 confitemur,
1939 2109 1972 2168 te

602 2208 788 2299 laudamus,
813 2211 900 2307 quod
912 2233 975 2306 per
990 2220 1023 2282 te
1039 2210 1115 2282 Deo
1130 2211 1220 2281 Patri
1235 2210 1336 2281 oblati
1351 2233 1475 2299 sumus,
1497 2222 1528 2282 et
1546 2209 1610 2282 fide
1623 2222 1716 2282 recta
1736 2210 1826 2282 ditati
1846 2233 1973 2301 sumus,

602 2346 792 2422 corpusque
816 2335 851 2397 et
873 2326 1069 2418 sanguinem
1093 2336 1181 2396 tuum
1204 2324 1331 2396 edimus
1351 2336 1384 2397 et
1403 2326 1555 2398 bibimus.
1598 2325 1841 2397 Adoratiouem
1855 2347 1971 2398 veram

603 2437 663 2512 tibi
677 2439 856 2531 oderimus,
872 2462 1085 2534 amoremque
1096 2448 1183 2510 tuum
1196 2461 1279 2532 erga
1296 2439 1446 2512 homines
1461 2440 1687 2535 deprecamur.
1714 2440 1860 2512 Benedic
1880 2442 1971 2512 dex-

602 2562 675 2625 teru
702 2563 758 2626 tua
784 2554 935 2648 gloriosa
963 2566 996 2627 et
1022 2552 1158 2626 brachio
1190 2562 1248 2626 tuo
1284 2554 1424 2627 excelso
1451 2554 1608 2651 populum
1636 2566 1725 2627 tuum
1753 2567 1786 2627 et
1813 2539 1971 2627 baeredi-

602 2676 705 2741 tutem
731 2678 838 2759 tuam,
872 2670 1001 2741 custodi
1034 2669 1110 2742 illos
1143 2691 1366 2765 perorarem
1394 2680 1483 2742 tuam
1510 2673 1701 2755 victricem,
1729 2681 1762 2741 et
1788 2670 1972 2742 referemus

603 2781 662 2854 tibi
688 2782 829 2876 gloriam
857 2794 890 2856 et
914 2784 1059 2874 laudem,
1086 2795 1119 2856 et
1144 2785 1220 2856 Deo
1247 2788 1390 2877 genitori
1426 2797 1503 2875 tuo,
1531 2796 1565 2857 et
1590 2786 1727 2881 Spiritui
1761 2796 1877 2858 sancto
1905 2794 1972 2872 tuo,

601 2918 690 2970 nunc
716 2908 750 2970 et
776 2920 920 2995 semper,
948 2910 982 2971 et
1007 2902 1040 2970 iu
1067 2899 1203 2971 saecula
1228 2899 1447 2971 saeculorum.

706 3013 868 3107 Populus.
920 3014 1041 3086 Amen.
1264 3015 1452 3087 Diaconos.
1505 3014 1653 3088 Benedic
1679 3017 1830 3089 Domine.

707 3126 891 3201 Sacerdos.
943 3130 1036 3201 Deus
1064 3130 1208 3223 quinos
1236 3128 1390 3222 dignutus
1418 3152 1456 3203 es
1484 3138 1545 3202 etc.

1041 3448 1539 3493 ...wa-„m

692 3745 798 3925 'sno
840 3834 1184 3927 nrruuomn
1226 3834 1399 3927 nosrs
1445 3834 1849 3927 nnn-curura

949 4052 1055 4169 ΟΒ
1093 4051 1627 4169 suurltit.

693 4355 794 4434 blosrs
827 4367 1002 4448 Barcephae
1030 4369 1150 4431 nomine
1178 4366 1315 4449 liturgia
1351 4373 1434 4428 extat
1466 4366 1495 4425 in
1526 4364 1663 4427 omnibus
1691 4381 1787 4443 prope
1816 4364 1972 4429 codicibus

601 4470 745 4553 Syrorum
767 4468 988 4546 Jacobitarum,
1021 4469 1101 4533 inter
1130 4487 1206 4550 quos
1229 4468 1426 4531 celeberrima
1456 4476 1504 4529 est
1532 4467 1612 4527 illius
1642 4466 1802 4541 memoria,
1832 4473 1972 4547 tanquam

502 4627 506 4632 r
600 4569 727 4651 insignis
751 4586 791 4631 ex
812 4568 931 4630 illorum
952 4567 1090 4630 Ecclesia
1112 4568 1270 4648 Theologi.
1308 4567 1336 4627 ls
1360 4574 1407 4627 est
1430 4568 1515 4645 cujus
1539 4582 1616 4644 opus
1640 4563 1678 4625 de
1701 4562 1843 4627 Paradiso
1866 4564 1972 4625 Latine

601 4665 816 4745 interpretatus
840 4672 887 4727 est
908 4666 955 4726 vir
977 4665 1168 4727 doctissimus
1198 4665 1338 4727 Andreas
1360 4664 1483 4739 blasius,
1506 4682 1583 4743 quae
1606 4663 1707 4724 versio
1737 4664 1862 4741 primum
1891 4662 1972 4741 typis

601 4761 793 4825 Plautinianis
816 4762 907 4839 editu,
930 4764 961 4825 in
982 4762 1197 4825 bibliothecam
1218 4764 1338 4824 Petrum
1361 4762 1504 4823 translatu
1527 4767 1582 4823 est.
1637 4760 1696 4822 Sed
1719 4760 1786 4841 quis
1809 4758 1899 4822 luerit
1921 4766 1973 4820 aut

602 4859 723 4941 quando
745 4862 856 4923 uixerit
878 4861 992 4937 Moses,
1016 4879 1115 4941 neque
1138 4861 1240 4924 docuit
1263 4878 1320 4922 nos
1343 4859 1471 4937 blasius,
1502 4876 1602 4939 neque
1632 4856 1751 4918 aliunde
1779 4864 1864 4918 certo
1892 4858 1972 4918 scire

601 4960 762 5038 potuimus.
807 4959 930 5021 vixisse
952 4958 1034 5020 illum
1057 4959 1108 5020 diu
1130 4966 1199 5020 ante
1222 4958 1401 5038 Dionysium
1428 4956 1575 5019 Barsalibi
1597 4956 1789 5036 perspicuum
1812 4962 1875 5032 cst,
1906 4973 1974 5015 cum

601 5058 629 5119 is
650 5059 682 5119 in
705 5056 928 5120 Commentario
952 5075 1007 5119 suo
1030 5056 1066 5117 ud
1090 5063 1218 5136 quatuor
1239 5055 1407 5136 Evangelio
1432 5064 1463 5118 et
1485 5056 1572 5132 alibi,
1602 5053 1680 5115 illius
1710 5053 1879 5115 testimonia
1909 5049 1975 5111 ire-

602 5161 731 5231 quenter
752 5154 882 5216 reserat:
906 5164 938 5217 ut
961 5156 1050 5217 etium
1069 5155 1220 5234 juniorem
1243 5152 1337 5215 luisse
1359 5152 1473 5214 lucobo
1496 5153 1673 5227 Edessena,
1704 5158 1735 5213 et
1759 5150 1855 5212 altero
1880 5148 1976 5210 Seru-

601 5251 690 5327 geusi
713 5269 755 5313 ex
777 5269 815 5314 eo
837 5252 993 5332 probatur,
1018 5250 1097 5331 quod
1121 5252 1239 5312 illorum
1262 5253 1428 5313 sententias
1451 5249 1684 5312 reserateodem
1704 5250 1856 5328 inopere.
1880 5247 1975 5308 Valde

601 5354 700 5411 autem
722 5349 922 5412 hallucinatus
946 5357 993 5412 est
1014 5350 1138 5429 blasius,
1162 5348 1231 5410 dum
1260 5347 1343 5409 illum
1370 5366 1431 5411 non
1463 5348 1554 5428 longe
1576 5354 1645 5427 post
1666 5346 1812 5407 loannem
1835 5343 1973 5424 Chryso-

1691 5446 1770 5521 53*
1896 5440 1908 5459 ⁵
