5150 6534
591 811 672 890 aso
1095 809 1454 890 cruuntur

591 973 1963 1098 quemammmpuueanqummmgmmmm

593 1109 1962 1210 tunszperquemnosetiamsperamusm'mericordiamconsequi,etre-

592 1232 786 1302 missionem
810 1240 1026 1326 pecatorum
1049 1239 1188 1326 propter
1211 1230 1314 1317 llum,
1339 1237 1374 1300 et
1398 1226 1498 1301 nobis
1523 1236 1558 1299 et
1582 1229 1675 1322 ipos

698 1335 860 1438 Populea.
912 1347 1065 1433 Quietem
1092 1355 1237 1441 praesta

695 1463 872 1534 Smerdes
904 1462 1097 1534 inclinum
1148 1460 1613 1548 Eximcllomineanimas,
1645 1479 1790 1554 corpora
1823 1461 1959 1554 etspi-

592 1579 675 1650 ritus
708 1587 862 1665 nostros,
900 1577 943 1651 ab
986 1581 1075 1650 omni
1100 1599 1229 1670 genere
1260 1578 1455 1650 infirmitatis
1487 1578 1717 1673 pmnieiosae,
1748 1581 1783 1644 et
1816 1576 1958 1646 sarcitis

592 1691 929 1789 gravibnspeceati.
988 1688 1958 1786 Dirigegressusnostrosinsemitismandatcrun

592 1807 876 1901 Evangelicornm
908 1818 944 1880 et
973 1808 1231 1898 vivificantium,
1262 1820 1298 1880 et
1329 1808 1372 1880 dn
1401 1807 1500 1880 uobis
1532 1817 1567 1879 ut
1596 1809 1700 1879 simus
1730 1803 1790 1877 tibi
1820 1806 1958 1901 popub

532 1911 540 1920 ’
592 1933 745 2008 sanctus,
770 1927 992 2016 congregatio
1017 1924 1148 1996 salvata
1174 1933 1209 1996 et
1232 1923 1350 2016 regale
1374 1923 1615 1996 Sacerdotium

696 2037 847 2110 llecoaa
870 2061 998 2112 cocere
1049 2039 1096 2112 Ut
1126 2044 1275 2135 quijam
1310 2039 1410 2136 plene
1442 2061 1556 2112 sumus
1588 2061 1610 2109 a
1641 2045 1676 2108 te
1707 2035 1866 2132 perfecti,
1897 2059 1957 2134 per

593 2153 790 2226 sacrificiu·
814 2153 879 2228 boc
911 2158 1001 2251 pium
1030 2159 1230 2229 innoventur
1263 2160 1394 2227 animae
1428 2165 1464 2228 et
1497 2177 1642 2251 corpora
1672 2164 1805 2228 nostra:
1840 2153 1958 2246 Quos

593 2269 688 2342 edice
712 2291 777 2343 nos
802 2272 934 2364 gaudis
958 2271 1155 2363 angelicis,
1187 2271 1337 2367 tn‘pudiis
1370 2271 1614 2367 spiritualibus,
1650 2281 1685 2343 et
1716 2269 1850 2342 clioreh
1880 2269 1957 2342 lae·

595 2388 704 2457 titiae:
729 2408 805 2457 cum
829 2387 938 2460 beatis
963 2390 1047 2458 viris
1072 2386 1138 2459 illis
1164 2386 1261 2460 simul
1285 2390 1440 2459 vivamus
1466 2397 1501 2460 et
1525 2386 1703 2459 laetentur:
1729 2397 1765 2460 nt
1796 2407 1873 2458 cum
1897 2383 1957 2456 itte

594 2511 629 2573 et
652 2503 738 2572 inter
764 2525 826 2575 eos
857 2501 1081 2596 glorificemus
1113 2515 1149 2575 et
1180 2501 1353 2574 laudemus
1387 2524 1509 2575 nomen
1543 2514 1651 2593 tuum,
1684 2502 1957 2595 gloriosissim

594 2625 629 2686 et
652 2612 880 2706 benedictum,
906 2629 943 2691 ut
968 2622 1069 2691 etiam
1094 2619 1228 2691 Domini
1258 2620 1365 2691 nostri
1397 2618 1481 2692 lesu
1516 2617 1639 2692 Cbristi
1670 2628 1705 2691 et
1735 2617 1878 2714 Spiritm
1915 2617 1957 2691 tu·
2033 2651 2037 2662 ·

595 2734 714 2805 sancb'„

697 2859 859 2953 Populea.
910 2862 966 2936 Ue

698 2988 883 3063 Sacerdos
935 2994 1021 3064 Pax.

699 3119 860 3212 Populea.
912 3119 1057 3193 Etcum
1082 3123 1198 3215 spiritu
1224 3129 1292 3191 tuo.

698 3250 883 3322 maome
935 3248 1191 3321 benedictiones
1217 3250 1292 3318 siut

700 3378 862 3471 Papulae.
913 3376 1059 3451 Etcum
1081 3381 1196 3474 spiritu
1224 3386 1291 3448 tuo.

596 3702 771 3774 Sacerdos
802 3706 936 3797 froaqit
977 3701 1132 3773 Oblatas
1165 3708 1200 3771 et
1239 3703 1362 3794 eipnot.
1415 3701 1501 3771 llos
1531 3701 1616 3771 dicit
1649 3697 1848 3770 Orationem
1880 3703 1956 3769 oste

1151 3818 1253 3889 Pater
1278 3828 1404 3889 noster.

700 4024 841 4095 Domine
873 4034 989 4095 noster
1026 4034 1060 4095 et
1090 4024 1183 4095 Deus
1216 4027 1425 4112 misericors,
1462 4026 1517 4117 qui
1549 4044 1588 4093 es
1620 4022 1704 4094 ultra
1737 4030 1890 4117 tempora
1927 4029 1959 4092 et

597 4150 742 4227 mentes,
769 4150 802 4211 et
832 4144 985 4235 superior
1017 4140 1168 4212 omnibus
1200 4139 1436 4235 principatibus
1471 4149 1506 4209 et
1539 4134 1710 4211 ordinibus
1745 4137 1895 4210 excelsis
1927 4145 1960 4208 et

597 4254 818 4327 coelestibus:
845 4259 900 4349 qui
925 4278 987 4350 per
1012 4259 1153 4347 gratiam
1180 4265 1215 4326 ct
1239 4256 1501 4328 misericordiam
1527 4265 1614 4326 tuam
1646 4257 1778 4326 vocasti
1810 4276 1896 4342 nos,
1928 4261 1961 4326 et

598 4372 753 4444 addixisti
778 4394 841 4444 nos
868 4375 1020 4443 servituti
1051 4371 1189 4458 beatae,
1224 4380 1258 4441 et
1290 4370 1415 4443 deliciis
1448 4371 1592 4467 paradisi
1626 4369 1732 4442 Eden.
1784 4370 1856 4442 Sed
1888 4391 1961 4442 eum

598 4487 844 4559 inexcusabiles
870 4490 1125 4575 mansissemus,
1152 4497 1186 4558 et
1212 4487 1366 4558 mandata
1393 4498 1449 4559 tua
1481 4487 1646 4559 dominica
1678 4484 1838 4557 audacter
1873 4507 1960 4559 cou-

600 4604 789 4690 culcantes,
827 4613 860 4673 et
900 4596 1103 4696 transgressi
1139 4601 1215 4675 ideo
1251 4614 1358 4674 morte
1390 4602 1533 4674 damuati
1565 4624 1733 4690 essemus,
1759 4605 1960 4694 unigenitum

598 4702 718 4791 Filiuni
742 4728 848 4804 mum,
875 4728 908 4789 et
934 4719 1144 4813 splendorem
1171 4717 1376 4790 substantiae
1401 4729 1478 4791 tuae
1511 4722 1625 4790 misisti
1652 4716 1695 4787 ad
1726 4716 1867 4790 salutem
1892 4739 1960 4789 no-

599 4847 710 4907 stram.
763 4835 796 4906 ls
832 4857 962 4907 omnem
995 4835 1275 4931 dispensationem
1311 4856 1405 4906 suam
1437 4834 1614 4906 salutarem
1648 4853 1711 4928 pro
1744 4833 1844 4905 nobis
1876 4853 1960 4929 per-

600 4949 697 5036 fecit3
723 4951 942 5045 mandataque
969 4951 1141 5037 salutaria,
1170 4961 1203 5022 et
1228 4949 1324 5042 leges
1351 4951 1560 5022 vivificantes
1585 4948 1684 5021 nobis
1709 4952 1900 5045 proposuit,
1926 4957 1960 5019 ut

599 5068 632 5136 in
658 5049 722 5138 illis
749 5064 1008 5156 ambularemus,
1034 5067 1337 5161 graderemurque3
1368 5077 1401 5137 et
1433 5070 1684 5161 perveniremus
1709 5064 1760 5136 'ad
1785 5074 1837 5153 te,
1862 5064 1960 5135 Pater

600 5181 899 5254 misericordiarum
926 5193 959 5253 ct
984 5181 1077 5254 Deus
1104 5186 1202 5254 totius
1230 5181 1480 5255 consolationis.
1516 5181 1561 5252 Et
1585 5204 1671 5253 nunc
1697 5181 1831 5253 domiue
1856 5181 1958 5266 Deus,

600 5296 643 5368 da
674 5297 789 5387 nobis,
822 5307 857 5369 ut
892 5298 1050 5371 advolent
1086 5321 1206 5394 preces
1240 5308 1378 5373 nostrae
1418 5299 1584 5389 infirmae,
1616 5320 1679 5393 per
1704 5297 1775 5369 alas
1802 5294 1959 5370 amabiles
