5150 6534
597 856 673 929 520
1166 855 1397 931 NOTAE

598 1041 789 1134 diligentiae
816 1053 850 1116 et
876 1064 978 1113 curae
1005 1053 1091 1113 tuae.
1146 1040 1341 1114 Pastoribus
1370 1045 1442 1133 ejus
1470 1040 1620 1112 concede
1647 1044 1855 1135 sapientiam,
1882 1063 1974 1112 con-

597 1159 745 1231 cordiam
773 1170 806 1230 et
833 1162 1055 1230 sanctitatem:
1084 1156 1313 1228 sacerdotibus
1341 1160 1413 1248 eJus
1441 1179 1553 1228 mores
1570 1156 1782 1250 praeclaros:
1809 1154 1972 1229 Diaconis

597 1276 670 1366 ejus
698 1274 910 1346 modestiam:
937 1272 1088 1363 Regibus
1115 1275 1187 1362 ejus
1216 1275 1428 1366 aequitatem,
1455 1270 1733 1343 etOrthodoxum
1760 1271 1867 1359 fidem,
1896 1295 1973 1344 cum

596 1374 750 1460 victoria.
804 1389 998 1480 Virginibus
1026 1391 1111 1479 ejuS,
1139 1389 1258 1474 zelum
1286 1399 1320 1458 et
1348 1391 1618 1482 temperantiam;
1646 1389 1834 1478 conjugatis
1861 1391 1972 1457 casti-

596 1509 740 1576 moniam
768 1503 853 1575 tliori
881 1503 1084 1593 conjugalis:
1112 1501 1313 1596 principibus
1341 1506 1374 1572 in
1402 1525 1442 1573 ea
1470 1505 1565 1590 viris,
1593 1501 1806 1574 humilitatem
1833 1506 1972 1574 mentis:

598 1621 752 1692 divitibus
779 1617 1058 1690 misericordiam:
1085 1617 1287 1712 pauperibus
1317 1617 1503 1689 alimentum
1520 1628 1554 1688 et
1575 1620 1786 1713 patientiam:
1813 1620 1974 1688 esurien-
2034 1703 2038 1712 1

597 1736 685 1808 tibus
713 1737 937 1819 saturitatem,
970 1734 1221 1824 aegrotantibus
1258 1737 1447 1806 sanitatem:
1482 1736 1615 1828 impetui
1652 1729 1810 1823 juvenilis
1853 1737 1973 1804 aetatis

598 1873 713 1923 eorum
748 1853 861 1944 quiin
896 1872 936 1918 ca
965 1859 1051 1936 suut,
1079 1851 1331 1938 continentiam;
1363 1848 1498 1920 senibus
1531 1853 1706 1940 vigorem,
1742 1846 1904 1939 dispersis
1939 1851 1973 1920 in

599 1989 640 2039 oa
667 1967 909 2037 reductionem:
943 1986 1048 2060 prope
1076 1964 1295 2036 existentibus
1323 1964 1507 2037 custodiam
1533 1964 1732 2059 perfectam,
1761 1974 1794 2034 et
1821 1963 1973 2036 omnibus

598 2085 713 2177 quiin
741 2080 849 2173 aliqua
877 2083 1078 2151 necessitate
1106 2084 1272 2152 constituti
1301 2092 1388 2169 sunt,
1416 2079 1457 2150 da
1484 2079 1649 2168 solatium,
1676 2078 1973 2174 liberationemque

596 2196 695 2269 nobis
724 2196 875 2268 omnibus
904 2199 1013 2268 servis
1042 2204 1075 2266 et
1101 2196 1333 2269 adoratoribus
1366 2200 1448 2268 tuis:
1482 2197 1632 2267 concede
1668 2199 1800 2266 veniam
1829 2198 1972 2266 omnium

597 2316 940 2407 praevaricationum,
975 2320 1009 2381 et
1043 2314 1279 2383 immunitatem
1307 2313 1348 2384 ab
1379 2311 1530 2383 omuibus
1557 2312 1671 2397 malis,
1709 2314 1783 2403 quia
1818 2330 1885 2380 non
1921 2321 1974 2381 est

598 2426 697 2500 nobis
724 2438 851 2524 pastor,
878 2426 1055 2513 Damione,
1090 2439 1146 2499 aut
1171 2428 1264 2498 Deus
1299 2429 1382 2499 alius
1414 2436 1550 2521 praeter
1586 2437 1637 2514 te,
1671 2437 1705 2497 et
1740 2426 1797 2498 tibi
1830 2424 1973 2516 gloriam

597 2544 772 2617 referimus
801 2554 833 2614 et
859 2545 1040 2634 gratiarum
1068 2547 1244 2630 actionem,
1273 2555 1307 2615 et
1333 2546 1424 2615 Patri
1451 2555 1518 2634 tuo,
1547 2545 1600 2636 qui
1631 2545 1719 2613 misit
1745 2553 1777 2613 te
1805 2539 1848 2610 ad
1874 2539 1972 2614 salu-

598 2668 664 2731 tem
690 2668 851 2748 nostram,
879 2668 911 2728 et
937 2657 1071 2751 Spiritui
1098 2667 1153 2731 tuo
1183 2670 1300 2731 sancto
1328 2682 1426 2745 nunc,
1454 2668 1517 2728 etc.

702 2774 864 2866 Populus.
916 2774 1036 2843 Amen.

702 2890 890 2960 Diaconos.
942 2888 1090 2959 Benedic
1116 2889 1268 2960 Domine.

703 3005 887 3075 Sacerdos.
940 3003 1087 3075 Benedic
1114 3005 1279 3094 omnibus,
1308 3017 1370 3077 etc.

671 3764 729 3854 ΙΝ
774 3763 1115 3855 nluunutlu
1165 3762 1406 3854 IGNblll
1453 3761 1592 3853 SIVE
1634 3761 1899 3856 solunte

1020 3995 1208 4069 FlLll
1261 3993 1540 4070 nubunt

1200 4224 1373 4306 llbl'lll.

689 4429 716 4492 l.
764 4420 842 4512 Quis
863 4431 996 4493 Joannes
1019 4432 1069 4493 ille
1093 4432 1183 4494 luerit
1205 4433 1295 4512 plane
1318 4434 1479 4511 nescimus,
1503 4433 1561 4494 nisi
1584 4432 1664 4513 quod
1689 4432 1894 4496 Antiochenus
1915 4433 1973 4495 Ja-

482 4584 490 4591 .
522 4581 532 4589 .
600 4534 765 4596 cubiturum
795 4534 966 4596 Patriarcba
997 4535 1101 4596 luerit:
1138 4553 1196 4615 quo
1224 4546 1361 4615 ternpore
1390 4537 1516 4610 vixerit,
1546 4536 1720 4616 ignoratur,
1757 4553 1823 4596 cum
1856 4535 1973 4598 obscu-

601 4634 717 4695 rissima
759 4636 796 4695 sit
841 4635 997 4695 Ecclesiae
1032 4634 1219 4697 Jacobiticae
1253 4634 1462 4697 Antiochense
1497 4635 1640 4709 historia,
1684 4652 1771 4714 quam
1805 4634 1856 4713 qui
1893 4636 1974 4697 scri·

600 4732 705 4811 pserit‚
730 4733 828 4793 nubus
851 4734 1018 4812 reperitur:
1043 4734 1101 4795 imo
1124 4753 1163 4795 ne
1186 4736 1342 4796 successio
1362 4735 1480 4813 quidem
1497 4733 1735 4795 Patriarcbarum
1757 4732 1875 4794 illorum
1898 4735 1973 4797 satis

601 4831 750 4910 explicata
774 4840 831 4892 est.
877 4830 1085 4894 Recentiorem
1109 4834 1189 4894 illum
1213 4832 1308 4894 brisso
1330 4832 1493 4894 verisimile
1517 4840 1574 4910 est,
1598 4833 1824 4912 quiescamus,
1848 4839 1880 4892 ut
1903 4832 1974 4911 ple-

601 4930 687 5009 rique
719 4938 840 4992 veteros
874 4949 933 4992 non
965 4932 1151 5012 appellatur,
1175 4931 1231 4994 sed
1254 4938 1365 4992 tantum
1388 4931 1467 5006 Mor,
1501 4931 1552 5010 qui
1581 4930 1682 4991 titulus
1714 4930 1784 4990 licet
1812 4928 1973 5008 aliquando

601 5030 712 5089 sanctis
737 5029 894 5106 tribuatur,
917 5029 1077 5111 Episcopis
1100 5031 1200 5108 etiam,
1224 5038 1254 5092 et
1280 5030 1491 5111 multomagis
1515 5028 1705 5104 nutriar-anis,
1729 5028 1818 5090 ctiam
1839 5027 1974 5092 viventi-

601 5125 658 5187 bus
682 5127 806 5189 bonoris
829 5131 928 5210 gratia
951 5129 1041 5190 tribui
1064 5128 1152 5191 solet.
1206 5128 1328 5190 Certum
1357 5137 1456 5191 autem
1486 5129 1620 5210 praefert
1649 5128 1790 5189 novitatis
1819 5126 1974 5210 indicium,

601 5242 642 5287 ex
666 5226 734 5287 stilo
757 5227 809 5313 illo
833 5227 984 5306 affectato,
1007 5229 1194 5308 vocibusque
1223 5227 1399 5306 reconditis,
1423 5226 1547 5291 Graecis
1570 5228 1766 5309 praesertim,
1794 5242 1889 5306 saepe
1911 5244 1974 5290 nou

600 5330 687 5387 recte
710 5326 881 5390 intellectis.
915 5326 1044 5389 Accedit
1064 5345 1302 5409 synonymomm
1324 5337 1355 5391 et
1378 5327 1578 5409 epithetorum
1600 5327 1722 5408 farrago
1745 5323 1868 5404 inutilis,
1892 5344 1973 5407 quae
