5150 6534
863 897 1739 980 Jonnntsssnsonunslsx
1890 904 1967 977 425

594 1077 709 1158 ‘meam
735 1087 966 1160 annuntiabitis
994 1098 1027 1160 et
1052 1093 1332 1163 resurrectionem
1359 1113 1464 1161 meam
1492 1087 1753 1180 confitebimini,
1786 1110 1891 1183 usque
1924 1088 1968 1161 ad

599 1202 777 1275 adveutum
804 1226 921 1275 meum.

701 1320 861 1412 Populus.
913 1320 1031 1392 Mortis
1059 1331 1154 1407 tuae,
1181 1323 1345 1408 Domine,
1373 1323 1565 1391 memoriam
1593 1323 1732 1411 agimus.

701 1435 884 1507 Sacerdos.
923 1434 1189 1509 Tabernaculum
1207 1440 1305 1528 igitur
1323 1459 1388 1508 non
1408 1459 1505 1507 manu
1527 1436 1649 1507 iactum
1667 1436 1824 1531 Pontifex
1842 1448 1966 1525 sancte,

599 1552 773 1646 puritatem
800 1550 930 1642 indute,
958 1563 1140 1646 segregate
1168 1579 1187 1625 a
1214 1552 1462 1649 peccatoribuS,
1499 1563 1531 1622 tu
1559 1555 1728 1644 unigenite
1753 1555 1846 1625 Deus
1874 1553 1969 1624 Ver-

599 1664 697 1755 bum,
723 1670 881 1752 erexisti,
916 1673 970 1761 qui
996 1693 1058 1765 pro
1085 1668 1199 1758 nobis,
1232 1672 1404 1763 nostrique
1431 1667 1609 1754 similibus,
1644 1677 1676 1738 et
1708 1679 1822 1741 nostra
1855 1692 1968 1758 causa,

599 1795 699 1878 atque
725 1807 772 1855 ex
800 1782 896 1857 uobis
924 1789 1112 1858 incarnatus
1140 1807 1198 1872 es3
1232 1788 1286 1878 qui
1313 1788 1544 1856 necessitatem
1583 1807 1649 1856 aon
1684 1783 1787 1857 babes
1823 1786 1968 1878 quotidie

600 1902 687 1972 sicut
711 1899 776 1989 illi,
803 1904 857 1994 qui
885 1912 1045 1974 exterra
1073 1900 1262 1973 sacerdotio
1290 1900 1486 1992 iunguntur,
1519 1900 1620 1972 multa
1648 1900 1768 1973 ollerrc
1795 1901 1966 1974 sacrificia.

599 2015 675 2088 Hoc
701 2020 787 2087 enim
814 2014 922 2090 iecisti
953 2019 1076 2107 semel,
1109 2040 1177 2090 non
1209 2018 1351 2087 alienum
1384 2020 1595 2108 sanguinem,
1630 2039 1739 2112 neque
1771 2016 1966 2088 sacrificium

600 2154 647 2203 cx
672 2129 834 2222 imgibus,
862 2133 922 2204 sed
948 2144 982 2205 te
1008 2139 1115 2228 ipsum
1142 2156 1203 2229 pro
1231 2133 1327 2204 nobis
1354 2132 1483 2219 dedisti,
1516 2142 1549 2202 et
1575 2133 1783 2204 sacerdotale
1810 2137 1966 2206 ministe-

599 2250 683 2318 rium
711 2247 857 2338 ejusdem
886 2248 1051 2341 dignitatis
1078 2248 1362 2346 praedicatoribus
1389 2247 1566 2338 Evangelii
1593 2247 1792 2320 fundandum
1818 2272 1966 2322 concre-

601 2363 721 2451 didisti,
748 2373 885 2459 propter
912 2366 1142 2439 sublimitatem
1169 2369 1325 2440 bonitalis
1354 2376 1438 2436 tuae.
1492 2364 1542 2433 Tu
1578 2367 1677 2455 igitur
1712 2387 1797 2436 nunc
1823 2367 1965 2439 Domine

599 2489 715 2551 noster
740 2479 821 2565 lesu
849 2478 992 2567 Christe,
1020 2487 1074 2577 qni
1101 2506 1221 2579 passus
1249 2504 1286 2552 es
1314 2503 1375 2576 pro
1401 2480 1499 2551 nobis
1526 2482 1559 2549 in
1586 2502 1706 2568 carne,
1741 2504 1814 2551 cum
1842 2487 1966 2555 etiam-

600 2620 677 2669 num
704 2606 900 2691 pcccatores
929 2621 1095 2671 essemus:
1125 2605 1179 2695 qui
1208 2602 1294 2669 nosti
1322 2596 1576 2668 imbecillitatem
1602 2606 1740 2667 naturae
1766 2607 1912 2685 nostrae,
1935 2608 1968 2670 et

601 2699 742 2784 didicisti
768 2736 813 2783 ex
839 2716 880 2785 iis
909 2738 994 2807 quae
1020 2739 1139 2809 passus
1168 2739 1205 2787 es
1232 2713 1471 2799 obedientiam,
1506 2735 1549 2782 nc
1576 2714 1709 2803 rejicias
1737 2736 1799 2786 nos
1826 2738 1871 2786 ex
1897 2737 1965 2786 nu-

600 2849 695 2899 mero
723 2850 899 2901 servorum
927 2842 1076 2910 tuoruum
1104 2855 1146 2903 ne
1172 2831 1276 2902 veluti
1305 2832 1453 2899 inimicos
1480 2828 1634 2920 negligas
1651 2850 1726 2916 nos,
1753 2853 1796 2900 ne
1813 2839 1966 2925 tanquam

601 2965 663 3014 eos
691 2944 807 3037 quibus
835 2948 1028 3042 supplicium
1056 2948 1225 3019 decretum
1252 2956 1321 3033 est,
1356 2967 1420 3016 nos
1456 2945 1680 3037 derelinquas:
1716 2946 1776 3017 sed
1811 2955 1965 3040 tanquam

602 3070 736 3131 curator
762 3059 888 3150 bonus,
916 3074 950 3133 et
975 3075 1069 3158 pater
1088 3067 1293 3147 misericors,
1322 3065 1376 3156 qui
1397 3061 1438 3132 ad
1460 3062 1590 3132 domum
1610 3083 1703 3132 suam
1724 3070 1833 3147 vocat,
1862 3072 1964 3156 quot-

601 3187 682 3272 quot
708 3197 832 3267 sumuS,
859 3179 960 3249 reduc
987 3203 1049 3251 nos
1076 3204 1137 3275 per
1165 3183 1326 3270 integram
1351 3180 1578 3249 reversionem
1599 3177 1640 3248 ad
1660 3200 1701 3247 ea
1722 3199 1808 3270 quac
1826 3177 1965 3249 honesta

601 3305 686 3365 sunt.
739 3292 867 3365 Perfice
894 3298 924 3364 in
953 3297 1048 3367 nobis
1076 3297 1279 3367 voluntatem
1309 3305 1396 3365 tuam
1418 3293 1605 3366 vivificam:
1633 3302 1666 3363 et
1683 3292 1839 3363 radicitus
1856 3293 1965 3364 evelle

602 3411 746 3482 anobis
773 3431 900 3482 omnem
930 3411 1102 3499 desidiam,
1130 3436 1149 3483 a
1177 3435 1240 3505 qua
1269 3415 1372 3482 oritur
1391 3432 1498 3497 error,
1526 3417 1559 3479 et
1575 3407 1769 3482 instabilitas
1784 3408 1965 3480 bonorum:

602 3528 833 3622 aspiciensque
859 3538 1087 3622 paupertatem
1115 3538 1273 3613 nostram,
1300 3526 1419 3596 festina
1445 3525 1485 3595 ad
1507 3525 1728 3596 miserendum
1745 3529 1859 3597 nostri.
1887 3525 1963 3595 Ne-

601 3665 667 3737 que
694 3645 780 3713 enim
806 3652 893 3715 totus
920 3642 976 3713 ille
1001 3648 1099 3714 timor
1122 3644 1251 3735 judicii,
1285 3642 1340 3713 ubi
1373 3645 1460 3732 ignis
1496 3641 1755 3733 inextinguibilis
1783 3653 1816 3713 et
1841 3647 1964 3713 vermis
2014 3662 2023 3700 1

602 3762 751 3853 quinon
783 3760 938 3862 moritur,
974 3757 1116 3849 abjectio
1153 3759 1294 3845 acerba,
1331 3755 1517 3828 obscuritas
1548 3756 1668 3827 nullam
1701 3759 1963 3829 consolationem

602 3874 794 3963 admittens,
821 3871 916 3945 lletus
943 3885 977 3944 et
1003 3875 1124 3946 stridor
1151 3875 1312 3962 dentium,
1340 3874 1441 3944 corda
1469 3884 1582 3944 nostra
1616 3884 1737 3944 tantum
1771 3878 1896 3945 cruciat
1931 3885 1964 3944 et

601 3988 710 4077 allicit,
738 3998 793 4059 aut
819 3993 934 4080 tangit,
962 4000 1115 4083 quantum
1143 3989 1239 4062 dolor
1265 3989 1332 4079 ille,
1360 3999 1393 4060 ct
1419 4012 1563 4060 summus
1592 3998 1725 4079 tremor,
1752 4013 1795 4061 ne
1820 3990 1963 4061 excida-

601 4127 674 4178 mus
701 4128 721 4175 a
747 4104 857 4196 gloria
883 4114 947 4191 tua,
976 4116 1030 4176 aut
1056 4105 1255 4199 repellamur
1283 4129 1302 4175 a
1330 4109 1467 4177 caritate
1494 4114 1559 4192 tua,
1588 4115 1643 4175 aut
1664 4106 1832 4198 privemur
1851 4106 1962 4176 bene-

599 4220 675 4293 ficio
698 4219 910 4312 benignitatis
930 4231 1022 4292 tuae:
1044 4222 1281 4316 videamusque
1299 4225 1473 4292 venientes
1496 4222 1536 4293 ab
1560 4220 1696 4292 Oriente
1718 4231 1751 4292 el
1771 4222 1962 4309 Occidente,

602 4346 637 4407 et
657 4336 743 4432 apud
765 4348 798 4408 le
817 4361 892 4409 cum
910 4337 1101 4411 Abrabamo
1129 4350 1163 4409 et
1180 4341 1304 4410 sanctis
1318 4337 1566 4409 recumbentes:
1601 4359 1662 4409 nos
1683 4360 1767 4408 vero
1793 4361 1812 4407 a
1838 4338 1961 4434 Spiritu

555 4497 562 4506 -
601 4460 719 4526 sancto
746 4456 902 4549 separati,
930 4456 1098 4546 ejiciamur
1124 4453 1234 4543 foras,
1264 4454 1499 4547 audiamusque
1526 4475 1645 4524 vocem
1672 4454 1760 4525 illam
1795 4455 1962 4546 acerbam,

602 4568 781 4640 dicentem:
815 4569 923 4641 Amen
957 4568 1031 4641 dico
1067 4568 1184 4659 vobis,
1217 4574 1332 4643 nescio
1364 4592 1439 4641 vos.
1498 4569 1582 4655 Quid
1616 4569 1710 4640 nobis
1743 4591 1821 4640 esso
1851 4581 1962 4665 potest

600 4683 788 4775 hujusmodi
813 4686 974 4755 sententia
996 4688 1135 4773 tristius3
1163 4685 1239 4779 quid
1264 4689 1362 4758 etiam
1385 4685 1664 4780 acciderepotest
1687 4685 1853 4773 acerbum,
1879 4709 1962 4781 prae

599 4799 658 4872 illa
684 4799 895 4872 contusione:
923 4801 1011 4895 quod
1037 4802 1164 4874 scilicet
1189 4801 1362 4874 videamus
1390 4803 1515 4890 Deum,
1549 4811 1583 4873 et
1609 4826 1629 4873 a
1655 4802 1730 4873 Deo
1757 4824 1961 4897 separemur,

602 4914 791 5009 quodcum
817 4918 851 4986 in
876 4914 940 4987 boc
966 4915 1086 4988 mundo
1114 4916 1285 4987 domestici
1312 4917 1485 5003 fuerimuS,
1522 4920 1554 4987 in
1580 4917 1688 4989 iuturo
1716 4921 1818 4990 simus
1845 4919 1961 4990 alieni:

602 5029 691 5124 quod
717 5052 805 5103 nunc
831 5053 905 5101 cum
931 5032 1005 5103 idiis
1033 5030 1208 5102 Ecclesiae
1230 5042 1369 5120 stemus,
1405 5042 1439 5103 et
1464 5044 1541 5103 turm
1567 5056 1641 5104 cum
1669 5033 1802 5106 diabolo
1829 5035 1961 5106 conde-

602 5168 760 5218 mnemur.
796 5147 900 5238 Igitur
925 5169 969 5218 ne
994 5146 1061 5217 talo
1088 5147 1164 5240 quid
1190 5150 1363 5243 patiamur,
1389 5151 1520 5243 corripe
1545 5171 1608 5221 nos
1626 5151 1780 5241 Domine,
1807 5150 1959 5224 sednon

600 5263 635 5332 in
657 5261 793 5352 judicio,
820 5286 929 5357 neque
956 5265 1080 5334 inira:
1108 5263 1213 5356 dirige
1239 5285 1377 5355 gressus
1403 5275 1548 5352 nostros,
1581 5266 1727 5338 mortabs
1754 5269 1839 5336 enim
1868 5291 1958 5362 quo-

600 5376 701 5450 modo
726 5377 888 5471 intelliget
911 5380 987 5453 vias
1015 5380 1115 5472 ejus?
1142 5378 1227 5453 doce
1251 5401 1315 5453 nos
1341 5380 1454 5453 iacere
1479 5380 1682 5455 voluntatem
1709 5392 1816 5475 tuam,
1848 5406 1958 5458 revo-
