5150 6534
973 866 1598 968 sausouirouaurr.
1891 893 1965 967 aar

605 1074 691 1169 pulis
718 1079 842 1148 erroris
869 1075 1074 1150 multiformis
1101 1076 1291 1169 dogmatum
1316 1076 1618 1173 reprobandorum:
1651 1101 1769 1151 verum
1804 1102 1865 1176 per
1898 1079 1967 1151 do-

605 1195 743 1263 ctrinam
770 1201 898 1287 patrum
923 1191 1054 1265 illorum
1081 1202 1269 1265 nostrorum
1295 1192 1486 1283 beatorum,
1513 1192 1670 1265 confirma
1697 1214 1774 1282 nos,
1811 1206 1844 1266 et
1870 1193 1967 1266 fidem

605 1306 733 1379 idomm
759 1307 858 1378 lunda
886 1311 918 1378 in
945 1308 1058 1395 nobis,
1084 1307 1247 1403 bonisque
1275 1331 1389 1381 eorum
1418 1332 1478 1380 eos
1506 1309 1626 1402 dignos
1652 1309 1791 1381 efficeet
1812 1334 1885 1381 cum
1906 1309 1968 1383 illis

603 1422 787 1495 referemus
812 1422 871 1495 tibi
897 1423 1039 1515 gloriam
1066 1436 1100 1495 et
1124 1428 1306 1516 gratiarum
1333 1428 1505 1495 actionem.
1549 1512 1551 1521 ¹

710 1539 870 1632 Populea.
921 1541 1042 1611 Amen.
1808 1617 1811 1623 ,

708 1655 882 1726 Sacerdos
908 1654 1097 1725 inclinatur.
1150 1653 1194 1726 Ut
1221 1659 1319 1727 etiam
1354 1678 1469 1727 eorum
1502 1658 1708 1744 memineriS,
1741 1659 1795 1750 qui
1828 1680 1873 1727 ex
1908 1654 1971 1728 hac

604 1776 673 1843 vita
701 1770 741 1842 ad
769 1781 802 1842 te
816 1773 1055 1862 migraverunt,
1083 1779 1115 1840 te
1142 1769 1377 1864 deprecamur,
1403 1771 1562 1859 Domine,
1589 1770 1808 1844 Sacerdotum
1826 1782 1860 1842 et
1881 1770 1970 1842 Dia-

580 1906 783 1972 couorum,
810 1889 865 1980 qui
892 1905 1005 1956 coram
1033 1883 1128 1956 altari
1154 1896 1231 1975 tuo,
1257 1884 1455 1958 sacerdotio
1482 1897 1516 1957 et
1540 1890 1721 1959 ministerio
1748 1886 1849 1958 barreti
1883 1899 1970 1977 sunt,

604 2023 679 2074 cum
705 2003 846 2097 puritate
872 2010 905 2072 et
931 2003 1118 2073 sanctitate:
1146 1999 1453 2088 subdiaconorum,
1479 2000 1674 2089 Lecturam,
1707 2001 1968 2094 Religiosomm,

604 2114 862 2205 Monachorum,
890 2126 923 2186 et
949 2119 1091 2187 omnium
1127 2139 1263 2204 eorum,
1292 2140 1376 2211 quos
1412 2122 1636 2212 unusquisque
1671 2123 1781 2192 animo
1815 2142 1875 2192 suo
1902 2120 1969 2191 de-

604 2234 726 2322 signat.
1025 2283 1028 2289 Α

709 2348 870 2440 Populea.
923 2348 1029 2445 llyrie
1057 2348 1195 2422 eleison.

707 2463 882 2537 Sacerdos
917 2465 1053 2535 ciconas
1085 2484 1210 2533 ccccm.
1269 2462 1405 2534 Placide
1443 2473 1477 2534 ct
1517 2464 1690 2559 tranquille
1730 2469 1863 2561 suscipe
1908 2489 1969 2562 per

603 2574 840 2669 benignitatem
867 2590 973 2667 tuam,
1001 2581 1163 2666 Domine,
1191 2581 1316 2650 animas
1343 2588 1376 2650 et
1403 2582 1536 2674 spiritus
1564 2602 1736 2653 servorum
1773 2592 1806 2653 et
1839 2581 1968 2654 adora-

603 2700 708 2764 torum
736 2706 882 2767 tuorum:
909 2700 964 2790 qui
991 2718 1037 2766 ex
1061 2693 1124 2764 hac
1149 2698 1318 2789 praesenti
1344 2698 1414 2765 vita
1441 2694 1482 2766 ad
1500 2705 1532 2766 te
1552 2699 1796 2787 migraverunt:
1823 2701 1969 2770 maxime

603 2829 689 2880 vero
714 2809 844 2884 illorum
870 2835 931 2906 pro
960 2809 1076 2905 quibus
1104 2820 1137 2881 et
1164 2822 1301 2905 propter
1328 2832 1412 2904 quos
1439 2810 1634 2882 sacrificium
1666 2812 1730 2884 boc
1763 2812 1908 2885 oblatum
1935 2823 1969 2886 et

501 2937 507 2949 “
603 2923 785 3019 perfectum
817 2939 878 3000 est.
940 2927 1107 2999 Memento
1141 2948 1274 3016 eorum,
1311 2928 1453 3020 quictem
1486 2926 1549 2997 illis
1582 2940 1737 3021 praesta,
1771 2940 1804 3000 et
1838 2929 1968 3004 colloca

604 3062 664 3114 cos
691 3046 724 3111 in
750 3031 943 3116 habitaculis
969 3042 1073 3129 lucis,
1101 3046 1134 3111 in
1167 3041 1250 3113 locis
1286 3045 1455 3136 spirituum
1490 3039 1682 3133 beatorum,
1716 3048 1749 3116 in
1779 3045 1968 3118 Jerusalem

603 3156 763 3247 coelesti,
790 3162 823 3229 in
849 3148 1001 3230 Ecclesia
1027 3160 1323 3252 primogenitorum
1350 3157 1589 3252 descriptorum
1615 3163 1649 3230 in
1676 3161 1801 3251 coela,
1833 3185 1966 3235 memo-

604 3275 752 3366 riamque
779 3285 812 3344 et
839 3276 981 3368 quietem
1009 3276 1152 3344 maxime
1179 3272 1328 3360 felicem,
1360 3295 1422 3367 per
1450 3296 1597 3345 amorem
1630 3284 1718 3346 tuum
1746 3299 1828 3368 erga
1854 3276 1966 3348 homi-

603 3409 664 3457 nes
690 3398 862 3483 praestans
889 3389 970 3478 illis,
997 3392 1155 3479 Domine,
1182 3389 1331 3460 concede
1357 3388 1419 3461 illis
1446 3392 1548 3492 vitam
1566 3392 1650 3461 senii
1665 3401 1849 3483 expertem,
1876 3390 1967 3465 bona

603 3522 670 3572 uon
697 3510 917 3594 transeuntia,
953 3515 987 3576 et
1021 3505 1157 3576 delicias
1191 3505 1288 3575 linem
1316 3527 1382 3575 non
1409 3504 1578 3579 habentes.
1631 3504 1770 3576 Veniam
1798 3505 1968 3579 obtineant

603 3639 666 3712 per
692 3620 897 3694 clementiam
924 3633 1027 3693 tuam:
1055 3624 1197 3714 quietem
1224 3631 1468 3715 consequantur
1493 3643 1554 3714 per
1579 3621 1837 3712 misericordiam
1865 3634 1967 3697 tuam:

604 3730 849 3809 abscondamur
872 3738 932 3809 sub
961 3736 1020 3808 alis
1040 3740 1168 3828 gratiae
1195 3745 1283 3824 tuae,
1310 3758 1418 3829 neque
1437 3735 1712 3808 condemnentur:
1739 3742 1814 3831 quia
1843 3763 1967 3835 spera-

603 3861 725 3921 verunt
749 3855 782 3924 in
809 3863 859 3938 te,
887 3864 921 3924 et
946 3857 979 3923 in
1005 3855 1205 3943 unigenitum
1231 3851 1349 3922 Filium
1376 3859 1486 3940 tuum,
1520 3874 1580 3946 per
1613 3875 1709 3946 quem
1744 3875 1807 3924 nos
1835 3877 1966 3949 quoque

605 3987 776 4060 speramus
802 3968 1063 4058 misericordiam
1090 3970 1266 4061 consequi,
1295 3975 1356 4036 etc.

707 4084 866 4175 Populus.
920 4087 1071 4171 Quietem
1098 4094 1242 4178 praesta.

705 4196 879 4269 Sacerdos
910 4200 1100 4269 inclinatae.
1152 4200 1280 4287 Parce,
1314 4198 1455 4269 Domine
1481 4198 1589 4286 Deus,
1624 4208 1657 4267 et
1691 4195 1814 4302 dimitte
1849 4222 1964 4271 omnes

601 4315 790 4409 iniquitates
818 4328 964 4405 nostras,-
990 4326 1023 4386 et
1049 4314 1195 4404 illorum,
1223 4337 1331 4409 neque
1358 4313 1431 4386 illas
1458 4315 1614 4408 imputes,
1652 4317 1818 4407 quianon
1843 4315 1965 4405 justib-

603 4438 697 4501 catur
721 4434 753 4502 in
781 4442 966 4526 conspectu
993 4442 1048 4502 tuo
1075 4430 1159 4502 ullus
1187 4434 1322 4515 vivens,
1350 4452 1457 4523 neque
1484 4428 1567 4500 ullus
1595 4440 1647 4500 est
1672 4452 1774 4524 purus
1802 4454 1822 4500 a
1849 4434 1964 4504 sordi-

600 4542 677 4634 bus,
704 4558 738 4617 et
763 4548 899 4619 maculis
926 4551 1068 4643 peccati,
1094 4550 1158 4616 nisi
1184 4556 1227 4631 tu,
1255 4546 1406 4618 Domine.
1436 4543 1660 4617 Obsecramus
1688 4556 1721 4617 et
1748 4546 1965 4641 deprecamur

602 4658 762 4756 abyssum
788 4662 1105 4759 imperscrutabilem
1133 4661 1327 4733 clementiae
1354 4672 1446 4748 tuae,
1479 4672 1514 4731 ut
1545 4661 1641 4732 nobis
1672 4662 1823 4749 infirmis,
1857 4675 1890 4735 et
1923 4664 1965 4735 ad

601 4787 774 4871 peccatum
801 4784 991 4874 propensis,
1017 4782 1149 4850 veniam
1178 4776 1345 4849 concedas
1372 4799 1432 4870 per
1453 4776 1713 4849 misericordiam
1731 4788 1829 4864 tuam,
1855 4802 1965 4871 noque

602 4886 744 4966 dimittas
771 4918 834 4969 nos
859 4898 893 4966 iu
920 4895 1071 4966 manibus
1099 4917 1118 4964 a
1146 4893 1263 4986 quibus
1292 4892 1490 4985 abripiamur
1508 4894 1539 4959 in
1561 4913 1710 4963 errorem
1731 4896 1962 4987 perniciosum,

603 5011 747 5103 quinos
774 5012 815 5083 ad
842 5015 1006 5083 interitum
1033 5009 1183 5080 deducat.
1210 5008 1279 5080 Sed
1306 5006 1455 5080 concede
1481 5018 1516 5078 ut
1542 5005 1731 5099 gradiamur
1748 5010 1780 5077 in
1797 5011 1860 5077 viis
1887 5010 1964 5094 tuis,

602 5132 637 5196 et
670 5125 830 5202 iaciamus
866 5128 1070 5199 voluntatem
1104 5135 1208 5213 tuam,
1250 5127 1522 5218 inveniamusque
1555 5121 1831 5209 misericordiam,
1867 5122 1965 5194 finem

602 5242 820 5337 nanquillum,
848 5242 1061 5335 fiduciamque
1088 5241 1145 5312 tibi
1171 5238 1368 5336 placentem,
1395 5249 1429 5311 et
1454 5241 1701 5313 consistentiam
1728 5237 1854 5334 absque
1874 5262 1963 5311 con-

599 5352 731 5430 fusione
759 5380 872 5432 coram
899 5358 985 5435 solio
1012 5355 1149 5430 terribili
1174 5358 1333 5449 unigeniti
1358 5356 1432 5429 Filii
1458 5361 1515 5447 tui,
1541 5360 1635 5426 utin
1662 5352 1736 5441 hoc,
1764 5359 1848 5426 sicut
1874 5365 1908 5427 et
1931 5358 1964 5425 in

1684 5472 1730 5545 31
1746 5471 1765 5505 ⁴
