5150 6534
595 804 669 880 316
1096 804 1457 880 birunain

696 990 857 1082 Populos.
910 990 1030 1062 Amen.

697 1105 872 1177 Sacerdos
903 1104 1094 1176 inalbentur.
1148 1103 1317 1176 Memento
1344 1106 1488 1176 Domine
1514 1103 1556 1176 ad
1571 1103 1676 1176 altare
1692 1114 1782 1176 tuum
1802 1103 1966 1195 coeleste,

590 1232 624 1292 et
651 1220 693 1292 ad
708 1220 788 1291 illud
809 1243 923 1292 coram
945 1241 1011 1312 quo
1035 1221 1263 1307 consistimus,
1291 1218 1526 1308 sacerdotum,
1552 1218 1791 1308 Diaconorum,
1820 1221 1965 1293 omnium

590 1359 722 1432 quoque
749 1338 802 1430 qui
831 1335 872 1407 ad
899 1338 1113 1407 ministerium
1141 1345 1229 1406 tuum
1257 1338 1384 1408 animas
1412 1355 1491 1405 suas
1514 1344 1814 1408 consecraverunt:
1840 1332 1965 1408 solita-
2043 1413 2045 1417 ,

589 1455 733 1534 riorum,
760 1450 1019 1540 monachorum,
1045 1462 1079 1523 et
1106 1452 1249 1522 omnium
1275 1448 1438 1536 fidelium,
1464 1453 1497 1519 iu
1526 1472 1664 1544 quorum
1690 1451 1849 1524 membris
1876 1447 1964 1522 abs-

591 1566 741 1638 conditus
776 1576 828 1636 est
860 1569 996 1657 sanguis
1029 1575 1122 1657 tum,
1149 1576 1303 1659 tanquam
1329 1568 1450 1660 pignus
1476 1567 1588 1654 vitae3
1614 1568 1776 1661 propitius
1811 1568 1964 1639 existens

590 1682 718 1753 delictis
745 1683 874 1754 illorum
902 1686 1103 1772 claustris,
1130 1685 1323 1777 animasque
1351 1703 1467 1754 eorum
1493 1689 1526 1752 et
1553 1682 1687 1776 spiritus
1721 1680 1894 1755 collocans
1929 1683 1964 1753 in

589 1796 784 1869 habitaculis
811 1797 894 1869 lucis
922 1808 956 1870 et
982 1802 1110 1893 quietis.

693 1913 854 2004 Populus.
906 1912 1011 2008 nque
1038 1912 1177 1985 eleison.

693 2026 868 2099 Sacerdos
895 2029 1032 2098 alconus
1058 2050 1184 2101 nocem.
1237 2028 1310 2099 Fac
1336 2028 1479 2099 Domine
1506 2029 1686 2122 pervenire
1719 2047 1841 2098 servos
1874 2033 1962 2114 tuos,

591 2147 644 2236 qui
673 2140 900 2214 decubuerunt
926 2166 999 2214 cum
1027 2165 1088 2239 spe
1115 2155 1170 2216 tua
1197 2141 1339 2230 iulide,
1376 2142 1418 2214 ad
1444 2141 1533 2213 bona
1565 2140 1622 2213 illa
1657 2139 1839 2226 coelestia,
1872 2137 1962 2210 deli-

589 2263 727 2352 ciasque
753 2257 994 2330 indeficientes:
1022 2271 1056 2330 ct
1082 2259 1204 2352 gaudia
1230 2257 1285 2329 illa
1313 2256 1565 2344 indefectibilis,
1599 2268 1632 2329 et
1658 2256 1848 2352 voluptates
1876 2277 1963 2350 quae

589 2396 655 2445 non
682 2382 838 2468 pereunt:
867 2372 909 2444 ad
935 2386 1064 2469 portum
1093 2378 1218 2469 inquo
1255 2375 1492 2468 conquiescunt
1524 2371 1652 2465 fatigati
1687 2384 1722 2443 et
1750 2374 1883 2464 jactati:
1919 2370 1961 2444 ad

590 2491 780 2562 convivium
807 2488 904 2578 illud,
931 2492 964 2559 in
993 2512 1058 2582 quo
1086 2489 1235 2561 exultant
1260 2490 1428 2583 Martyres
1456 2499 1490 2559 et
1517 2487 1763 2577 Confessores‚
1795 2509 1961 2560 coenam-

590 2629 653 2700 que
681 2615 913 2698 praeparatam
938 2604 1048 2677 beatis
1075 2606 1244 2677 omnibus:
1270 2626 1496 2700 praeservans
1524 2626 1585 2677 eos
1613 2603 1655 2676 ab
1683 2606 1782 2695 igue,
1813 2601 1962 2675 tenebris

590 2730 624 2791 et
650 2742 766 2790 verme
794 2723 848 2812 qui
876 2743 941 2791 uon
969 2723 1124 2809 moritur,
1152 2719 1362 2814 quianullus
1390 2731 1442 2792 ast
1472 2720 1556 2793 liber
1590 2745 1610 2792 a
1642 2722 1792 2817 peccatis
1827 2730 1862 2790 et
1894 2719 1961 2792 de·

588 2835 673 2906 lictis
701 2838 786 2905 inter
820 2858 936 2907 omnes
969 2836 1136 2923 homines,
1170 2839 1233 2908 nisi
1268 2858 1352 2908 unus
1387 2838 1549 2909 Dominus
1583 2847 1616 2907 et
1649 2835 1807 2907 Salvator
1844 2845 1962 2907 noster

589 2951 688 3022 lesus
717 2949 866 3023 Christus
894 2954 1081 3042 unigenitus
1109 2951 1193 3022 iilius
1221 2960 1313 3039 tuus,
1341 2975 1402 3048 per
1430 2974 1527 3047 quem
1559 2972 1622 3023 nos
1656 2972 1787 3045 quoque
1822 2952 1959 3023 miseri-

590 3067 737 3136 cordiam
766 3070 927 3159 consequi
955 3088 1143 3160 speramuS,
1171 3077 1234 3137 etc.

692 3180 853 3272 Populea.
909 3181 1060 3266 Quietem
1087 3192 1233 3276 praesta.

693 3293 877 3367 Sacerdos.
930 3297 1038 3367 Parce
1064 3297 1188 3396 populo
1216 3304 1272 3368 tuo
1299 3295 1386 3367 fideli
1413 3294 1574 3367 Domine:
1602 3306 1807 3390 peccataque
1833 3304 1867 3365 et
1894 3292 1961 3365 de-

586 3410 664 3483 licta
692 3434 807 3482 eorum
835 3434 902 3483 non
928 3413 1119 3484 recorderis
1147 3417 1215 3500 eis3
1242 3435 1352 3506 neque
1378 3409 1629 3483 manifestentur
1662 3409 1813 3482 maculae
1844 3432 1961 3482 eurum

588 3550 607 3595 a
631 3530 757 3619 justitia
784 3538 859 3616 tua,
886 3526 942 3599 illo
970 3528 1024 3599 dic
1052 3551 1117 3621 quo
1141 3526 1348 3621 judicaturus
1376 3549 1413 3597 es
1442 3549 1556 3599 omues
1583 3527 1820 3618 generationes
1846 3525 1961 3598 bomi-

587 3663 682 3728 num,
711 3651 744 3712 et
770 3652 984 3738 separaturus
1011 3642 1119 3713 malos
1147 3666 1166 3714 a
1194 3640 1301 3715 bonis.
1356 3642 1482 3712 Verum
1509 3641 1665 3737 expande
1686 3662 1863 3737 supernos
1890 3640 1961 3712 alas

587 3759 717 3846 gratiae
753 3767 849 3848 tuae,
882 3770 917 3831 ut
947 3757 1125 3829 liberemur
1159 3781 1179 3828 a
1214 3759 1310 3829 minis
1346 3767 1380 3827 et
1414 3755 1694 3852 increpationibus
1730 3779 1818 3850 quae
1851 3759 1960 3852 impiis

587 3883 809 3965 praeparatae
841 3883 933 3961 sunt,
960 3895 1213 3968 mereamurque
1239 3873 1357 3964 egredi
1383 3895 1485 3967 super
1510 3873 1617 3944 nubes
1642 3871 1739 3945 leves
1772 3875 1805 3943 in
1833 3894 1981 3944 occur--

587 4008 659 4057 sum
689 3997 797 4060 tuum:
834 3998 968 4061 etcum
997 3991 1142 4062 invitatis
1175 3991 1237 4060 tuis
1272 3992 1305 4059 in
1340 3986 1484 4059 thalamo
1516 3999 1572 4058 tuo
1604 3986 1765 4081 spirituali
1797 3984 1961 4059 laetemur

550 4191 551 4194 Ἴ
586 4104 786 4196 visioneque
813 4112 867 4175 tua
903 4104 1014 4175 divina
1050 4114 1231 4199 perpetuo,
1268 4126 1343 4174 cum
1375 4102 1498 4195 gaudio
1534 4102 1760 4198 perfruamur:
1793 4111 1894 4196 atque
1926 4103 1961 4172 in

586 4216 651 4289 boc
680 4220 765 4289 sicut
789 4221 823 4289 in
851 4217 1002 4291 omnibus
1029 4218 1244 4310 glorificetur,
1270 4217 1438 4305 laudetur,
1466 4228 1500 4289 et
1518 4217 1705 4291 celebretur
1719 4239 1842 4291 nomen
1859 4228 1961 4305 tuum,

586 4329 908 4404 honorabilissimum
936 4343 970 4404 et
984 4334 1206 4424 benedictum,
1233 4332 1395 4428 simulque
1412 4334 1545 4406 Domini
1570 4336 1696 4423 nostri,
1726 4333 1809 4405 lesu
1834 4328 1960 4404 Cbristi

587 4454 620 4515 et
647 4446 789 4540 Spiritus
817 4449 862 4515 tui
889 4452 1003 4519 sancti.

690 4560 851 4652 Populus.
904 4562 1006 4635 Sicut.

689 4673 874 4749 Sacerdos.
927 4678 1012 4749 Pax.

688 4789 850 4881 Ropnlns.
902 4789 946 4863 Et
974 4817 1046 4865 cum
1074 4794 1198 4890 Spiritu
1225 4802 1293 4865 tuo.

691 4903 874 4976 Scrcerdor.
928 4907 1180 4982 Misericordiae
1205 4909 1269 4981 Dei
1297 4911 1378 5002 siut,
1404 4918 1468 4980 etc.

688 5020 850 5112 Populus.
904 5021 947 5092 m
975 5047 1048 5095 cum
1076 5024 1200 5120 Spiritu
1227 5035 1294 5097 tuo.

688 5134 867 5206 Diaconos
894 5138 978 5208 dicit
1005 5138 1226 5213 Galbulicnm.
1253 5207 1258 5211 .
